{"id":"020101-020101","dt":"2025-12-15","p":[{"id":3,"n":"Haricots verts Notre Jardin Très fins - 220g","p":0.86,"u":"3,91 €/KG","img":"https://fd13-photos.leclercdrive.fr/image.ashx?id=1993164&use=l&cat=p&typeid=i","cat":312606},{"id":4,"n":"Haricots verts Notre Jardin Très fins - 440g","p":1.15,"u":"2,61 €/KG","img":"https://fd13-photos.leclercdrive.fr/image.ashx?id=2050615&use=l&cat=p&typeid=i","cat":312606},{"id":5,"n":"Haricots verts Notre Jardin Extra fins - 440g","p":1.2,"u":"2,73 €/KG","img":"https://fd13-photos.leclercdrive.fr/image.ashx?id=2291393&use=l&cat=p&typeid=i","cat":312606},{"id":6,"n":"Haricots verts Notre Jardin Extra fins - 220g","p":0.88,"u":"4,00 €/KG","img":"https://fd13-photos.leclercdrive.fr/image.ashx?id=1993167&use=l&cat=p&typeid=i","cat":312606},{"id":7,"n":"Haricots beurre Notre Jardin Très fins - 220g","p":1.11,"u":"5,05 €/KG","img":"https://fd13-photos.leclercdrive.fr/image.ashx?id=2988027&use=l&cat=p&typeid=i","cat":312606},{"id":8,"n":"Haricots beurre Notre Jardin Très fins - 440g","p":1.55,"u":"3,52 €/KG","img":"https://fd13-photos.leclercdrive.fr/image.ashx?id=2988030&use=l&cat=p&typeid=i","cat":312606},{"id":9,"n":"Petits pois Notre Jardin A l'étuvée - Extra fins - 280g","p":0.9,"u":"3,21 €/KG","img":"https://fd13-photos.leclercdrive.fr/image.ashx?id=2375947&use=l&cat=p&typeid=i","cat":312607},{"id":10,"n":"Petits pois Notre Jardin A l'étuvée - Très fins - 280g","p":0.89,"u":"3,18 €/KG","img":"https://fd13-photos.leclercdrive.fr/image.ashx?id=2375950&use=l&cat=p&typeid=i","cat":312607},{"id":11,"n":"Petits pois carottes  Notre Jardin -Extra fins - 530g","p":1.22,"u":"2,30 €/KG","img":"https://fd13-photos.leclercdrive.fr/image.ashx?id=2987961&use=l&cat=p&typeid=i","cat":312607},{"id":12,"n":"Petits pois carottes extra-fins Notre Jardin à l'étuvée 260g","p":0.99,"u":"3,74 €/KG","img":"https://fd13-photos.leclercdrive.fr/image.ashx?id=2987964&use=l&cat=p&typeid=i","cat":312607},{"id":13,"n":"Petits pois carottes Très fins Notre Jardin -A l'étuvée -530g","p":1.33,"u":"2,51 €/KG","img":"https://fd13-photos.leclercdrive.fr/image.ashx?id=2698156&use=l&cat=p&typeid=i","cat":312607},{"id":14,"n":"Carottes Notre Jardin Extra-fines - 265g","p":0.85,"u":"3,21 €/KG","img":"https://fd13-photos.leclercdrive.fr/image.ashx?id=2399150&use=l&cat=p&typeid=i","cat":312607},{"id":15,"n":"Champignons Paris Notre Jardin Entiers - 230g","p":1.47,"u":"6,39 €/KG","img":"https://fd13-photos.leclercdrive.fr/image.ashx?id=2553890&use=l&cat=p&typeid=i","cat":312610},{"id":16,"n":"Champignons Paris Notre Jardin Pieds et morceaux - 230g","p":1.49,"u":"6,48 €/KG","img":"https://fd13-photos.leclercdrive.fr/image.ashx?id=2553896&use=l&cat=p&typeid=i","cat":312610},{"id":17,"n":"Champignons Paris Notre Jardin Emincés - 230g","p":1.07,"u":"4,65 €/KG","img":"https://fd13-photos.leclercdrive.fr/image.ashx?id=2551960&use=l&cat=p&typeid=i","cat":312610},{"id":19,"n":"Flageolets verts Notre Jardin Extra fins - 265g","p":0.99,"u":"3,74 €/KG","img":"https://fd13-photos.leclercdrive.fr/image.ashx?id=1993161&use=l&cat=p&typeid=i","cat":312606},{"id":20,"n":"Macédoine légumes Notre Jardin 265g","p":0.71,"u":"2,68 €/KG","img":"https://fd13-photos.leclercdrive.fr/image.ashx?id=2050600&use=l&cat=p&typeid=i","cat":312612},{"id":21,"n":"Macédoine légumes Notre Jardin - 530g","p":1.23,"u":"2,32 €/KG","img":"https://fd13-photos.leclercdrive.fr/image.ashx?id=2526276&use=l&cat=p&typeid=i","cat":312612},{"id":22,"n":"Garniture de 4 légumes  Notre Jardin - 510g","p":1.74,"u":"3,41 €/KG","img":"https://fd13-photos.leclercdrive.fr/image.ashx?id=2526279&use=l&cat=p&typeid=i","cat":312612},{"id":26,"n":"Pois chiches Notre Jardin 265g","p":0.75,"u":"2,83 €/KG","img":"https://fd13-photos.leclercdrive.fr/image.ashx?id=2988009&use=l&cat=p&typeid=i","cat":312609},{"id":27,"n":"Lentilles préparées Notre  Jardin - 265g","p":0.67,"u":"2,53 €/KG","img":"https://fd13-photos.leclercdrive.fr/image.ashx?id=2987985&use=l&cat=p&typeid=i","cat":312609},{"id":28,"n":"Lentilles Préparées Notre  Jardin - 530g","p":1.15,"u":"2,17 €/KG","img":"https://fd13-photos.leclercdrive.fr/image.ashx?id=2987982&use=l&cat=p&typeid=i","cat":312609},{"id":29,"n":"Haricots rouges Notre Jardin 250g","p":0.84,"u":"3,36 €/KG","img":"https://fd13-photos.leclercdrive.fr/image.ashx?id=2988024&use=l&cat=p&typeid=i","cat":312606},{"id":30,"n":"Pommes de terre Notre Jardin 530g","p":1.29,"u":"2,43 €/KG","img":"https://fd13-photos.leclercdrive.fr/image.ashx?id=2696250&use=l&cat=p&typeid=i","cat":312612},{"id":32,"n":"Coeurs de céleri Notre Jardin - 500g PNE","p":2.99,"u":"5,64 €/KG","img":"https://fd13-photos.leclercdrive.fr/image.ashx?id=2483602&use=l&cat=p&typeid=i","cat":312612},{"id":34,"n":"Garniture de céleris Notre Jardin - 500g","p":1.89,"u":"3,78 €/KG","img":"https://fd13-photos.leclercdrive.fr/image.ashx?id=2526282&use=l&cat=p&typeid=i","cat":312612},{"id":36,"n":"Epinards hâchés Notre Jardin 795g","p":1.65,"u":"2,08 €/KG","img":"https://fd13-photos.leclercdrive.fr/image.ashx?id=2050606&use=l&cat=p&typeid=i","cat":312612},{"id":37,"n":"Epinards hâchés Notre Jardin 395g","p":1.09,"u":"2,76 €/KG","img":"https://fd13-photos.leclercdrive.fr/image.ashx?id=1993152&use=l&cat=p&typeid=i","cat":312612},{"id":38,"n":"Epinards branches  Notre Jardin 265g","p":1.15,"u":"4,34 €/KG","img":"https://fd13-photos.leclercdrive.fr/image.ashx?id=1993155&use=l&cat=p&typeid=i","cat":312612},{"id":39,"n":"Epinards branches Notre Jardin 530g","p":1.69,"u":"3,19 €/KG","img":"https://fd13-photos.leclercdrive.fr/image.ashx?id=2913651&use=l&cat=p&typeid=i","cat":312612},{"id":40,"n":"Coeurs de palmiers Notre Jardin Extra tendres - 500g","p":3.85,"u":"7,70 €/KG","img":"https://fd13-photos.leclercdrive.fr/image.ashx?id=1950156&use=l&cat=p&typeid=i","cat":312611},{"id":41,"n":"Choux Bruxelles Notre Jardin 530g","p":1.95,"u":"3,68 €/KG","img":"https://fd13-photos.leclercdrive.fr/image.ashx?id=2072428&use=l&cat=p&typeid=i","cat":312612},{"id":42,"n":"Haricots Mungo Notre Jardin 180g","p":1.0,"u":"5,56 €/KG","img":"https://fd13-photos.leclercdrive.fr/image.ashx?id=2072431&use=l&cat=p&typeid=i","cat":312611},{"id":43,"n":"Asperges blanches miniatures Notre Jardin - 110g","p":1.55,"u":"14,09 €/KG","img":"https://fd13-photos.leclercdrive.fr/image.ashx?id=2049019&use=l&cat=p&typeid=i","cat":312611},{"id":44,"n":"Maïs Notre Jardin Tendre - 285g","p":0.96,"u":"3,37 €/KG","img":"https://fd13-photos.leclercdrive.fr/image.ashx?id=3005658&use=l&cat=p&typeid=i","cat":312611},{"id":50,"n":"Miettes de thon Pêche Océan Huile de tournesol - 160g","p":1.7,"u":"10,63 €/KG","img":"https://fd13-photos.leclercdrive.fr/image.ashx?id=2941369&use=l&cat=p&typeid=i","cat":303867},{"id":51,"n":"Miettes de thon Pêche Océan Tomate - 160g","p":1.13,"u":"7,06 €/KG","img":"https://fd13-photos.leclercdrive.fr/image.ashx?id=2941378&use=l&cat=p&typeid=i","cat":303867},{"id":52,"n":"Miettes de thon Pêche Océan Tomate - 3x80g","p":1.56,"u":"6,50 €/KG","img":"https://fd13-photos.leclercdrive.fr/image.ashx?id=2941363&use=l&cat=p&typeid=i","cat":303867},{"id":66,"n":"Terrine de campagne Côté Table Cèpes - 180g","p":1.55,"u":"8,61 €/KG","img":"https://fd13-photos.leclercdrive.fr/image.ashx?id=2519414&use=l&cat=p&typeid=i","cat":305149},{"id":67,"n":"Terrine de canard Côté Table 180g","p":1.55,"u":"8,61 €/KG","img":"https://fd13-photos.leclercdrive.fr/image.ashx?id=1878807&use=l&cat=p&typeid=i","cat":305149},{"id":68,"n":"Cassoulet Côté Table Saucisses et saucissons - 420g","p":1.15,"u":"2,74 €/KG","img":"https://fd13-photos.leclercdrive.fr/image.ashx?id=2977099&use=l&cat=p&typeid=i","cat":284440},{"id":72,"n":"Lentilles cuisinées Raynal Et Roquelaure - 820g","p":2.03,"u":"2,48 €/KG","img":"https://fd13-photos.leclercdrive.fr/image.ashx?id=2928393&use=l&cat=p&typeid=i","cat":312609},{"id":74,"n":"Choucroute Côté Table garnie 800g","p":2.69,"u":"3,36 €/KG","img":"https://fd13-photos.leclercdrive.fr/image.ashx?id=1847409&use=l&cat=p&typeid=i","cat":284441},{"id":75,"n":"Choucroute Côté Table garnie 400g","p":1.75,"u":"4,38 €/KG","img":"https://fd13-photos.leclercdrive.fr/image.ashx?id=1993170&use=l&cat=p&typeid=i","cat":284441},{"id":76,"n":"Gratin dauphinois Côté Table 850g","p":1.67,"u":"1,96 €/KG","img":"https://fd13-photos.leclercdrive.fr/image.ashx?id=2977117&use=l&cat=p&typeid=i","cat":284441},{"id":79,"n":"Saucisses lentilles Côté Table 420g","p":1.15,"u":"2,74 €/KG","img":"https://fd13-photos.leclercdrive.fr/image.ashx?id=2977105&use=l&cat=p&typeid=i","cat":284441},{"id":92,"n":"Chips Pom'lisse Nature - 6x30g","p":1.37,"u":"7,61 €/KG","img":"https://fd13-photos.leclercdrive.fr/image.ashx?id=2917317&use=l&cat=p&typeid=i","cat":284447},{"id":97,"n":"Pétales salées Tokapi Soufflés - 75g","p":0.69,"u":"9,20 €/KG","img":"https://fd13-photos.leclercdrive.fr/image.ashx?id=2751874&use=l&cat=p&typeid=i","cat":284449},{"id":104,"n":"Mélange Grillé et salé Tokapi Cacahuètes et noisettes - 120g","p":1.46,"u":"12,17 €/KG","img":"https://fd13-photos.leclercdrive.fr/image.ashx?id=2794100&use=l&cat=p&typeid=i","cat":284448},{"id":105,"n":"Cacahuètes grillées Tokapi Salées - 250g","p":0.85,"u":"3,40 €/KG","img":"https://fd13-photos.leclercdrive.fr/image.ashx?id=2795529&use=l&cat=p&typeid=i","cat":284448},{"id":108,"n":"Noix de cajou grillées Tokapi Salées - 400g","p":4.78,"u":"11,95 €/KG","img":"https://fd13-photos.leclercdrive.fr/image.ashx?id=2793985&use=l&cat=p&typeid=i","cat":284448},{"id":113,"n":"Crackers Tuc Nature Original - 100g","p":0.55,"u":"5,50 €/KG","img":"https://fd13-photos.leclercdrive.fr/image.ashx?id=3002195&use=l&cat=p&typeid=i","cat":297000},{"id":117,"n":"Huile Isio 4 Lesieur 1L","p":3.42,"u":"3,42 €/L","img":"https://fd13-photos.leclercdrive.fr/image.ashx?id=2916018&use=l&cat=p&typeid=i","cat":284453},{"id":118,"n":"Huile d'olive Puget 1L","p":11.48,"u":"11,48 €/L","img":"https://fd13-photos.leclercdrive.fr/image.ashx?id=2917750&use=l&cat=p&typeid=i","cat":284453},{"id":121,"n":"Huile Fleur de colza Lesieur  1L","p":2.77,"u":"2,77 €/L","img":"https://fd13-photos.leclercdrive.fr/image.ashx?id=2916848&use=l&cat=p&typeid=i","cat":284453},{"id":122,"n":"Huile de friture Rustica Sans odeur - 2L","p":4.45,"u":"2,23 €/L","img":"https://fd13-photos.leclercdrive.fr/image.ashx?id=2916662&use=l&cat=p&typeid=i","cat":284453},{"id":123,"n":"Huile végétale  Rustica Mélange 4 huiles  - 1L","p":2.65,"u":"2,65 €/L","img":"https://fd13-photos.leclercdrive.fr/image.ashx?id=2538134&use=l&cat=p&typeid=i","cat":284453},{"id":125,"n":"Huile de tournesol Rustica  1L","p":1.99,"u":"1,99 €/L","img":"https://fd13-photos.leclercdrive.fr/image.ashx?id=2900319&use=l&cat=p&typeid=i","cat":284453},{"id":126,"n":"Huile de tournesol Rustica 3L","p":5.89,"u":"1,96 €/L","img":"https://fd13-photos.leclercdrive.fr/image.ashx?id=2900322&use=l&cat=p&typeid=i","cat":284453},{"id":127,"n":"Huile de colza Rustica  1L","p":1.76,"u":"1,76 €/L","img":"https://fd13-photos.leclercdrive.fr/image.ashx?id=2500797&use=l&cat=p&typeid=i","cat":284453},{"id":128,"n":"Vinaigre de vin Rustica 75cl","p":0.99,"u":"1,32 €/L","img":"https://fd13-photos.leclercdrive.fr/image.ashx?id=1061150&use=l&cat=p&typeid=i","cat":298543},{"id":129,"n":"Vinaigre de cidre Rustica  75cl","p":0.87,"u":"1,16 €/L","img":"https://fd13-photos.leclercdrive.fr/image.ashx?id=2657190&use=l&cat=p&typeid=i","cat":298543},{"id":130,"n":"Vinaigrette Rustica  Moutarde - 50cl","p":0.89,"u":"1,78 €/L","img":"https://fd13-photos.leclercdrive.fr/image.ashx?id=1950144&use=l&cat=p&typeid=i","cat":284456},{"id":131,"n":"Jus de citron Rustica Sicile - 2x125ml - 250ml","p":1.08,"u":"4,32 €/L","img":"https://fd13-photos.leclercdrive.fr/image.ashx?id=794011&use=l&cat=p&typeid=i","cat":288383},{"id":137,"n":"Gros sel de Camargue NRT Sachet -1kg","p":1.2,"u":"1,20 €/KG","img":"https://fd13-photos.leclercdrive.fr/image.ashx?id=2644903&use=l&cat=p&typeid=i","cat":284457},{"id":138,"n":"Sel fin de Guérande IGP NRT 250g","p":1.35,"u":"5,40 €/KG","img":"https://fd13-photos.leclercdrive.fr/image.ashx?id=2644900&use=l&cat=p&typeid=i","cat":284457},{"id":147,"n":"Olives vertes Rustica  Dénoyautées - 160g","p":0.92,"u":"5,75 €/KG","img":"https://fd13-photos.leclercdrive.fr/image.ashx?id=2499070&use=l&cat=p&typeid=i","cat":284458},{"id":156,"n":"Moutarde de Dijon Rustica  Fine et forte Verre whisky-280g","p":1.94,"u":"6,93 €/KG","img":"https://fd13-photos.leclercdrive.fr/image.ashx?id=2954337&use=l&cat=p&typeid=i","cat":288850},{"id":157,"n":"Moutarde de Dijon AMORA Fine & Forte - 265g","p":1.55,"u":"5,85 €/KG","img":"https://fd13-photos.leclercdrive.fr/image.ashx?id=3004870&use=l&cat=p&typeid=i","cat":288850},{"id":160,"n":"Mayonnaise Lesieur Huile de colza - 175g","p":0.78,"u":"4,46 €/KG","img":"https://fd13-photos.leclercdrive.fr/image.ashx?id=2917702&use=l&cat=p&typeid=i","cat":298295},{"id":169,"n":"Sauce Pesto Panzani Basilic - 200g","p":1.64,"u":"8,20 €/KG","img":"https://fd13-photos.leclercdrive.fr/image.ashx?id=2989093&use=l&cat=p&typeid=i","cat":287599},{"id":172,"n":"Purée de tomates Turini 720ml","p":1.26,"u":"1,75 €/L","img":"https://fd13-photos.leclercdrive.fr/image.ashx?id=2680539&use=l&cat=p&typeid=i","cat":288384},{"id":173,"n":"Pulpe de tomate Notre Jardin En dés - 3x383g","p":2.06,"u":"1,81 €/KG","img":"https://fd13-photos.leclercdrive.fr/image.ashx?id=2826918&use=l&cat=p&typeid=i","cat":288384},{"id":174,"n":"Tomates pelées Notre Jardin Entières - 476g","p":1.4,"u":"2,94 €/KG","img":"https://fd13-photos.leclercdrive.fr/image.ashx?id=2189999&use=l&cat=p&typeid=i","cat":312608},{"id":175,"n":"Sauce bolognaise Turini 420g","p":1.45,"u":"3,45 €/KG","img":"https://fd13-photos.leclercdrive.fr/image.ashx?id=2634860&use=l&cat=p&typeid=i","cat":287599},{"id":177,"n":"Sauce Tomate Turini 2x190g","p":1.39,"u":"3,66 €/KG","img":"https://fd13-photos.leclercdrive.fr/image.ashx?id=2668117&use=l&cat=p&typeid=i","cat":288384},{"id":178,"n":"Sauce Napolitaine Turini 420g","p":0.88,"u":"2,10 €/KG","img":"https://fd13-photos.leclercdrive.fr/image.ashx?id=2441893&use=l&cat=p&typeid=i","cat":287599},{"id":185,"n":"Pâtes Barilla Pipe Rigate - 500g","p":1.03,"u":"2,06 €/KG","img":"https://fd13-photos.leclercdrive.fr/image.ashx?id=2392209&use=l&cat=p&typeid=i","cat":284427},{"id":186,"n":"Pâtes Barilla Penne rigate - 500g","p":1.01,"u":"2,02 €/KG","img":"https://fd13-photos.leclercdrive.fr/image.ashx?id=2392203&use=l&cat=p&typeid=i","cat":284427},{"id":187,"n":"Pâtes Barilla Fusilli - 500g","p":1.02,"u":"2,04 €/KG","img":"https://fd13-photos.leclercdrive.fr/image.ashx?id=2392212&use=l&cat=p&typeid=i","cat":284427},{"id":190,"n":"Pâtes Barilla piccolini Mini penne rigate - 500g","p":1.15,"u":"2,30 €/KG","img":"https://fd13-photos.leclercdrive.fr/image.ashx?id=2737588&use=l&cat=p&typeid=i","cat":284427},{"id":191,"n":"Pâtes Collezione Barilla Lasagne aux œufs - 500g","p":2.0,"u":"4,00 €/KG","img":"https://fd13-photos.leclercdrive.fr/image.ashx?id=2990997&use=l&cat=p&typeid=i","cat":284427},{"id":192,"n":"Pâtes Barilla Penne rigate - 1kg","p":1.88,"u":"1,88 €/KG","img":"https://fd13-photos.leclercdrive.fr/image.ashx?id=2392191&use=l&cat=p&typeid=i","cat":284427},{"id":193,"n":"Pâtes vermicelles Panzani  500g","p":1.23,"u":"2,46 €/KG","img":"https://fd13-photos.leclercdrive.fr/image.ashx?id=2896072&use=l&cat=p&typeid=i","cat":284427},{"id":194,"n":"Pâtes Coquillettes Panzani 500g","p":0.91,"u":"1,82 €/KG","img":"https://fd13-photos.leclercdrive.fr/image.ashx?id=2870200&use=l&cat=p&typeid=i","cat":284427},{"id":195,"n":"Pâtes macaroni Panzani 500g","p":0.97,"u":"1,94 €/KG","img":"https://fd13-photos.leclercdrive.fr/image.ashx?id=2884297&use=l&cat=p&typeid=i","cat":284427},{"id":196,"n":"Pâtes nouilles fines Panzani 500g","p":1.14,"u":"2,28 €/KG","img":"https://fd13-photos.leclercdrive.fr/image.ashx?id=2876005&use=l&cat=p&typeid=i","cat":284427},{"id":197,"n":"Pâtes Torti Panzani 500g","p":0.77,"u":"1,54 €/KG","img":"https://fd13-photos.leclercdrive.fr/image.ashx?id=2869552&use=l&cat=p&typeid=i","cat":284427},{"id":198,"n":"Pâtes Spaghetti Panzani 500g","p":0.89,"u":"1,78 €/KG","img":"https://fd13-photos.leclercdrive.fr/image.ashx?id=2876023&use=l&cat=p&typeid=i","cat":284427},{"id":199,"n":"Pâtes Tagliatelle Panzani Créatives - 500G","p":1.54,"u":"3,08 €/KG","img":"https://fd13-photos.leclercdrive.fr/image.ashx?id=2902936&use=l&cat=p&typeid=i","cat":284427},{"id":200,"n":"Pâtes lasagnes Turini  500g","p":1.29,"u":"2,58 €/KG","img":"https://fd13-photos.leclercdrive.fr/image.ashx?id=2980779&use=l&cat=p&typeid=i","cat":284427},{"id":201,"n":"Pâtes Etoiles Turini 500g","p":1.05,"u":"2,10 €/KG","img":"https://fd13-photos.leclercdrive.fr/image.ashx?id=2744222&use=l&cat=p&typeid=i","cat":284427},{"id":202,"n":"Pâtes Nouilles Turini 500g","p":0.75,"u":"1,50 €/KG","img":"https://fd13-photos.leclercdrive.fr/image.ashx?id=2980462&use=l&cat=p&typeid=i","cat":284427},{"id":203,"n":"Pâtes Torsades Turini 500g","p":0.65,"u":"1,30 €/KG","img":"https://fd13-photos.leclercdrive.fr/image.ashx?id=2980423&use=l&cat=p&typeid=i","cat":284427},{"id":204,"n":"Pâtes Coquillettes Turini 500g","p":0.75,"u":"1,50 €/KG","img":"https://fd13-photos.leclercdrive.fr/image.ashx?id=2980405&use=l&cat=p&typeid=i","cat":284427},{"id":205,"n":"Pâtes Macaroni Turini 500g","p":0.75,"u":"1,50 €/KG","img":"https://fd13-photos.leclercdrive.fr/image.ashx?id=2980414&use=l&cat=p&typeid=i","cat":284427},{"id":206,"n":"Spaghetti Turini 500g","p":0.69,"u":"1,38 €/KG","img":"https://fd13-photos.leclercdrive.fr/image.ashx?id=2980396&use=l&cat=p&typeid=i","cat":284427},{"id":208,"n":"Pâtes gansettes Turini 500g","p":0.98,"u":"1,96 €/KG","img":"https://fd13-photos.leclercdrive.fr/image.ashx?id=2607422&use=l&cat=p&typeid=i","cat":284427},{"id":210,"n":"Pâtes cheveux d'anges Turini 500g","p":0.85,"u":"1,70 €/KG","img":"https://fd13-photos.leclercdrive.fr/image.ashx?id=2980785&use=l&cat=p&typeid=i","cat":284427},{"id":211,"n":"Pâtes Tagliatelles Turini 500g","p":1.29,"u":"2,58 €/KG","img":"https://fd13-photos.leclercdrive.fr/image.ashx?id=2669693&use=l&cat=p&typeid=i","cat":284427},{"id":217,"n":"Riz Thaï Comptoir du Grain Sélection Riz long - 1kg","p":2.2,"u":"2,20 €/KG","img":"https://fd13-photos.leclercdrive.fr/image.ashx?id=2657084&use=l&cat=p&typeid=i","cat":284428},{"id":218,"n":"Riz Basmati Comptoir du Grain Sélection Riz long - 1kg","p":2.55,"u":"2,55 €/KG","img":"https://fd13-photos.leclercdrive.fr/image.ashx?id=552079&use=l&cat=p&typeid=i","cat":284428},{"id":219,"n":"Riz long Comptoir du Grain Sachet cuisson rapide x5 - 1kg","p":1.74,"u":"1,74 €/KG","img":"https://fd13-photos.leclercdrive.fr/image.ashx?id=1759876&use=l&cat=p&typeid=i","cat":284428},{"id":220,"n":"Couscous moyen Regia 1kg","p":2.3,"u":"2,30 €/KG","img":"https://fd13-photos.leclercdrive.fr/image.ashx?id=2874856&use=l&cat=p&typeid=i","cat":284429},{"id":221,"n":"Couscous Ferrero fin Graine nature - 1kg","p":2.84,"u":"2,84 €/KG","img":"https://fd13-photos.leclercdrive.fr/image.ashx?id=2862215&use=l&cat=p&typeid=i","cat":284429},{"id":224,"n":"Purée pomme de terre Pom'lisse Nature - 4x125g - 500g","p":1.85,"u":"3,70 €/KG","img":"https://fd13-photos.leclercdrive.fr/image.ashx?id=2929861&use=l&cat=p&typeid=i","cat":284431},{"id":225,"n":"Couscous Comptoir du Grain Grain moyen - 1kg","p":1.44,"u":"1,44 €/KG","img":"https://fd13-photos.leclercdrive.fr/image.ashx?id=3012797&use=l&cat=p&typeid=i","cat":284429},{"id":229,"n":"Blé précuit Comptoir du Grain Cuisson rapide 10 min - 500g","p":1.54,"u":"3,08 €/KG","img":"https://fd13-photos.leclercdrive.fr/image.ashx?id=1986243&use=l&cat=p&typeid=i","cat":284429},{"id":230,"n":"Pois cassés Notre Jardin 500g","p":1.05,"u":"2,10 €/KG","img":"https://fd13-photos.leclercdrive.fr/image.ashx?id=2983772&use=l&cat=p&typeid=i","cat":284430},{"id":231,"n":"Lentilles vertes Notre Jardin 500g","p":1.63,"u":"3,26 €/KG","img":"https://fd13-photos.leclercdrive.fr/image.ashx?id=2055651&use=l&cat=p&typeid=i","cat":284430},{"id":238,"n":"Soupe Velouté Régal Soupe Tomates - 1L","p":1.09,"u":"1,09 €/L","img":"https://fd13-photos.leclercdrive.fr/image.ashx?id=2800234&use=l&cat=p&typeid=i","cat":284462},{"id":239,"n":"Soupe Velouté Régal Soupe 10 légumes - 1L","p":1.19,"u":"1,19 €/L","img":"https://fd13-photos.leclercdrive.fr/image.ashx?id=2983781&use=l&cat=p&typeid=i","cat":284462},{"id":240,"n":"Soupe Régal Soupe Poireaux Pommes de terre - 1L","p":1.19,"u":"1,19 €/L","img":"https://fd13-photos.leclercdrive.fr/image.ashx?id=2607356&use=l&cat=p&typeid=i","cat":284462},{"id":241,"n":"Soupe Mouliné Régal Soupe 10 légumes variés - 1L","p":1.08,"u":"1,08 €/L","img":"https://fd13-photos.leclercdrive.fr/image.ashx?id=2607353&use=l&cat=p&typeid=i","cat":284462},{"id":242,"n":"Soupe Velouté Régal Soupe Potiron - 1L","p":1.35,"u":"1,35 €/L","img":"https://fd13-photos.leclercdrive.fr/image.ashx?id=2983787&use=l&cat=p&typeid=i","cat":284462},{"id":255,"n":"Arôme Saveur Maggi 250g","p":1.86,"u":"7,44 €/KG","img":"https://fd13-photos.leclercdrive.fr/image.ashx?id=2671960&use=l&cat=p&typeid=i","cat":288379},{"id":259,"n":"Assaisonnement Liquide KNORR Viandox - 160ml","p":1.46,"pp":1.02,"u":"6,38 €/L","img":"https://fd13-photos.leclercdrive.fr/image.ashx?id=2705215&use=l&cat=p&typeid=i","cat":288383},{"id":267,"n":"Biscuits Petit Ecolier LU Chocolat au lait - 120g","p":2.07,"u":"17,25 €/KG","img":"https://fd13-photos.leclercdrive.fr/image.ashx?id=3014404&use=l&cat=p&typeid=i","cat":284488},{"id":274,"n":"Biscuits Pocket Prince Chocolat - 400g","p":2.31,"u":"5,78 €/KG","img":"https://fd13-photos.leclercdrive.fr/image.ashx?id=3002207&use=l&cat=p&typeid=i","cat":284488},{"id":278,"n":"Biscuits La Barquette Lulu LU Chocolat noisettes - 2x120g","p":2.0,"u":"8,33 €/KG","img":"https://fd13-photos.leclercdrive.fr/image.ashx?id=2135740&use=l&cat=p&typeid=i","cat":284488},{"id":280,"n":"Biscuits Petits cœurs LU Chocolat - 180g","p":2.4,"u":"13,33 €/KG","img":"https://fd13-photos.leclercdrive.fr/image.ashx?id=3002024&use=l&cat=p&typeid=i","cat":284488},{"id":281,"n":"Gâteaux moelleux Lulu LU Coqueline Chocolat - 165g","p":1.65,"u":"10,00 €/KG","img":"https://fd13-photos.leclercdrive.fr/image.ashx?id=3001946&use=l&cat=p&typeid=i","cat":284495},{"id":282,"n":"Gâteaux L'Ourson Lulu LU Chocolat - 300g","p":2.56,"u":"8,53 €/KG","img":"https://fd13-photos.leclercdrive.fr/image.ashx?id=2182888&use=l&cat=p&typeid=i","cat":284495},{"id":283,"n":"Biscuit Petit beurre P'tit Déli Chocolat au lait pocket - 250g","p":2.25,"u":"9,00 €/KG","img":"https://fd13-photos.leclercdrive.fr/image.ashx?id=750519&use=l&cat=p&typeid=i","cat":284488},{"id":284,"n":"Biscuits P'tit Déli ronds Chocolat lait 200g","p":1.2,"u":"6,00 €/KG","img":"https://fd13-photos.leclercdrive.fr/image.ashx?id=2884210&use=l&cat=p&typeid=i","cat":284488},{"id":286,"n":"Biscuits barquette P'tit Déli Chocolat et noisette x18 - 120g","p":0.89,"u":"7,42 €/KG","img":"https://fd13-photos.leclercdrive.fr/image.ashx?id=2705065&use=l&cat=p&typeid=i","cat":284488},{"id":288,"n":"Gaufrettes P'tit Déli  Enrobées chocolat 150g","p":1.59,"u":"10,60 €/KG","img":"https://fd13-photos.leclercdrive.fr/image.ashx?id=2660553&use=l&cat=p&typeid=i","cat":284488},{"id":289,"n":"Mini goûters P'tit Déli Chocolat 168g","p":1.13,"u":"6,73 €/KG","img":"https://fd13-photos.leclercdrive.fr/image.ashx?id=2321941&use=l&cat=p&typeid=i","cat":284488},{"id":290,"n":"Biscuits P'tit Déli Bâtonnets Chocolat 150g","p":1.19,"u":"7,93 €/KG","img":"https://fd13-photos.leclercdrive.fr/image.ashx?id=2470189&use=l&cat=p&typeid=i","cat":284488},{"id":291,"n":"Goûter Moelleux P'tit Déli  Lait et cacao x10 420g","p":2.81,"u":"6,69 €/KG","img":"https://fd13-photos.leclercdrive.fr/image.ashx?id=2610684&use=l&cat=p&typeid=i","cat":284495},{"id":292,"n":"Biscuits fourrés P'tit Déli Coeur fondant chocolat - 225g","p":1.26,"u":"5,60 €/KG","img":"https://fd13-photos.leclercdrive.fr/image.ashx?id=2637634&use=l&cat=p&typeid=i","cat":284488},{"id":296,"n":"Biscuits La Barquette Lulu LU Fraise - 2x120g","p":1.98,"u":"8,25 €/KG","img":"https://fd13-photos.leclercdrive.fr/image.ashx?id=3001952&use=l&cat=p&typeid=i","cat":284489},{"id":298,"n":"Gâteaux moelleux Lulu LU Coqueline Fraise - 165g","p":1.4,"u":"8,48 €/KG","img":"https://fd13-photos.leclercdrive.fr/image.ashx?id=2977252&use=l&cat=p&typeid=i","cat":284495},{"id":304,"n":"Génoises fourrées P'tit Déli - 150g","p":1.39,"u":"9,27 €/KG","img":"https://fd13-photos.leclercdrive.fr/image.ashx?id=2470192&use=l&cat=p&typeid=i","cat":284489},{"id":310,"n":"Biscuits boudoirs P'tit Déli Aux oeufs - 175g","p":1.38,"u":"7,89 €/KG","img":"https://fd13-photos.leclercdrive.fr/image.ashx?id=828485&use=l&cat=p&typeid=i","cat":284487},{"id":313,"n":"Biscuits palmiers P'tit Déli 100g","p":0.59,"u":"5,90 €/KG","img":"https://fd13-photos.leclercdrive.fr/image.ashx?id=2940896&use=l&cat=p&typeid=i","cat":284487},{"id":314,"n":"Biscuits langue chat P'tit Déli 200g","p":1.28,"u":"6,40 €/KG","img":"https://fd13-photos.leclercdrive.fr/image.ashx?id=552395&use=l&cat=p&typeid=i","cat":284487},{"id":315,"n":"Biscuits cigarettes P'tit Déli Fines 180g","p":0.95,"u":"5,28 €/KG","img":"https://fd13-photos.leclercdrive.fr/image.ashx?id=2907039&use=l&cat=p&typeid=i","cat":284487},{"id":316,"n":"Palets bretons P'tit Déli 125g","p":0.97,"u":"7,76 €/KG","img":"https://fd13-photos.leclercdrive.fr/image.ashx?id=2809650&use=l&cat=p&typeid=i","cat":284487},{"id":321,"n":"Cake fruits Brossard 500g","p":3.67,"u":"7,34 €/KG","img":"https://fd13-photos.leclercdrive.fr/image.ashx?id=2983105&use=l&cat=p&typeid=i","cat":284493},{"id":322,"n":"Cake anglais Brossard 400g","p":3.06,"u":"7,65 €/KG","img":"https://fd13-photos.leclercdrive.fr/image.ashx?id=2456795&use=l&cat=p&typeid=i","cat":284493},{"id":323,"n":"Gâteaux Mini roulés Pépito Chocolat - 150g","p":1.76,"u":"11,73 €/KG","img":"https://fd13-photos.leclercdrive.fr/image.ashx?id=2331898&use=l&cat=p&typeid=i","cat":284495},{"id":325,"n":"Galettes Bretonnes P'tit Déli Pur beurre - 125g","p":0.73,"u":"5,84 €/KG","img":"https://fd13-photos.leclercdrive.fr/image.ashx?id=2847943&use=l&cat=p&typeid=i","cat":284487},{"id":327,"n":"Biscuits P'tit Déli Cookies Chocolat nougatine 200g","p":1.35,"u":"6,75 €/KG","img":"https://fd13-photos.leclercdrive.fr/image.ashx?id=2900022&use=l&cat=p&typeid=i","cat":325066},{"id":328,"n":"Biscuits Cookies P'tit Déli Chocolat pépite chocolat - 200g","p":1.35,"u":"6,75 €/KG","img":"https://fd13-photos.leclercdrive.fr/image.ashx?id=2900025&use=l&cat=p&typeid=i","cat":325066},{"id":329,"n":"Biscuits Bastogne LU Originale - 260g","p":1.49,"u":"5,73 €/KG","img":"https://fd13-photos.leclercdrive.fr/image.ashx?id=2346765&use=l&cat=p&typeid=i","cat":284487},{"id":332,"n":"Biscuits petit déjeuner Belvita Céréales & Lait - 400g","p":2.67,"u":"6,68 €/KG","img":"https://fd13-photos.leclercdrive.fr/image.ashx?id=2959841&use=l&cat=p&typeid=i","cat":284491},{"id":345,"n":"Pain de mie Harrys - Nature Longue conservation - 250g","p":0.79,"u":"3,16 €/KG","img":"https://fd13-photos.leclercdrive.fr/image.ashx?id=2507976&use=l&cat=p&typeid=i","cat":284477},{"id":349,"n":"Pain de mie nature Epi d'Or Classique - 500g","p":1.19,"u":"2,38 €/KG","img":"https://fd13-photos.leclercdrive.fr/image.ashx?id=2615582&use=l&cat=p&typeid=i","cat":284477},{"id":352,"n":"Pain de mie nature Epi d'Or  Extra-moelleux - 500g","p":0.95,"u":"1,90 €/KG","img":"https://fd13-photos.leclercdrive.fr/image.ashx?id=2860697&use=l&cat=p&typeid=i","cat":284477},{"id":360,"n":"Pains au lait Epi d'Or Pépites chocolat - 350g","p":2.29,"u":"6,54 €/KG","img":"https://fd13-photos.leclercdrive.fr/image.ashx?id=2867895&use=l&cat=p&typeid=i","cat":293505},{"id":361,"n":"Brioche tranchée Epi d'Or Nature - 500g","p":1.65,"u":"3,30 €/KG","img":"https://fd13-photos.leclercdrive.fr/image.ashx?id=2860694&use=l&cat=p&typeid=i","cat":284478},{"id":362,"n":"Briochettes Epi d'Or Nature x12 - 480g","p":1.49,"u":"3,10 €/KG","img":"https://fd13-photos.leclercdrive.fr/image.ashx?id=2860709&use=l&cat=p&typeid=i","cat":284478},{"id":363,"n":"Pains au lait Epi d'Or x10 - 350g","p":1.19,"u":"3,40 €/KG","img":"https://fd13-photos.leclercdrive.fr/image.ashx?id=2860688&use=l&cat=p&typeid=i","cat":293505},{"id":364,"n":"Pains au chocolat Epi d'Or x8 - 360g","p":1.89,"u":"5,25 €/KG","img":"https://fd13-photos.leclercdrive.fr/image.ashx?id=2860691&use=l&cat=p&typeid=i","cat":296366},{"id":368,"n":"Madeleine P'tit Déli coquilles Sachet 1kg","p":3.4,"u":"3,40 €/KG","img":"https://fd13-photos.leclercdrive.fr/image.ashx?id=2999493&use=l&cat=p&typeid=i","cat":284492},{"id":369,"n":"Marbré P'tit Déli 300g","p":1.89,"u":"6,30 €/KG","img":"https://fd13-photos.leclercdrive.fr/image.ashx?id=2562698&use=l&cat=p&typeid=i","cat":294776},{"id":375,"n":"Biscottes fourrées Cracotte LU  Framboise - 200g","p":1.7,"u":"8,50 €/KG","img":"https://fd13-photos.leclercdrive.fr/image.ashx?id=2873844&use=l&cat=p&typeid=i","cat":284479},{"id":376,"n":"Biscottes Cracotte LU  Froment - 250g","p":1.49,"u":"5,96 €/KG","img":"https://fd13-photos.leclercdrive.fr/image.ashx?id=3002006&use=l&cat=p&typeid=i","cat":284479},{"id":377,"n":"Biscottes Cracotte LU Gourmande - 250g","p":1.69,"u":"6,76 €/KG","img":"https://fd13-photos.leclercdrive.fr/image.ashx?id=3002009&use=l&cat=p&typeid=i","cat":284479},{"id":378,"n":"Biscottes Cracotte LU  Céréales complètes - 250g","p":1.63,"u":"6,52 €/KG","img":"https://fd13-photos.leclercdrive.fr/image.ashx?id=3002012&use=l&cat=p&typeid=i","cat":284479},{"id":379,"n":"Biscottes fourrées Cracotte Lu Chocolat - 200g","p":1.57,"u":"7,85 €/KG","img":"https://fd13-photos.leclercdrive.fr/image.ashx?id=2849704&use=l&cat=p&typeid=i","cat":284479},{"id":382,"n":"Biscottes Epi d'Or 6 céréales x36 - 300g","p":1.22,"u":"4,07 €/KG","img":"https://fd13-photos.leclercdrive.fr/image.ashx?id=2532832&use=l&cat=p&typeid=i","cat":284479},{"id":384,"n":"Biscottes Epi d'Or froment x36 - 300g","p":1.37,"u":"4,57 €/KG","img":"https://fd13-photos.leclercdrive.fr/image.ashx?id=2634854&use=l&cat=p&typeid=i","cat":284479},{"id":388,"n":"Tartines craquantes Epi d'Or  Froment - 250g","p":1.05,"u":"4,20 €/KG","img":"https://fd13-photos.leclercdrive.fr/image.ashx?id=2856121&use=l&cat=p&typeid=i","cat":284479},{"id":399,"n":"Café moulu Plantation Intense et aromatique - 2x250g","p":6.8,"u":"13,60 €/KG","img":"https://fd13-photos.leclercdrive.fr/image.ashx?id=2607398&use=l&cat=p&typeid=i","cat":284750},{"id":400,"n":"Café moulu Plantation  Intense et aromatique - 250g","p":3.5,"u":"14,00 €/KG","img":"https://fd13-photos.leclercdrive.fr/image.ashx?id=2555050&use=l&cat=p&typeid=i","cat":284750},{"id":401,"n":"Café moulu Plantation  Brésil - 2x250g","p":7.19,"u":"14,38 €/KG","img":"https://fd13-photos.leclercdrive.fr/image.ashx?id=2824247&use=l&cat=p&typeid=i","cat":284750},{"id":402,"n":"Café moulu Plantation  Tradition - 4x250g","p":9.69,"u":"9,69 €/KG","img":"https://fd13-photos.leclercdrive.fr/image.ashx?id=2824250&use=l&cat=p&typeid=i","cat":284750},{"id":405,"n":"Café Soluble Nescafé Spécial Filtre Original - 200g","p":7.84,"u":"39,20 €/KG","img":"https://fd13-photos.leclercdrive.fr/image.ashx?id=2837154&use=l&cat=p&typeid=i","cat":284843},{"id":406,"n":"Café soluble Nescafé Capuccino - x10 - 140g","p":2.96,"u":"21,14 €/KG","img":"https://fd13-photos.leclercdrive.fr/image.ashx?id=2729929&use=l&cat=p&typeid=i","cat":284843},{"id":407,"n":"Café et Chicorée Soluble Ricoré Lait - 400g","p":6.1,"u":"15,25 €/KG","img":"https://fd13-photos.leclercdrive.fr/image.ashx?id=2979617&use=l&cat=p&typeid=i","cat":284843},{"id":435,"n":"Infusion Tiséa Tilleul Menthe - x25","p":1.05,"u":"26,25 €/KG","img":"https://fd13-photos.leclercdrive.fr/image.ashx?id=2481748&use=l&cat=p&typeid=i","cat":293234},{"id":436,"n":"Infusion Tiséa Verveine - x25","p":0.92,"u":"23,00 €/KG","img":"https://fd13-photos.leclercdrive.fr/image.ashx?id=2900328&use=l&cat=p&typeid=i","cat":293234},{"id":437,"n":"Infusion Tiséa Verveine Orange - x25","p":1.34,"u":"33,50 €/KG","img":"https://fd13-photos.leclercdrive.fr/image.ashx?id=2757915&use=l&cat=p&typeid=i","cat":293234},{"id":444,"n":"Lait en poudre Régilait Demi écrémé - 300g","p":2.44,"u":"8,13 €/KG","img":"https://fd13-photos.leclercdrive.fr/image.ashx?id=2110077&use=l&cat=p&typeid=i","cat":299162},{"id":451,"n":"Confiture Bonne Maman Abricots - 370g","p":1.64,"u":"4,43 €/KG","img":"https://fd13-photos.leclercdrive.fr/image.ashx?id=3001275&use=l&cat=p&typeid=i","cat":284480},{"id":452,"n":"Confiture Bonne Maman Mûres 370g","p":2.57,"u":"6,95 €/KG","img":"https://fd13-photos.leclercdrive.fr/image.ashx?id=2348379&use=l&cat=p&typeid=i","cat":284480},{"id":453,"n":"Confiture extra figues NRT De Provence - 315g","p":2.64,"u":"8,38 €/KG","img":"https://fd13-photos.leclercdrive.fr/image.ashx?id=2699801&use=l&cat=p&typeid=i","cat":284480},{"id":456,"n":"Céréales Golden Grahams Nestlé 375g","p":2.29,"u":"6,11 €/KG","img":"https://fd13-photos.leclercdrive.fr/image.ashx?id=2979830&use=l&cat=p&typeid=i","cat":309513},{"id":473,"n":"Céréales Lion Nestlé Caramel et Chocolat - 400g","p":2.61,"u":"6,53 €/KG","img":"https://fd13-photos.leclercdrive.fr/image.ashx?id=2927453&use=l&cat=p&typeid=i","cat":309513},{"id":474,"n":"Céréales Cookie Crisp Nestlé 375g","p":2.34,"u":"6,24 €/KG","img":"https://fd13-photos.leclercdrive.fr/image.ashx?id=2926443&use=l&cat=p&typeid=i","cat":309513},{"id":491,"n":"Levure boulangère Francine 30g","p":1.16,"u":"38,67 €/KG","img":"https://fd13-photos.leclercdrive.fr/image.ashx?id=2210083&use=l&cat=p&typeid=i","cat":294686},{"id":492,"n":"Farine fluide Tablier Blanc Sans grumeaux - 1kg","p":0.85,"u":"0,85 €/KG","img":"https://fd13-photos.leclercdrive.fr/image.ashx?id=2832628&use=l&cat=p&typeid=i","cat":284503},{"id":495,"n":"Sucre vanilliné Tablier Blanc x10 - 75g","p":0.73,"u":"9,73 €/KG","img":"https://fd13-photos.leclercdrive.fr/image.ashx?id=2487434&use=l&cat=p&typeid=i","cat":284504},{"id":496,"n":"Sucre Vanillé des Isles Alsa x7 - 52.5g","p":2.41,"u":"46,35 €/KG","img":"https://fd13-photos.leclercdrive.fr/image.ashx?id=2965867&use=l&cat=p&typeid=i","cat":294686},{"id":497,"n":"Sucre Vanillé Alsa x12 - 90g","p":2.07,"u":"23,00 €/KG","img":"https://fd13-photos.leclercdrive.fr/image.ashx?id=3004459&use=l&cat=p&typeid=i","cat":294686},{"id":528,"n":"Bonbons Copains Copines Cola acide - 275 g","p":1.53,"u":"5,56 €/KG","img":"https://fd13-photos.leclercdrive.fr/image.ashx?id=2934658&use=l&cat=p&typeid=i","cat":304250},{"id":529,"n":"Bonbons Copains Copines Chocours 200g","p":1.25,"u":"6,25 €/KG","img":"https://fd13-photos.leclercdrive.fr/image.ashx?id=2934649&use=l&cat=p&typeid=i","cat":304250},{"id":546,"n":"Eau minérale naturelle Des Alpes - 6x50cl","p":1.98,"u":"0,66 €/L","img":"https://fd13-photos.leclercdrive.fr/image.ashx?id=2423499&use=l&cat=p&typeid=i","cat":284535},{"id":547,"n":"Eau de source de Montagne 5L","p":0.87,"u":"0,17 €/L","img":"https://fd13-photos.leclercdrive.fr/image.ashx?id=2699420&use=l&cat=p&typeid=i","cat":284535},{"id":567,"n":"Eau gazeuse San Pellegrino Minérale naturelle - 6x50cl","p":2.98,"u":"0,99 €/L","img":"https://fd13-photos.leclercdrive.fr/image.ashx?id=2145871&use=l&cat=p&typeid=i","cat":284536},{"id":568,"n":"Eau  gazeuse San Pellegrino Minérale naturelle - 1L","p":0.72,"u":"0,72 €/L","img":"https://fd13-photos.leclercdrive.fr/image.ashx?id=2672647&use=l&cat=p&typeid=i","cat":284536},{"id":591,"n":"Sirop Frucci Citron - 75cl","p":1.69,"u":"2,25 €/L","img":"https://fd13-photos.leclercdrive.fr/image.ashx?id=2842214&use=l&cat=p&typeid=i","cat":295020},{"id":592,"n":"Sirop Frucci Grenadine - 75cl","p":1.99,"u":"2,65 €/L","img":"https://fd13-photos.leclercdrive.fr/image.ashx?id=2842220&use=l&cat=p&typeid=i","cat":295020},{"id":593,"n":"Sirop Frucci Pêche - 75cl","p":2.39,"u":"3,19 €/L","img":"https://fd13-photos.leclercdrive.fr/image.ashx?id=2842226&use=l&cat=p&typeid=i","cat":295020},{"id":594,"n":"Sirop Frucci Framboise - 75cl","p":3.52,"u":"4,69 €/L","img":"https://fd13-photos.leclercdrive.fr/image.ashx?id=2909867&use=l&cat=p&typeid=i","cat":295020},{"id":595,"n":"Sirop Frucci Fraise - 75cl","p":2.69,"u":"3,59 €/L","img":"https://fd13-photos.leclercdrive.fr/image.ashx?id=2842232&use=l&cat=p&typeid=i","cat":295020},{"id":596,"n":"Sirop Frucci Cassis - 75cl","p":2.94,"u":"3,92 €/L","img":"https://fd13-photos.leclercdrive.fr/image.ashx?id=2842238&use=l&cat=p&typeid=i","cat":295020},{"id":598,"n":"100% Pur jus de tomate Jafaden bouteille plastique -1L","p":2.05,"u":"2,05 €/L","img":"https://fd13-photos.leclercdrive.fr/image.ashx?id=2860682&use=l&cat=p&typeid=i","cat":284523},{"id":612,"n":"100% Pur jus d'orange Jafaden Sans pulpe - 1L","p":2.22,"u":"2,22 €/L","img":"https://fd13-photos.leclercdrive.fr/image.ashx?id=2955620&use=l&cat=p&typeid=i","cat":284521},{"id":613,"n":"Jus d'orange Jafaden A base de concentré - 6x20cl","p":1.99,"u":"1,66 €/L","img":"https://fd13-photos.leclercdrive.fr/image.ashx?id=2751871&use=l&cat=p&typeid=i","cat":284524},{"id":614,"n":"Jus d'orange Jafaden A base de concentré - 1L","p":1.76,"u":"1,76 €/L","img":"https://fd13-photos.leclercdrive.fr/image.ashx?id=2842459&use=l&cat=p&typeid=i","cat":284521},{"id":617,"n":"100% Pur jus d'orange Jafaden  Sans pulpe - 1,5L","p":2.65,"u":"1,77 €/L","img":"https://fd13-photos.leclercdrive.fr/image.ashx?id=2842468&use=l&cat=p&typeid=i","cat":284521},{"id":618,"n":"Nectar d'orange Jafaden Avec pulpe - 1L","p":1.69,"u":"1,69 €/L","img":"https://fd13-photos.leclercdrive.fr/image.ashx?id=2955638&use=l&cat=p&typeid=i","cat":284521},{"id":619,"n":"Nectar orange Jafaden 2L","p":2.52,"u":"1,26 €/L","img":"https://fd13-photos.leclercdrive.fr/image.ashx?id=2955644&use=l&cat=p&typeid=i","cat":284521},{"id":621,"n":"100% Pur jus d'orange Jafaden  Sans pulpe - 2L","p":3.49,"u":"1,75 €/L","img":"https://fd13-photos.leclercdrive.fr/image.ashx?id=2842456&use=l&cat=p&typeid=i","cat":284521},{"id":624,"n":"Pur Jus de pommes NRT De Bretagne - 1L","p":2.53,"u":"2,53 €/L","img":"https://fd13-photos.leclercdrive.fr/image.ashx?id=2590463&use=l&cat=p&typeid=i","cat":284522},{"id":625,"n":"Pur jus raisin Jafaden 1L","p":1.55,"u":"1,55 €/L","img":"https://fd13-photos.leclercdrive.fr/image.ashx?id=2955626&use=l&cat=p&typeid=i","cat":284915},{"id":627,"n":"Jus pamplemousse rose Jafaden A base de concentré - 1L","p":1.55,"u":"1,55 €/L","img":"https://fd13-photos.leclercdrive.fr/image.ashx?id=2520005&use=l&cat=p&typeid=i","cat":284914},{"id":630,"n":"Nectar Jafaden Orange banane - 2L","p":3.19,"u":"1,60 €/L","img":"https://fd13-photos.leclercdrive.fr/image.ashx?id=2955680&use=l&cat=p&typeid=i","cat":284915},{"id":632,"n":"Jus ananas Jafaden A base de concentré 1L","p":1.75,"u":"1,75 €/L","img":"https://fd13-photos.leclercdrive.fr/image.ashx?id=2919592&use=l&cat=p&typeid=i","cat":284916},{"id":638,"n":"Jus multifruits Jafaden 1L","p":1.89,"u":"1,89 €/L","img":"https://fd13-photos.leclercdrive.fr/image.ashx?id=2916659&use=l&cat=p&typeid=i","cat":285435},{"id":668,"n":"Limonade artisanale NRT 1L","p":2.75,"u":"2,75 €/L","img":"https://fd13-photos.leclercdrive.fr/image.ashx?id=2791066&use=l&cat=p&typeid=i","cat":284531},{"id":669,"n":"Limonade des Pyrénées NRT 6x33cl","p":3.35,"u":"1,69 €/L","img":"https://fd13-photos.leclercdrive.fr/image.ashx?id=2771055&use=l&cat=p&typeid=i","cat":284531},{"id":673,"n":"Soda Gini Citron - 1,5L","p":1.99,"u":"1,33 €/L","img":"https://fd13-photos.leclercdrive.fr/image.ashx?id=2654677&use=l&cat=p&typeid=i","cat":284532},{"id":682,"n":"Soda Pulp'Orange Bouteille - 1,5L","p":1.47,"u":"0,98 €/L","img":"https://fd13-photos.leclercdrive.fr/image.ashx?id=2922382&use=l&cat=p&typeid=i","cat":284532},{"id":683,"n":"Soda Pulp'Orange rouge Bouteille - 1,5L","p":1.59,"u":"1,06 €/L","img":"https://fd13-photos.leclercdrive.fr/image.ashx?id=2922394&use=l&cat=p&typeid=i","cat":284532},{"id":689,"n":"Thé glacé Fresh Tea Pêche - Canette -  6x33cl","p":2.49,"u":"1,26 €/L","img":"https://fd13-photos.leclercdrive.fr/image.ashx?id=2622239&use=l&cat=p&typeid=i","cat":295019},{"id":700,"n":"Bière blonde 1664 5,5° - 4x50cl canettes","p":4.77,"u":"2,39 €/L","img":"https://fd13-photos.leclercdrive.fr/image.ashx?id=2793536&use=l&cat=p&typeid=i","cat":334853},{"id":731,"n":"Bière blonde forte Falsbourg Canette - 8%vol. - 50cl","p":0.98,"u":"1,96 €/L","img":"https://fd13-photos.leclercdrive.fr/image.ashx?id=1907450&use=l&cat=p&typeid=i","cat":334853},{"id":737,"n":"Rhum blanc Lagoa 40%vol - 70cl","p":9.99,"u":"14,27 €/L","img":"https://fd13-photos.leclercdrive.fr/image.ashx?id=2966469&use=l&cat=p&typeid=i","cat":284550},{"id":741,"n":"IGP Pays d'Oc Chardonnay Blanc Vieux Carion 13% vol -75 cl","p":2.75,"u":"3,67 €/L","img":"https://fd13-photos.leclercdrive.fr/image.ashx?id=2874690&use=l&cat=p&typeid=i","cat":289557},{"id":742,"n":"AOP Cabernet d'Anjou vin rosé Les Caractères - BIB 3L - 11%","p":13.49,"u":"4,50 €/L","img":"https://fd13-photos.leclercdrive.fr/image.ashx?id=2940902&use=l&cat=p&typeid=i","cat":289560},{"id":744,"n":"Cidre bouché Les Goelleries Breton brut 5%vol. - 75cl","p":1.99,"u":"2,65 €/L","img":"https://fd13-photos.leclercdrive.fr/image.ashx?id=2842184&use=l&cat=p&typeid=i","cat":334880},{"id":749,"n":"Camembert Les Croisés 20%MG - 250g","p":1.53,"u":"6,12 €/KG","img":"https://fd13-photos.leclercdrive.fr/image.ashx?id=2974762&use=l&cat=p&typeid=i","cat":314033},{"id":750,"n":"Camembert de Pays Les Croisés 21% mg - 250 gr","p":1.75,"u":"7,00 €/KG","img":"https://fd13-photos.leclercdrive.fr/image.ashx?id=2974795&use=l&cat=p&typeid=i","cat":314033},{"id":751,"n":"Coulommiers Les Croisés Tendre/Onctueux - 24%mg - 350g","p":2.15,"u":"6,14 €/KG","img":"https://fd13-photos.leclercdrive.fr/image.ashx?id=2974768&use=l&cat=p&typeid=i","cat":314033},{"id":752,"n":"Petit Brie Les Croisés 32% matière grasse - 500g","p":4.31,"u":"8,62 €/KG","img":"https://fd13-photos.leclercdrive.fr/image.ashx?id=2974792&use=l&cat=p&typeid=i","cat":314033},{"id":753,"n":"Pointe de Brie Les Croisés 32% mg - 200g","p":1.45,"u":"7,25 €/KG","img":"https://fd13-photos.leclercdrive.fr/image.ashx?id=2974771&use=l&cat=p&typeid=i","cat":314033},{"id":754,"n":"Fromage Les Croisés Coeur Crème Lait pasteurisé 33%mg - 300g","p":2.29,"u":"7,63 €/KG","img":"https://fd13-photos.leclercdrive.fr/image.ashx?id=2625068&use=l&cat=p&typeid=i","cat":314033},{"id":757,"n":"Fromage Comté Entremont 32 %mg - 350g","p":5.29,"u":"15,11 €/KG","img":"https://fd13-photos.leclercdrive.fr/image.ashx?id=2983147&use=l&cat=p&typeid=i","cat":314034},{"id":760,"n":"Emmental fromage bloc Les Croisés - 250g","p":2.24,"u":"8,96 €/KG","img":"https://fd13-photos.leclercdrive.fr/image.ashx?id=2904550&use=l&cat=p&typeid=i","cat":314034},{"id":764,"n":"Fromage Bleu Les Croisés Lait pasteurisé 31% mg - 250g","p":2.29,"u":"9,16 €/KG","img":"https://fd13-photos.leclercdrive.fr/image.ashx?id=1081023&use=l&cat=p&typeid=i","cat":314032},{"id":768,"n":"Fromage de chèvre Les Croisés Lait pasteurisé 22%mg - 180g","p":2.29,"u":"12,72 €/KG","img":"https://fd13-photos.leclercdrive.fr/image.ashx?id=2048615&use=l&cat=p&typeid=i","cat":314031},{"id":769,"n":"Fromage de Brebis Les Croisés -Tranche - 200g","p":2.22,"u":"11,10 €/KG","img":"https://fd13-photos.leclercdrive.fr/image.ashx?id=2237499&use=l&cat=p&typeid=i","cat":314031},{"id":786,"n":"Chaussée aux Moines 450g","p":3.99,"u":"8,87 €/KG","img":"https://fd13-photos.leclercdrive.fr/image.ashx?id=2771166&use=l&cat=p&typeid=i","cat":329184},{"id":787,"n":"Fromage L'Ortolan  Fromagerie Milleret - 250g","p":2.51,"u":"10,04 €/KG","img":"https://fd13-photos.leclercdrive.fr/image.ashx?id=2450913&use=l&cat=p&typeid=i","cat":314033},{"id":794,"n":"Rocamadour NRT AOP  Fromage de chèvre - 3x35g","p":2.69,"u":"25,62 €/KG","img":"https://fd13-photos.leclercdrive.fr/image.ashx?id=2954142&use=l&cat=p&typeid=i","cat":314031},{"id":795,"n":"Fromage Brique Les Croisés Lait pasteurisé 60%mg - 200g","p":1.74,"u":"8,70 €/KG","img":"https://fd13-photos.leclercdrive.fr/image.ashx?id=2615804&use=l&cat=p&typeid=i","cat":314033},{"id":796,"n":"Fromage raclette Les Croisés Tranchette lait pasteurisé 400g","p":3.89,"u":"9,73 €/KG","img":"https://fd13-photos.leclercdrive.fr/image.ashx?id=2791704&use=l&cat=p&typeid=i","cat":314037},{"id":800,"n":"Mozzarella Les Croisés - 125g","p":0.93,"u":"7,44 €/KG","img":"https://fd13-photos.leclercdrive.fr/image.ashx?id=2122682&use=l&cat=p&typeid=i","cat":314026},{"id":806,"n":"Emmental fromage rapé Les Croisés - 500g","p":3.99,"u":"7,98 €/KG","img":"https://fd13-photos.leclercdrive.fr/image.ashx?id=2791698&use=l&cat=p&typeid=i","cat":314035},{"id":807,"n":"Emmental fromage rapé Les Croisés - 200g","p":1.65,"u":"8,25 €/KG","img":"https://fd13-photos.leclercdrive.fr/image.ashx?id=2791230&use=l&cat=p&typeid=i","cat":314035},{"id":808,"n":"Emmental fromage rapé Les Croisés - 100g","p":1.1,"u":"11,00 €/KG","img":"https://fd13-photos.leclercdrive.fr/image.ashx?id=2893283&use=l&cat=p&typeid=i","cat":314035},{"id":809,"n":"Râpé Parmigiano Reggiano AOP Les Croisés - 60g","p":1.1,"u":"18,33 €/KG","img":"https://fd13-photos.leclercdrive.fr/image.ashx?id=2903944&use=l&cat=p&typeid=i","cat":314035},{"id":810,"n":"Râpé Grana Padano AOP Les Croisés - 100g","p":1.5,"u":"15,00 €/KG","img":"https://fd13-photos.leclercdrive.fr/image.ashx?id=2903935&use=l&cat=p&typeid=i","cat":314035},{"id":816,"n":"Yaourts Délisse Nature - 16x125g","p":2.25,"u":"1,13 €/KG","img":"https://fd13-photos.leclercdrive.fr/image.ashx?id=2974756&use=l&cat=p&typeid=i","cat":284409},{"id":817,"n":"Yaourts Délisse Nature - 12x125g","p":1.85,"u":"1,23 €/KG","img":"https://fd13-photos.leclercdrive.fr/image.ashx?id=2971867&use=l&cat=p&typeid=i","cat":284409},{"id":818,"n":"Yaourts brassés Délisse  Nature - 8x125g","p":1.65,"u":"1,65 €/KG","img":"https://fd13-photos.leclercdrive.fr/image.ashx?id=2742611&use=l&cat=p&typeid=i","cat":284409},{"id":819,"n":"Yaourts brassés Délisse Nature - 16x125g","p":2.99,"u":"1,50 €/KG","img":"https://fd13-photos.leclercdrive.fr/image.ashx?id=3003049&use=l&cat=p&typeid=i","cat":284409},{"id":821,"n":"Yaourts sucrés Délisse Nature - 16x125g","p":2.69,"u":"1,35 €/KG","img":"https://fd13-photos.leclercdrive.fr/image.ashx?id=2591485&use=l&cat=p&typeid=i","cat":284409},{"id":822,"n":"Yaourts à la Grecque Délisse Nature - 4x150g","p":1.29,"u":"2,15 €/KG","img":"https://fd13-photos.leclercdrive.fr/image.ashx?id=2699405&use=l&cat=p&typeid=i","cat":314999},{"id":834,"n":"Yaourts La Laitière Fruits pâtissiers - 12x125g","p":4.52,"u":"3,01 €/KG","img":"https://fd13-photos.leclercdrive.fr/image.ashx?id=2578684&use=l&cat=p&typeid=i","cat":314999},{"id":839,"n":"Yaourts crémeux Délisse Panaché de fruits - 16x125g","p":4.32,"u":"2,16 €/KG","img":"https://fd13-photos.leclercdrive.fr/image.ashx?id=2799236&use=l&cat=p&typeid=i","cat":284410},{"id":841,"n":"Yaourts brassés Délisse Panaché de fruits - 16x125g","p":3.26,"u":"1,63 €/KG","img":"https://fd13-photos.leclercdrive.fr/image.ashx?id=2494211&use=l&cat=p&typeid=i","cat":284410},{"id":842,"n":"Yaourts aux fruits Délisse Panaché de fruits - 16x125g","p":3.78,"u":"1,89 €/KG","img":"https://fd13-photos.leclercdrive.fr/image.ashx?id=2609544&use=l&cat=p&typeid=i","cat":284410},{"id":871,"n":"Yaourts à boire DéliUp' Délisse Nature - 10x100g","p":2.85,"u":"2,85 €/KG","img":"https://fd13-photos.leclercdrive.fr/image.ashx?id=1713612&use=l&cat=p&typeid=i","cat":284415},{"id":872,"n":"Actifidus Delisse Nature - 12x125g","p":2.23,"u":"1,49 €/KG","img":"https://fd13-photos.leclercdrive.fr/image.ashx?id=2452666&use=l&cat=p&typeid=i","cat":315000},{"id":879,"n":"Fromage blanc sous mousse  Gervita nature - 4x100g","p":1.88,"u":"4,70 €/KG","img":"https://fd13-photos.leclercdrive.fr/image.ashx?id=2746157&use=l&cat=p&typeid=i","cat":284409},{"id":887,"n":"Fromage frais Délisse Fruits panachés 22%mg - 12x50g","p":1.51,"u":"2,52 €/KG","img":"https://fd13-photos.leclercdrive.fr/image.ashx?id=2922491&use=l&cat=p&typeid=i","cat":284414},{"id":890,"n":"Fromage frais Délisse Nature 3,8% MG - 12x60g","p":1.64,"u":"2,28 €/KG","img":"https://fd13-photos.leclercdrive.fr/image.ashx?id=799431&use=l&cat=p&typeid=i","cat":284409},{"id":892,"n":"Fromage frais Duodélisse Nature - 8x100g","p":2.79,"u":"3,49 €/KG","img":"https://fd13-photos.leclercdrive.fr/image.ashx?id=2387316&use=l&cat=p&typeid=i","cat":284409},{"id":894,"n":"Fromage blanc Délisse Nature 0% MG - 8x100g","p":1.79,"u":"2,24 €/KG","img":"https://fd13-photos.leclercdrive.fr/image.ashx?id=2898817&use=l&cat=p&typeid=i","cat":315000},{"id":895,"n":"Fromage blanc Délisse Nature - 3,1% MG - 8x100g","p":1.79,"u":"2,24 €/KG","img":"https://fd13-photos.leclercdrive.fr/image.ashx?id=3012791&use=l&cat=p&typeid=i","cat":284409},{"id":897,"n":"Fromage blanc Délisse Nature 3.1% MG - 1kg","p":1.97,"u":"1,97 €/KG","img":"https://fd13-photos.leclercdrive.fr/image.ashx?id=3012788&use=l&cat=p&typeid=i","cat":284409},{"id":909,"n":"Crème dessert Danette Chocolat et lait - 6x70g","p":1.63,"u":"3,88 €/KG","img":"https://fd13-photos.leclercdrive.fr/image.ashx?id=1984855&use=l&cat=p&typeid=i","cat":285041},{"id":918,"n":"Crème dessert Délisse Café - 4x125g","p":0.89,"u":"1,78 €/KG","img":"https://fd13-photos.leclercdrive.fr/image.ashx?id=2441048&use=l&cat=p&typeid=i","cat":285041},{"id":919,"n":"Crème dessert Délisse Caramel - 4x125g","p":0.91,"u":"1,82 €/KG","img":"https://fd13-photos.leclercdrive.fr/image.ashx?id=2854204&use=l&cat=p&typeid=i","cat":285041},{"id":920,"n":"Crème dessert Délisse Chocolat - 4x125g","p":0.95,"u":"1,90 €/KG","img":"https://fd13-photos.leclercdrive.fr/image.ashx?id=2854207&use=l&cat=p&typeid=i","cat":285041},{"id":921,"n":"Crème dessert Délisse Vanille - 4x125g","p":0.89,"u":"1,78 €/KG","img":"https://fd13-photos.leclercdrive.fr/image.ashx?id=2854210&use=l&cat=p&typeid=i","cat":285041},{"id":922,"n":"Crème dessert Délisse Praliné - 4x125g","p":0.95,"u":"1,90 €/KG","img":"https://fd13-photos.leclercdrive.fr/image.ashx?id=2441066&use=l&cat=p&typeid=i","cat":285041},{"id":923,"n":"Crème dessert Délisse Panaché - 12x125g","p":2.83,"u":"1,89 €/KG","img":"https://fd13-photos.leclercdrive.fr/image.ashx?id=2465211&use=l&cat=p&typeid=i","cat":285041},{"id":924,"n":"Petit pot de crème Délisse Chocolat - 4x100g","p":1.88,"u":"4,70 €/KG","img":"https://fd13-photos.leclercdrive.fr/image.ashx?id=2544967&use=l&cat=p&typeid=i","cat":285041},{"id":925,"n":"Petit pot de crème Délisse Vanille - 4x100g","p":1.74,"u":"4,35 €/KG","img":"https://fd13-photos.leclercdrive.fr/image.ashx?id=2556508&use=l&cat=p&typeid=i","cat":285041},{"id":926,"n":"Petit pot de crème Délisse Noix de coco - 4x100g","p":2.1,"u":"5,25 €/KG","img":"https://fd13-photos.leclercdrive.fr/image.ashx?id=2722387&use=l&cat=p&typeid=i","cat":285041},{"id":927,"n":"Petit pot de crème Délisse Caramel - 4x100g","p":1.85,"u":"4,63 €/KG","img":"https://fd13-photos.leclercdrive.fr/image.ashx?id=2556511&use=l&cat=p&typeid=i","cat":285041},{"id":931,"n":"Dessert Liégeois Délisse Café - 4x100g","p":0.99,"u":"2,48 €/KG","img":"https://fd13-photos.leclercdrive.fr/image.ashx?id=1703224&use=l&cat=p&typeid=i","cat":285042},{"id":932,"n":"Dessert Liégeois Délisse Chocolat - 4x100g","p":1.1,"u":"2,75 €/KG","img":"https://fd13-photos.leclercdrive.fr/image.ashx?id=1868860&use=l&cat=p&typeid=i","cat":285042},{"id":933,"n":"Dessert Liégeois Délisse Chocolat Café - 8x100g","p":2.19,"u":"2,74 €/KG","img":"https://fd13-photos.leclercdrive.fr/image.ashx?id=1703227&use=l&cat=p&typeid=i","cat":285042},{"id":934,"n":"Dessert Liégeois Délisse Chocolat - 12x100g","p":3.14,"u":"2,62 €/KG","img":"https://fd13-photos.leclercdrive.fr/image.ashx?id=1868857&use=l&cat=p&typeid=i","cat":285042},{"id":935,"n":"Dessert Liégeois Délisse Vanille Caramel - 8x100g","p":1.98,"u":"2,48 €/KG","img":"https://fd13-photos.leclercdrive.fr/image.ashx?id=1713618&use=l&cat=p&typeid=i","cat":285042},{"id":936,"n":"Riz au lait Délisse  Vanille - 4x115g","p":1.35,"u":"2,93 €/KG","img":"https://fd13-photos.leclercdrive.fr/image.ashx?id=2489107&use=l&cat=p&typeid=i","cat":284418},{"id":939,"n":"Semoule au lait Délisse Vanille - 4x115g","p":1.09,"u":"2,37 €/KG","img":"https://fd13-photos.leclercdrive.fr/image.ashx?id=2558377&use=l&cat=p&typeid=i","cat":284418},{"id":941,"n":"Mousse liégeoise Viennois  Chocolat - 8x90g","p":3.1,"u":"4,31 €/KG","img":"https://fd13-photos.leclercdrive.fr/image.ashx?id=2855043&use=l&cat=p&typeid=i","cat":284417},{"id":942,"n":"Mousse à la liégeoise Délisse Vanille - 8x80g","p":2.62,"u":"4,09 €/KG","img":"https://fd13-photos.leclercdrive.fr/image.ashx?id=3009487&use=l&cat=p&typeid=i","cat":284417},{"id":943,"n":"Mousse Délisse Chocolat noir - 4x60g","p":1.15,"u":"4,79 €/KG","img":"https://fd13-photos.leclercdrive.fr/image.ashx?id=3009493&use=l&cat=p&typeid=i","cat":284417},{"id":944,"n":"Mousse au chocolat Délisse Chocolat au lait - 4x60g","p":1.15,"u":"4,79 €/KG","img":"https://fd13-photos.leclercdrive.fr/image.ashx?id=3009496&use=l&cat=p&typeid=i","cat":284417},{"id":946,"n":"Mousse Délisse Café - 4x60g","p":1.45,"u":"6,04 €/KG","img":"https://fd13-photos.leclercdrive.fr/image.ashx?id=3009505&use=l&cat=p&typeid=i","cat":284417},{"id":955,"n":"Ile flottante Délisse Crème anglaise - 4x100g","p":1.89,"u":"4,73 €/KG","img":"https://fd13-photos.leclercdrive.fr/image.ashx?id=2860706&use=l&cat=p&typeid=i","cat":284419},{"id":959,"n":"Flan Délisse Vanille Caramel - 4x100g","p":0.79,"u":"1,98 €/KG","img":"https://fd13-photos.leclercdrive.fr/image.ashx?id=2851640&use=l&cat=p&typeid=i","cat":284420},{"id":960,"n":"Flan Délisse Vanille Caramel - 16x100g","p":2.52,"u":"1,58 €/KG","img":"https://fd13-photos.leclercdrive.fr/image.ashx?id=2858977&use=l&cat=p&typeid=i","cat":284420},{"id":964,"n":"Lait demi-écrémé Délisse UHT Bouteille -  1L","p":1.05,"u":"1,05 €/L","img":"https://fd13-photos.leclercdrive.fr/image.ashx?id=2981831&use=l&cat=p&typeid=i","cat":284377},{"id":968,"n":"Lait écrémé Délisse Brique : 1L","p":0.92,"u":"0,92 €/L","img":"https://fd13-photos.leclercdrive.fr/image.ashx?id=2981810&use=l&cat=p&typeid=i","cat":284949},{"id":970,"n":"Boisson lactée au cacao Cacolac Bouteilles - 8x20cl","p":5.48,"u":"3,43 €/L","img":"https://fd13-photos.leclercdrive.fr/image.ashx?id=2762085&use=l&cat=p&typeid=i","cat":295246},{"id":974,"n":"Lait bio Bio Village Bouteille  Demi-écrémé UHT -  1L","p":1.08,"u":"1,08 €/L","img":"https://fd13-photos.leclercdrive.fr/image.ashx?id=2981900&use=l&cat=p&typeid=i","cat":284377},{"id":979,"n":"Beurre Mini Elle&Vire  Doux - 82% MG - 16P - 200g","p":2.84,"u":"14,20 €/KG","img":"https://fd13-photos.leclercdrive.fr/image.ashx?id=2528397&use=l&cat=p&typeid=i","cat":284379},{"id":981,"n":"Beurre Montfleuri Doux - 60% MG - 250g","p":1.95,"u":"7,80 €/KG","img":"https://fd13-photos.leclercdrive.fr/image.ashx?id=2988569&use=l&cat=p&typeid=i","cat":284379},{"id":983,"n":"Beurre Tendre Les Croisés Doux - 82% MG - 250g","p":2.59,"u":"10,36 €/KG","img":"https://fd13-photos.leclercdrive.fr/image.ashx?id=2778015&use=l&cat=p&typeid=i","cat":284379},{"id":984,"n":"Beurre Extra fin Les Croisés Doux - 82% MG - 250g","p":2.95,"u":"11,80 €/KG","img":"https://fd13-photos.leclercdrive.fr/image.ashx?id=2839873&use=l&cat=p&typeid=i","cat":284379},{"id":985,"n":"Beurre de Bretagne Les Croisés Doux - 82% MG - 500g","p":4.89,"u":"9,78 €/KG","img":"https://fd13-photos.leclercdrive.fr/image.ashx?id=2943605&use=l&cat=p&typeid=i","cat":284379},{"id":988,"n":"Beurre Les Croisés 80% MG  Demi-sel Extra fin - 250g","p":2.39,"u":"9,56 €/KG","img":"https://fd13-photos.leclercdrive.fr/image.ashx?id=2485062&use=l&cat=p&typeid=i","cat":284379},{"id":989,"n":"Beurre Tendre Les Croisés Demi-sel - 80% MG - 250g","p":2.62,"u":"10,48 €/KG","img":"https://fd13-photos.leclercdrive.fr/image.ashx?id=2778006&use=l&cat=p&typeid=i","cat":284379},{"id":990,"n":"Beurre Tendre Les Croisés Doux - 82% MG - 250g","p":2.29,"u":"9,16 €/KG","img":"https://fd13-photos.leclercdrive.fr/image.ashx?id=2839887&use=l&cat=p&typeid=i","cat":284379},{"id":991,"n":"Beurre de Bretagne Les Croisés Demi-sel - 80% MG - 500g","p":4.89,"u":"9,78 €/KG","img":"https://fd13-photos.leclercdrive.fr/image.ashx?id=2943602&use=l&cat=p&typeid=i","cat":284379},{"id":1004,"n":"Crème UHT Elle&Vire Semi-Ep. Si Légère - 4% MG - 3x20cl","p":2.6,"u":"4,33 €/L","img":"https://fd13-photos.leclercdrive.fr/image.ashx?id=2985282&use=l&cat=p&typeid=i","cat":284381},{"id":1006,"n":"Crème Chantilly sucrée Délisse Allégée sous pression - 250g","p":1.85,"u":"7,40 €/KG","img":"https://fd13-photos.leclercdrive.fr/image.ashx?id=3002515&use=l&cat=p&typeid=i","cat":284382},{"id":1008,"n":"Crème entière fluide Délisse 30%mg - 3x20cl","p":2.65,"u":"4,42 €/L","img":"https://fd13-photos.leclercdrive.fr/image.ashx?id=2509977&use=l&cat=p&typeid=i","cat":284381},{"id":1009,"n":"Crème légère semi-épaisse   Délisse 18%mg - 3x20cl","p":2.09,"u":"3,48 €/L","img":"https://fd13-photos.leclercdrive.fr/image.ashx?id=3002554&use=l&cat=p&typeid=i","cat":284381},{"id":1010,"n":"Crème entière d'Isigny AOP NRT 40cl","p":2.99,"u":"7,48 €/L","img":"https://fd13-photos.leclercdrive.fr/image.ashx?id=2255331&use=l&cat=p&typeid=i","cat":284381},{"id":1011,"n":"Crème fraîche légère Délisse Epaisse - 15% MG - 20cl","p":0.7,"u":"3,50 €/L","img":"https://fd13-photos.leclercdrive.fr/image.ashx?id=1974248&use=l&cat=p&typeid=i","cat":284381},{"id":1012,"n":"Crème fraîche légère Délisse Epaisse - 15% MG  - 50cl","p":1.55,"u":"3,10 €/L","img":"https://fd13-photos.leclercdrive.fr/image.ashx?id=3002539&use=l&cat=p&typeid=i","cat":284381},{"id":1013,"n":"Crème fraîche entière Délisse Epaisse - 30% MG - 20cl","p":0.84,"u":"4,20 €/L","img":"https://fd13-photos.leclercdrive.fr/image.ashx?id=832931&use=l&cat=p&typeid=i","cat":284381},{"id":1014,"n":"Crème fraîche entière Délisse Epaisse - 30% MG- 50cl","p":1.95,"u":"3,90 €/L","img":"https://fd13-photos.leclercdrive.fr/image.ashx?id=3002524&use=l&cat=p&typeid=i","cat":284381},{"id":1019,"n":"Jambon Italien Saint Azay x6 - 100g","p":1.75,"u":"17,50 €/KG","img":"https://fd13-photos.leclercdrive.fr/image.ashx?id=2466871&use=l&cat=p&typeid=i","cat":316007},{"id":1022,"n":"Bacon Saint Azay x15 - 150g","p":1.79,"u":"11,93 €/KG","img":"https://fd13-photos.leclercdrive.fr/image.ashx?id=2974957&use=l&cat=p&typeid=i","cat":316007},{"id":1026,"n":"Assiette charcuterie Saint Azay 200g","p":5.54,"u":"27,70 €/KG","img":"https://fd13-photos.leclercdrive.fr/image.ashx?id=2257220&use=l&cat=p&typeid=i","cat":316007},{"id":1027,"n":"Plateau charcuteries Alsace NRT 200g","p":2.04,"u":"10,20 €/KG","img":"https://fd13-photos.leclercdrive.fr/image.ashx?id=2991479&use=l&cat=p&typeid=i","cat":316012},{"id":1029,"n":"Mini saucissons secs Saint Azay Nature - 75g","p":1.29,"u":"17,20 €/KG","img":"https://fd13-photos.leclercdrive.fr/image.ashx?id=2943617&use=l&cat=p&typeid=i","cat":316006},{"id":1030,"n":"Mini Saucissons secs Saint Azay Aux noix - 75g","p":1.35,"u":"18,00 €/KG","img":"https://fd13-photos.leclercdrive.fr/image.ashx?id=2943620&use=l&cat=p&typeid=i","cat":316006},{"id":1032,"n":"Saucisse sèche Saint Azay Qualité supérieure - 300g","p":3.46,"u":"11,53 €/KG","img":"https://fd13-photos.leclercdrive.fr/image.ashx?id=2283978&use=l&cat=p&typeid=i","cat":316006},{"id":1033,"n":"Chorizo Doux Saint Azay 225g","p":1.89,"u":"8,40 €/KG","img":"https://fd13-photos.leclercdrive.fr/image.ashx?id=2293375&use=l&cat=p&typeid=i","cat":316006},{"id":1034,"n":"Chorizo Fort Saint Azay 225g","p":1.89,"u":"8,40 €/KG","img":"https://fd13-photos.leclercdrive.fr/image.ashx?id=2293378&use=l&cat=p&typeid=i","cat":316006},{"id":1058,"n":"Jambon serrano IGP Saint Azay 6 tranches - 100g","p":1.69,"u":"16,90 €/KG","img":"https://fd13-photos.leclercdrive.fr/image.ashx?id=2850422&use=l&cat=p&typeid=i","cat":316007},{"id":1069,"n":"Saucisses de Montbéliard IGP NRT - 250g","p":3.19,"u":"12,76 €/KG","img":"https://fd13-photos.leclercdrive.fr/image.ashx?id=2991470&use=l&cat=p&typeid=i","cat":316012},{"id":1070,"n":"Saucisse de Morteau NRT IGP - 350g","p":5.41,"u":"15,46 €/KG","img":"https://fd13-photos.leclercdrive.fr/image.ashx?id=2991464&use=l&cat=p&typeid=i","cat":316012},{"id":1071,"n":"Coppa italienne Saint Azay 10 tranches 100 g","p":1.98,"u":"19,80 €/KG","img":"https://fd13-photos.leclercdrive.fr/image.ashx?id=2665844&use=l&cat=p&typeid=i","cat":316007},{"id":1081,"n":"Véritables Knacks d'Alsace NRT X4 - 260g","p":2.79,"u":"10,73 €/KG","img":"https://fd13-photos.leclercdrive.fr/image.ashx?id=2991488&use=l&cat=p&typeid=i","cat":316012},{"id":1087,"n":"Pâté en croûte St Azay 450g","p":2.65,"u":"5,89 €/KG","img":"https://fd13-photos.leclercdrive.fr/image.ashx?id=2932396&use=l&cat=p&typeid=i","cat":316003},{"id":1103,"n":"Foie gras de canard entier Pierre de Chaumeyrac - 180g","p":15.48,"u":"86,00 €/KG","img":"https://fd13-photos.leclercdrive.fr/image.ashx?id=2801040&use=l&cat=p&typeid=i","cat":316008},{"id":1104,"n":"Foie gras canard IGP Périgord Entier NRT - 300g","p":23.9,"u":"79,67 €/KG","img":"https://fd13-photos.leclercdrive.fr/image.ashx?id=2995661&use=l&cat=p&typeid=i","cat":316008},{"id":1105,"n":"Carottes râpées Menu Fraîcheur  Assaisonnées - 500g","p":0.99,"u":"1,98 €/KG","img":"https://fd13-photos.leclercdrive.fr/image.ashx?id=2552406&use=l&cat=p&typeid=i","cat":333657},{"id":1106,"n":"Céleri Menu Fraîcheur  Rémoulade - 300g","p":0.99,"u":"3,30 €/KG","img":"https://fd13-photos.leclercdrive.fr/image.ashx?id=2819929&use=l&cat=p&typeid=i","cat":333657},{"id":1107,"n":"Taboulé Menu Fraîcheur A l'orientale - 300g","p":0.99,"u":"3,30 €/KG","img":"https://fd13-photos.leclercdrive.fr/image.ashx?id=2816546&use=l&cat=p&typeid=i","cat":333657},{"id":1108,"n":"Taboulé Menu Fraîcheur A l'orientale - 500g","p":1.39,"u":"2,78 €/KG","img":"https://fd13-photos.leclercdrive.fr/image.ashx?id=2816549&use=l&cat=p&typeid=i","cat":333657},{"id":1109,"n":"Taboule Menu Fraîcheur Au poulet - 300g","p":1.39,"u":"4,63 €/KG","img":"https://fd13-photos.leclercdrive.fr/image.ashx?id=2901431&use=l&cat=p&typeid=i","cat":333657},{"id":1110,"n":"Riz cantonais Tables du Monde 400g","p":3.06,"u":"7,65 €/KG","img":"https://fd13-photos.leclercdrive.fr/image.ashx?id=2846553&use=l&cat=p&typeid=i","cat":333665},{"id":1116,"n":"Croque-monsieur Côté Croc 2x135g","p":1.94,"u":"7,19 €/KG","img":"https://fd13-photos.leclercdrive.fr/image.ashx?id=2885765&use=l&cat=p&typeid=i","cat":333671},{"id":1117,"n":"Manchons de poulet Côté Croc 250g","p":2.49,"u":"9,96 €/KG","img":"https://fd13-photos.leclercdrive.fr/image.ashx?id=2560467&use=l&cat=p&typeid=i","cat":333685},{"id":1118,"n":"Manchons de poulet Côté Croc Méxicaine - 250g","p":2.49,"u":"9,96 €/KG","img":"https://fd13-photos.leclercdrive.fr/image.ashx?id=2570031&use=l&cat=p&typeid=i","cat":333685},{"id":1121,"n":"Sandwich Côté Snack Jambon emmental - 145g","p":1.19,"u":"8,21 €/KG","img":"https://fd13-photos.leclercdrive.fr/image.ashx?id=2609547&use=l&cat=p&typeid=i","cat":333658},{"id":1125,"n":"Cordons bleus Côté Croc Dinde - 200g","p":1.95,"u":"9,75 €/KG","img":"https://fd13-photos.leclercdrive.fr/image.ashx?id=2915113&use=l&cat=p&typeid=i","cat":333683},{"id":1126,"n":"Nuggets de poulet Côté Croc x10 - 200g","p":1.52,"u":"7,60 €/KG","img":"https://fd13-photos.leclercdrive.fr/image.ashx?id=2883312&use=l&cat=p&typeid=i","cat":333684},{"id":1133,"n":"Nuggets de Poulet Père Dodu  x10 - 200g","p":2.12,"u":"10,60 €/KG","img":"https://fd13-photos.leclercdrive.fr/image.ashx?id=2956972&use=l&cat=p&typeid=i","cat":333684},{"id":1134,"n":"Nuggets de Fromage Père Dodu  x10 - 180g","p":2.2,"u":"12,22 €/KG","img":"https://fd13-photos.leclercdrive.fr/image.ashx?id=2956990&use=l&cat=p&typeid=i","cat":333684},{"id":1135,"n":"Pizza fraîche Turini Jambon fromage - 450g","p":2.39,"u":"5,31 €/KG","img":"https://fd13-photos.leclercdrive.fr/image.ashx?id=2709719&use=l&cat=p&typeid=i","cat":333679},{"id":1136,"n":"Pizza fraîche Turini 4 fromages - 450g","p":2.49,"u":"5,53 €/KG","img":"https://fd13-photos.leclercdrive.fr/image.ashx?id=2967639&use=l&cat=p&typeid=i","cat":333679},{"id":1137,"n":"Pizza Turini Chèvre lardons - 450g","p":2.58,"u":"5,73 €/KG","img":"https://fd13-photos.leclercdrive.fr/image.ashx?id=2727611&use=l&cat=p&typeid=i","cat":333679},{"id":1142,"n":"Ravioli Lustucru Selection  Boeuf - 300g","p":1.81,"u":"6,03 €/KG","img":"https://fd13-photos.leclercdrive.fr/image.ashx?id=2938659&use=l&cat=p&typeid=i","cat":333682},{"id":1144,"n":"Ravioli jambon Turini 300g","p":2.06,"u":"6,87 €/KG","img":"https://fd13-photos.leclercdrive.fr/image.ashx?id=2777997&use=l&cat=p&typeid=i","cat":333682},{"id":1145,"n":"Ravioli 4 fromages Turini 300g","p":1.49,"u":"4,97 €/KG","img":"https://fd13-photos.leclercdrive.fr/image.ashx?id=813114&use=l&cat=p&typeid=i","cat":333682},{"id":1147,"n":"Kit Pâte à pizza Croustipate 600g","p":3.28,"u":"5,47 €/KG","img":"https://fd13-photos.leclercdrive.fr/image.ashx?id=2161651&use=l&cat=p&typeid=i","cat":333681},{"id":1149,"n":"Pâte à pizza Tablier Blanc 260g","p":1.05,"u":"4,04 €/KG","img":"https://fd13-photos.leclercdrive.fr/image.ashx?id=2041773&use=l&cat=p&typeid=i","cat":333681},{"id":1150,"n":"Pâte sablée Tablier Blanc 230g","p":1.09,"u":"4,74 €/KG","img":"https://fd13-photos.leclercdrive.fr/image.ashx?id=2635898&use=l&cat=p&typeid=i","cat":333681},{"id":1151,"n":"Pâte feuilletée Tablier Blanc Au beurre - 230g","p":1.15,"u":"5,00 €/KG","img":"https://fd13-photos.leclercdrive.fr/image.ashx?id=2635895&use=l&cat=p&typeid=i","cat":333681},{"id":1152,"n":"Pâte feuilletée Tablier Blanc Prête à dérouler - 230g","p":0.74,"u":"3,22 €/KG","img":"https://fd13-photos.leclercdrive.fr/image.ashx?id=2635889&use=l&cat=p&typeid=i","cat":333681},{"id":1154,"n":"Lardons de saumon fumé Ronde des Mers - 90g","p":3.6,"u":"40,00 €/KG","img":"https://fd13-photos.leclercdrive.fr/image.ashx?id=2449975&use=l&cat=p&typeid=i","cat":285188},{"id":1163,"n":"Mini blinis Ronde des Mers x16 - 135g","p":0.99,"u":"7,33 €/KG","img":"https://fd13-photos.leclercdrive.fr/image.ashx?id=2981849&use=l&cat=p&typeid=i","cat":285191},{"id":1164,"n":"Bâtonnets surimi Pêche Océan MSC - 400g","p":2.19,"u":"5,48 €/KG","img":"https://fd13-photos.leclercdrive.fr/image.ashx?id=2981840&use=l&cat=p&typeid=i","cat":285189},{"id":1165,"n":"Bâtonnets Surimi Pêche Océan MSC - x30 - 500g","p":2.74,"u":"5,48 €/KG","img":"https://fd13-photos.leclercdrive.fr/image.ashx?id=2981864&use=l&cat=p&typeid=i","cat":285189},{"id":1166,"n":"Miettes de surimi Pêche Océan MSC - 180g","p":1.64,"u":"9,11 €/KG","img":"https://fd13-photos.leclercdrive.fr/image.ashx?id=2981861&use=l&cat=p&typeid=i","cat":285189},{"id":1167,"n":"Oeufs de lompe Ronde des mers Noir - MSC - 100g","p":2.6,"u":"26,00 €/KG","img":"https://fd13-photos.leclercdrive.fr/image.ashx?id=1511089&use=l&cat=p&typeid=i","cat":285191},{"id":1168,"n":"Filets de hareng Pêche Océan MSC - Doux - 200g","p":1.75,"u":"8,75 €/KG","img":"https://fd13-photos.leclercdrive.fr/image.ashx?id=2992489&use=l&cat=p&typeid=i","cat":285190},{"id":1169,"n":"Filets d'anchois Pêche Océan À l'huile d'olive - 105g","p":2.45,"u":"23,33 €/KG","img":"https://fd13-photos.leclercdrive.fr/image.ashx?id=1671925&use=l&cat=p&typeid=i","cat":285190},{"id":1175,"n":"Pizza Cuite sur pierre Turini Saumon crevettes - 400g","p":2.25,"u":"5,63 €/KG","img":"https://fd13-photos.leclercdrive.fr/image.ashx?id=2815217&use=l&cat=p&typeid=i","cat":284256},{"id":1178,"n":"Pizza Cuite sur pierre Volpone  Bolognaise - 400g","p":2.0,"u":"5,00 €/KG","img":"https://fd13-photos.leclercdrive.fr/image.ashx?id=2815208&use=l&cat=p&typeid=i","cat":284256},{"id":1179,"n":"Pizza Royale Turini Cuite au feu de bois - 440g","p":2.15,"u":"4,89 €/KG","img":"https://fd13-photos.leclercdrive.fr/image.ashx?id=2815199&use=l&cat=p&typeid=i","cat":284256},{"id":1180,"n":"Quiche Lorraine Côté Table 400g","p":2.49,"u":"6,23 €/KG","img":"https://fd13-photos.leclercdrive.fr/image.ashx?id=2869778&use=l&cat=p&typeid=i","cat":284257},{"id":1181,"n":"Tarte aux poireaux Côté Table - 400g","p":2.55,"u":"6,38 €/KG","img":"https://fd13-photos.leclercdrive.fr/image.ashx?id=2791710&use=l&cat=p&typeid=i","cat":284257},{"id":1182,"n":"Crêpes Côté Table Jambon fromage x6 - 300g","p":1.99,"u":"6,63 €/KG","img":"https://fd13-photos.leclercdrive.fr/image.ashx?id=2932402&use=l&cat=p&typeid=i","cat":319776},{"id":1183,"n":"Crêpes Côté Table Jambon fromage x20 1kg","p":3.89,"u":"3,89 €/KG","img":"https://fd13-photos.leclercdrive.fr/image.ashx?id=2932405&use=l&cat=p&typeid=i","cat":319776},{"id":1185,"n":"Steaks hachés Charal Pur Bœuf 15% MG 10x100g - 1kg","p":15.3,"u":"15,30 €/KG","img":"https://fd13-photos.leclercdrive.fr/image.ashx?id=2659300&use=l&cat=p&typeid=i","cat":319778},{"id":1186,"n":"Haché Extra Moelleux Charal 10x100g - 1kg","p":12.71,"u":"12,71 €/KG","img":"https://fd13-photos.leclercdrive.fr/image.ashx?id=2731735&use=l&cat=p&typeid=i","cat":319778},{"id":1187,"n":"Haché à l'oignon Charal 10x100g - 1kg","p":9.17,"u":"9,17 €/KG","img":"https://fd13-photos.leclercdrive.fr/image.ashx?id=2741940&use=l&cat=p&typeid=i","cat":319778},{"id":1191,"n":"Poisson Bordelaise Pêche Océan MSC - 400g","p":2.99,"u":"7,48 €/KG","img":"https://fd13-photos.leclercdrive.fr/image.ashx?id=2930081&use=l&cat=p&typeid=i","cat":319788},{"id":1192,"n":"Colin d'Alaska MSC Pêche Océan À l'oseille x2 - 400g","p":3.15,"u":"7,88 €/KG","img":"https://fd13-photos.leclercdrive.fr/image.ashx?id=2930099&use=l&cat=p&typeid=i","cat":319786},{"id":1193,"n":"Pané colin d'Alaska Pêche Océan x15 bâtonnets - MSC - 450g","p":2.27,"u":"5,04 €/KG","img":"https://fd13-photos.leclercdrive.fr/image.ashx?id=1682702&use=l&cat=p&typeid=i","cat":319788},{"id":1194,"n":"Calamars Pêche Océan A la romaine 40/60 - 500g","p":4.45,"u":"8,90 €/KG","img":"https://fd13-photos.leclercdrive.fr/image.ashx?id=625137&use=l&cat=p&typeid=i","cat":319788},{"id":1196,"n":"Coquilles Saint-Jacques Coté Table - 4x90g","p":4.79,"u":"13,31 €/KG","img":"https://fd13-photos.leclercdrive.fr/image.ashx?id=2625071&use=l&cat=p&typeid=i","cat":319775},{"id":1197,"n":"Paëlla royale Côté Table Fruits de mer poulet 1kg","p":4.07,"u":"4,07 €/KG","img":"https://fd13-photos.leclercdrive.fr/image.ashx?id=2663353&use=l&cat=p&typeid=i","cat":284254},{"id":1200,"n":"Poêlée paysanne Côté Table 900g","p":4.3,"u":"4,78 €/KG","img":"https://fd13-photos.leclercdrive.fr/image.ashx?id=2471670&use=l&cat=p&typeid=i","cat":319823},{"id":1201,"n":"Poêlée campagnarde Côté Table 900g","p":4.64,"u":"5,16 €/KG","img":"https://fd13-photos.leclercdrive.fr/image.ashx?id=2647414&use=l&cat=p&typeid=i","cat":319823},{"id":1202,"n":"Pâtes Carbonara Côté Table 900g","p":4.18,"u":"4,64 €/KG","img":"https://fd13-photos.leclercdrive.fr/image.ashx?id=2900064&use=l&cat=p&typeid=i","cat":284254},{"id":1212,"n":"Choux de Bruxelles Notre Jardin 1kg","p":1.95,"u":"1,95 €/KG","img":"https://fd13-photos.leclercdrive.fr/image.ashx?id=2873012&use=l&cat=p&typeid=i","cat":319805},{"id":1214,"n":"Haricots verts Notre jardin Très fins 1kg","p":1.82,"u":"1,82 €/KG","img":"https://fd13-photos.leclercdrive.fr/image.ashx?id=2900043&use=l&cat=p&typeid=i","cat":319805},{"id":1215,"n":"Haricots verts Notre Jardin Extra fins 1kg","p":1.85,"u":"1,85 €/KG","img":"https://fd13-photos.leclercdrive.fr/image.ashx?id=2873048&use=l&cat=p&typeid=i","cat":319805},{"id":1216,"n":"Courgettes Notre Jardin Rondelles 1kg","p":1.29,"u":"1,29 €/KG","img":"https://fd13-photos.leclercdrive.fr/image.ashx?id=2873096&use=l&cat=p&typeid=i","cat":319805},{"id":1217,"n":"Epinards Notre Jardin Branches - 1kg","p":1.3,"u":"1,30 €/KG","img":"https://fd13-photos.leclercdrive.fr/image.ashx?id=2873069&use=l&cat=p&typeid=i","cat":319805},{"id":1218,"n":"Epinards Notre Jardin Hâchés - 1kg","p":1.34,"u":"1,34 €/KG","img":"https://fd13-photos.leclercdrive.fr/image.ashx?id=2900037&use=l&cat=p&typeid=i","cat":319805},{"id":1219,"n":"Epinards Notre Jardin Hachés A la crème fraîche - 1kg","p":1.67,"u":"1,67 €/KG","img":"https://fd13-photos.leclercdrive.fr/image.ashx?id=2916656&use=l&cat=p&typeid=i","cat":319805},{"id":1220,"n":"Carottes Notre Jardin En rondelles 1kg","p":1.09,"u":"1,09 €/KG","img":"https://fd13-photos.leclercdrive.fr/image.ashx?id=2900070&use=l&cat=p&typeid=i","cat":319805},{"id":1221,"n":"Petits pois carottes Notre Jardin 1kg","p":2.25,"u":"2,25 €/KG","img":"https://fd13-photos.leclercdrive.fr/image.ashx?id=2900052&use=l&cat=p&typeid=i","cat":319805},{"id":1222,"n":"Petits pois Notre Jardin Extra fins 1kg","p":1.89,"u":"1,89 €/KG","img":"https://fd13-photos.leclercdrive.fr/image.ashx?id=2873063&use=l&cat=p&typeid=i","cat":319805},{"id":1225,"n":"Légumes Notre Jardin Pour ratatouille 1kg","p":2.35,"u":"2,35 €/KG","img":"https://fd13-photos.leclercdrive.fr/image.ashx?id=2900058&use=l&cat=p&typeid=i","cat":319823},{"id":1226,"n":"Légumes potage Notre Jardin 1kg","p":1.28,"u":"1,28 €/KG","img":"https://fd13-photos.leclercdrive.fr/image.ashx?id=2916647&use=l&cat=p&typeid=i","cat":319805},{"id":1227,"n":"Poêlée de légumes Notre Jardin Méridionale - 1kg","p":2.95,"u":"2,95 €/KG","img":"https://fd13-photos.leclercdrive.fr/image.ashx?id=2803948&use=l&cat=p&typeid=i","cat":319823},{"id":1228,"n":"Poêlée de légumes Notre jardin Champêtre - 1kg","p":2.99,"u":"2,99 €/KG","img":"https://fd13-photos.leclercdrive.fr/image.ashx?id=2832867&use=l&cat=p&typeid=i","cat":319823},{"id":1229,"n":"Poêlée de légumes Notre Jardin Bretonne - 1kg","p":2.61,"u":"2,61 €/KG","img":"https://fd13-photos.leclercdrive.fr/image.ashx?id=2803951&use=l&cat=p&typeid=i","cat":319823},{"id":1238,"n":"Pommes rissolées Pom'lisse 1kg","p":1.56,"u":"1,56 €/KG","img":"https://fd13-photos.leclercdrive.fr/image.ashx?id=2704597&use=l&cat=p&typeid=i","cat":319792},{"id":1239,"n":"Frites allumettes Pom'lisse 1kg","p":1.85,"u":"1,85 €/KG","img":"https://fd13-photos.leclercdrive.fr/image.ashx?id=2699378&use=l&cat=p&typeid=i","cat":319791},{"id":1240,"n":"Frites Pom'lisse 2.5 kg","p":4.55,"u":"1,82 €/KG","img":"https://fd13-photos.leclercdrive.fr/image.ashx?id=2699390&use=l&cat=p&typeid=i","cat":319791},{"id":1242,"n":"Pom'Steak rustique Pom'Lisse Sachet - 1kg","p":2.29,"u":"2,29 €/KG","img":"https://fd13-photos.leclercdrive.fr/image.ashx?id=2704606&use=l&cat=p&typeid=i","cat":319791},{"id":1243,"n":"Frites Pom'lisse Au four - 600g","p":1.15,"u":"1,92 €/KG","img":"https://fd13-photos.leclercdrive.fr/image.ashx?id=2770678&use=l&cat=p&typeid=i","cat":319791},{"id":1244,"n":"Potatoes Pom'lisse Finement épicées - 600g","p":1.16,"u":"1,93 €/KG","img":"https://fd13-photos.leclercdrive.fr/image.ashx?id=2699663&use=l&cat=p&typeid=i","cat":319791},{"id":1245,"n":"Pommes noisettes Pom'lisse 1kg","p":1.88,"u":"1,88 €/KG","img":"https://fd13-photos.leclercdrive.fr/image.ashx?id=2958314&use=l&cat=p&typeid=i","cat":319792},{"id":1246,"n":"Pommes dauphine Pom'lisse 500g","p":1.49,"u":"2,98 €/KG","img":"https://fd13-photos.leclercdrive.fr/image.ashx?id=2699657&use=l&cat=p&typeid=i","cat":319792},{"id":1248,"n":"Frites Pom'lisse 1kg","p":1.87,"u":"1,87 €/KG","img":"https://fd13-photos.leclercdrive.fr/image.ashx?id=2699651&use=l&cat=p&typeid=i","cat":319791},{"id":1251,"n":"Crème glacée Eskiss Vanille de Madagascar - 494g","p":1.65,"u":"3,34 €/KG","img":"https://fd13-photos.leclercdrive.fr/image.ashx?id=2982592&use=l&cat=p&typeid=i","cat":284263},{"id":1252,"n":"Glace Smicy Vanille fraise chocolat - 345g","p":2.41,"u":"6,99 €/KG","img":"https://fd13-photos.leclercdrive.fr/image.ashx?id=2951113&use=l&cat=p&typeid=i","cat":285250},{"id":1335,"n":"Liquide vaisselle Visior Citron - 750ml","p":1.2,"u":"1,60 €/L","img":"https://fd13-photos.leclercdrive.fr/image.ashx?id=2930849&use=l&cat=p&typeid=i","cat":284655},{"id":1336,"n":"Liquide vaisselle Visior Ultra Peaux sensibles 500ml","p":0.64,"u":"1,28 €/L","img":"https://fd13-photos.leclercdrive.fr/image.ashx?id=2951116&use=l&cat=p&typeid=i","cat":284655},{"id":1345,"n":"Gants jetables Mamison latex T8 x10","p":1.33,"img":"https://fd13-photos.leclercdrive.fr/image.ashx?id=2742691&use=l&cat=p&typeid=i","cat":284668},{"id":1346,"n":"Eponges Mamison végétales Super absorbantes x3","p":1.17,"u":"0,39 €/P","img":"https://fd13-photos.leclercdrive.fr/image.ashx?id=2458052&use=l&cat=p&typeid=i","cat":284667},{"id":1358,"n":"Nettoyant Gel avec javel Clair 1L","p":1.09,"u":"1,09 €/L","img":"https://fd13-photos.leclercdrive.fr/image.ashx?id=2705062&use=l&cat=p&typeid=i","cat":284907},{"id":1359,"n":"Pastilles javel Clair x48 - 150g","p":1.65,"u":"11,00 €/KG","img":"https://fd13-photos.leclercdrive.fr/image.ashx?id=2631426&use=l&cat=p&typeid=i","cat":284661},{"id":1376,"n":"Lingettes nettoyantes Clair Sols muguet larges x15","p":1.14,"img":"https://fd13-photos.leclercdrive.fr/image.ashx?id=2593815&use=l&cat=p&typeid=i","cat":325364},{"id":1381,"n":"Dépoussiérant Clair meuble Cire 300ml","p":1.33,"u":"4,43 €/L","img":"https://fd13-photos.leclercdrive.fr/image.ashx?id=2819256&use=l&cat=p&typeid=i","cat":325364},{"id":1386,"n":"Nettoyant four Clair 500ml","p":1.53,"u":"3,06 €/L","img":"https://fd13-photos.leclercdrive.fr/image.ashx?id=2858824&use=l&cat=p&typeid=i","cat":325363},{"id":1392,"n":"Blocs wc eau bleue Syphon x2 80g","p":1.12,"u":"14,00 €/KG","img":"https://fd13-photos.leclercdrive.fr/image.ashx?id=2302537&use=l&cat=p&typeid=i","cat":284662},{"id":1398,"n":"Recharge diffuseur électrique Insectivor anti-moustiques - x1","p":2.27,"img":"https://fd13-photos.leclercdrive.fr/image.ashx?id=2717105&use=l&cat=p&typeid=i","cat":298368},{"id":1400,"n":"Papier aluminium Elembal 20m","p":2.62,"img":"https://fd13-photos.leclercdrive.fr/image.ashx?id=2756846&use=l&cat=p&typeid=i","cat":334134},{"id":1401,"n":"Barquettes aluminium Elembal x10 0.5L","p":2.56,"img":"https://fd13-photos.leclercdrive.fr/image.ashx?id=1733306&use=l&cat=p&typeid=i","cat":334134},{"id":1404,"n":"Barquettes aluminium Elembal x5 1,5L","p":2.77,"img":"https://fd13-photos.leclercdrive.fr/image.ashx?id=1733309&use=l&cat=p&typeid=i","cat":334134},{"id":1405,"n":"Barquettes aluminium Elembal x5 2L","p":3.46,"img":"https://fd13-photos.leclercdrive.fr/image.ashx?id=2455099&use=l&cat=p&typeid=i","cat":334134},{"id":1407,"n":"Film étirable Elembal 30m","p":1.2,"img":"https://fd13-photos.leclercdrive.fr/image.ashx?id=2431191&use=l&cat=p&typeid=i","cat":334134},{"id":1412,"n":"Sacs congélation Elembal Grand modèle x25","p":1.08,"img":"https://fd13-photos.leclercdrive.fr/image.ashx?id=2169147&use=l&cat=p&typeid=i","cat":334134},{"id":1413,"n":"Sacs congélation Elembal Petit modèle x50","p":1.1,"img":"https://fd13-photos.leclercdrive.fr/image.ashx?id=2158155&use=l&cat=p&typeid=i","cat":334134},{"id":1414,"n":"Sacs poubelle 30L Elembal à liens classiques - x25","p":1.26,"u":"0,05 €/P","img":"https://fd13-photos.leclercdrive.fr/image.ashx?id=2958699&use=l&cat=p&typeid=i","cat":285168},{"id":1415,"n":"Sacs poubelle 130L Elembal à liens classiques - x10","p":4.65,"u":"0,47 €/P","img":"https://fd13-photos.leclercdrive.fr/image.ashx?id=2791743&use=l&cat=p&typeid=i","cat":285168},{"id":1416,"n":"Sacs poubelle 100L Elembal Poignées coulissantes - x10","p":1.62,"u":"0,16 €/P","img":"https://fd13-photos.leclercdrive.fr/image.ashx?id=1959148&use=l&cat=p&typeid=i","cat":285168},{"id":1417,"n":"Sacs poubelle 100L Elembal à liens classiques - x10","p":1.54,"u":"0,15 €/P","img":"https://fd13-photos.leclercdrive.fr/image.ashx?id=2791734&use=l&cat=p&typeid=i","cat":285168},{"id":1418,"n":"Sacs poubelle 50L Elembal à liens classiques - x15","p":2.19,"u":"0,15 €/P","img":"https://fd13-photos.leclercdrive.fr/image.ashx?id=2958693&use=l&cat=p&typeid=i","cat":285168},{"id":1419,"n":"Sacs poubelle Elembal 20L x20","p":1.2,"u":"0,06 €/P","img":"https://fd13-photos.leclercdrive.fr/image.ashx?id=2100551&use=l&cat=p&typeid=i","cat":285168},{"id":1420,"n":"Sacs poubelle Elembal 20L A poignées - x30","p":2.08,"u":"0,07 €/P","img":"https://fd13-photos.leclercdrive.fr/image.ashx?id=2791674&use=l&cat=p&typeid=i","cat":285168},{"id":1421,"n":"Sacs poubelle Elembal 30L A poignées - x20","p":2.49,"u":"0,12 €/P","img":"https://fd13-photos.leclercdrive.fr/image.ashx?id=2791677&use=l&cat=p&typeid=i","cat":285168},{"id":1423,"n":"Sacs poubelle 50L Elembal Poignées coulissantes - x15","p":2.31,"u":"0,15 €/P","img":"https://fd13-photos.leclercdrive.fr/image.ashx?id=2958696&use=l&cat=p&typeid=i","cat":285168},{"id":1427,"n":"Gel douche Manava Pétales d'Orient - 250ml","p":1.15,"u":"4,60 €/L","img":"https://fd13-photos.leclercdrive.fr/image.ashx?id=2494214&use=l&cat=p&typeid=i","cat":284594},{"id":1428,"n":"Lait de douche Manava Coeur de vanille - 250ml","p":0.94,"u":"3,76 €/L","img":"https://fd13-photos.leclercdrive.fr/image.ashx?id=2456141&use=l&cat=p&typeid=i","cat":284594},{"id":1429,"n":"Gel douche Manava Boisé - 250ml","p":1.15,"u":"4,60 €/L","img":"https://fd13-photos.leclercdrive.fr/image.ashx?id=2809653&use=l&cat=p&typeid=i","cat":284594},{"id":1433,"n":"Recharge savon mains Manava Crème perles d'oranger - 250ml","p":0.68,"u":"2,72 €/L","img":"https://fd13-photos.leclercdrive.fr/image.ashx?id=2935483&use=l&cat=p&typeid=i","cat":284597},{"id":1435,"n":"Recharge savon mains Manava Crème Amande - 250ml","p":0.57,"u":"2,28 €/L","img":"https://fd13-photos.leclercdrive.fr/image.ashx?id=2935474&use=l&cat=p&typeid=i","cat":284597},{"id":1436,"n":"Lait de douche Manava Amande douce - 250ml","p":0.94,"u":"3,76 €/L","img":"https://fd13-photos.leclercdrive.fr/image.ashx?id=2771346&use=l&cat=p&typeid=i","cat":284594},{"id":1437,"n":"Lait de douche Manava Lait de coco - 250ml","p":0.94,"u":"3,76 €/L","img":"https://fd13-photos.leclercdrive.fr/image.ashx?id=2443176&use=l&cat=p&typeid=i","cat":284594},{"id":1441,"n":"Cire Chaude au Sucre Pure Veet Vanille 98% naturelle 250ml","p":4.64,"u":"18,56 €/L","img":"https://fd13-photos.leclercdrive.fr/image.ashx?id=2960684&use=l&cat=p&typeid=i","cat":325351},{"id":1449,"n":"Déodorant Manava fraîcheur Vanille glacée spray 200ml","p":1.39,"u":"6,95 €/L","img":"https://fd13-photos.leclercdrive.fr/image.ashx?id=2656445&use=l&cat=p&typeid=i","cat":284595},{"id":1464,"n":"Rasoirs jetables Bic 1 Sensitive - x10","p":1.53,"u":"0,15 €/P","img":"https://fd13-photos.leclercdrive.fr/image.ashx?id=2218035&use=l&cat=p&typeid=i","cat":284616},{"id":1465,"n":"Rasoirs jetables Comfort 2 Bic x10","p":2.58,"u":"0,26 €/P","img":"https://fd13-photos.leclercdrive.fr/image.ashx?id=2984862&use=l&cat=p&typeid=i","cat":284616},{"id":1466,"n":"Rasoirs jetables Bic 3 lames - x8","p":3.25,"u":"0,41 €/P","img":"https://fd13-photos.leclercdrive.fr/image.ashx?id=2789014&use=l&cat=p&typeid=i","cat":284616},{"id":1473,"n":"Gel à raser Carré Homme Hydratant 200ml","p":1.69,"u":"8,45 €/L","img":"https://fd13-photos.leclercdrive.fr/image.ashx?id=2771582&use=l&cat=p&typeid=i","cat":284617},{"id":1474,"n":"Rasoirs jetables Carré Homme 2 lames - x10","p":1.5,"u":"0,15 €/P","img":"https://fd13-photos.leclercdrive.fr/image.ashx?id=2873543&use=l&cat=p&typeid=i","cat":284616},{"id":1481,"n":"Dentifrice Dentamyl Protection caries - 75ml","p":0.73,"u":"9,73 €/L","img":"https://fd13-photos.leclercdrive.fr/image.ashx?id=2699129&use=l&cat=p&typeid=i","cat":284612},{"id":1482,"n":"Dentifrice enfant Dentamyl Fraise - 3-6 ans - 50ml","p":0.89,"u":"17,80 €/L","img":"https://fd13-photos.leclercdrive.fr/image.ashx?id=2075188&use=l&cat=p&typeid=i","cat":288898},{"id":1486,"n":"Brosse à dents enfant Dentamyl 2-6 ans x1","p":0.51,"img":"https://fd13-photos.leclercdrive.fr/image.ashx?id=1980485&use=l&cat=p&typeid=i","cat":288897},{"id":1487,"n":"Pansements Primoplast Multi-usages x40","p":1.11,"img":"https://fd13-photos.leclercdrive.fr/image.ashx?id=2856456&use=l&cat=p&typeid=i","cat":284630},{"id":1488,"n":"Mouchoirs blancs 4 plis Caresse Mouchoirs papier Lotion x12","p":2.28,"u":"0,19 €/P","img":"https://fd13-photos.leclercdrive.fr/image.ashx?id=2572993&use=l&cat=p&typeid=i","cat":284638},{"id":1627,"n":"Lingettes bébé Mots d'Enfants Ultra-douces - x72","p":1.75,"u":"0,02 €/P","img":"https://fd13-photos.leclercdrive.fr/image.ashx?id=2856447&use=l&cat=p&typeid=i","cat":284738},{"id":1629,"n":"Lingettes bébé Mots d'Enfants Sensitive - x63","p":1.32,"u":"0,02 €/P","img":"https://fd13-photos.leclercdrive.fr/image.ashx?id=2856462&use=l&cat=p&typeid=i","cat":284738},{"id":1637,"n":"Change + 2 slips maille Chorys Anatomiques - Homme/Femme - x20","p":15.94,"u":"0,80 €/P","img":"https://fd13-photos.leclercdrive.fr/image.ashx?id=2623660&use=l&cat=p&typeid=i","cat":284628},{"id":1640,"n":"Protection incontinence Chorys Rectangulaire - x24","p":4.62,"u":"0,19 €/P","img":"https://fd13-photos.leclercdrive.fr/image.ashx?id=2761980&use=l&cat=p&typeid=i","cat":284628},{"id":1654,"n":"Enveloppes adhésives Esquisse x50 11x22cm 80g","p":1.69,"u":"21,13 €/KG","img":"https://fd13-photos.leclercdrive.fr/image.ashx?id=2943181&use=l&cat=p&typeid=i","cat":284697},{"id":1655,"n":"Enveloppes adhésives Esquisse x100 11x22cm 80g","p":2.69,"img":"https://fd13-photos.leclercdrive.fr/image.ashx?id=2943184&use=l&cat=p&typeid=i","cat":284697},{"id":1658,"n":"Ruban adhésif Esquisse invisible + dévidoir - 25m","p":1.09,"u":"0,04 €/MT","img":"https://fd13-photos.leclercdrive.fr/image.ashx?id=2943199&use=l&cat=p&typeid=i","cat":334133},{"id":1662,"n":"Feuilles simples Esquisse x200 - Seyes - 21x29.7cm","p":1.79,"img":"https://fd13-photos.leclercdrive.fr/image.ashx?id=2131194&use=l&cat=p&typeid=i","cat":284697},{"id":1664,"n":"Copies doubles Esquisse Perforées - 21x29.7cm - x200","p":1.79,"img":"https://fd13-photos.leclercdrive.fr/image.ashx?id=1928770&use=l&cat=p&typeid=i","cat":284697},{"id":1666,"n":"Feuilles blanches Esquisse A4 80g - 500 feuilles","p":4.69,"img":"https://fd13-photos.leclercdrive.fr/image.ashx?id=2943196&use=l&cat=p&typeid=i","cat":284697},{"id":1683,"n":"Piles alcalines Foxter AAA/LR3 1,5V - x4","p":0.98,"img":"https://fd13-photos.leclercdrive.fr/image.ashx?id=2162150&use=l&cat=p&typeid=i","cat":300572},{"id":1684,"n":"Piles Foxter C/LR14 1.5V - x2","p":1.69,"img":"https://fd13-photos.leclercdrive.fr/image.ashx?id=2162168&use=l&cat=p&typeid=i","cat":300572},{"id":1685,"n":"Piles alcalines Foxter D/LR20 - x2","p":1.96,"img":"https://fd13-photos.leclercdrive.fr/image.ashx?id=2162171&use=l&cat=p&typeid=i","cat":300572},{"id":1686,"n":"Pile Foxter 9V/6LR61 - x1","p":1.99,"img":"https://fd13-photos.leclercdrive.fr/image.ashx?id=2162159&use=l&cat=p&typeid=i","cat":300572},{"id":1687,"n":"Pile alcaline Foxter 3LR12 4,5V - x1","p":2.25,"img":"https://fd13-photos.leclercdrive.fr/image.ashx?id=2162177&use=l&cat=p&typeid=i","cat":300572},{"id":1729,"n":"Croquettes chiens Lydog poulet Petit chien - Poulet - 1kg","p":2.92,"u":"2,92 €/KG","img":"https://fd13-photos.leclercdrive.fr/image.ashx?id=1928380&use=l&cat=p&typeid=i","cat":294526},{"id":1735,"n":"Croquettes chiens Tous Mes Amis Spécial Forme - 10kg","p":12.25,"u":"1,23 €/KG","img":"https://fd13-photos.leclercdrive.fr/image.ashx?id=1972608&use=l&cat=p&typeid=i","cat":284672},{"id":1751,"n":"Croquettes chat Purina One Adulte - Saumon/Céréales - 450g","p":2.53,"u":"5,62 €/KG","img":"https://fd13-photos.leclercdrive.fr/image.ashx?id=2683220&use=l&cat=p&typeid=i","cat":284680},{"id":1753,"n":"Croquettes chat Purina One Adulte - Saumon/Céréales -1.5kg","p":6.61,"u":"4,41 €/KG","img":"https://fd13-photos.leclercdrive.fr/image.ashx?id=2902268&use=l&cat=p&typeid=i","cat":284680},{"id":1754,"n":"Croquettes chat Purina One Adulte - Poulet/Céréales - 3kg","p":12.03,"u":"4,01 €/KG","img":"https://fd13-photos.leclercdrive.fr/image.ashx?id=2432007&use=l&cat=p&typeid=i","cat":284680},{"id":1755,"n":"Bouchées chiens Lydog Adulte - Boeuf - 4kg","p":7.49,"u":"1,87 €/KG","img":"https://fd13-photos.leclercdrive.fr/image.ashx?id=2907162&use=l&cat=p&typeid=i","cat":284672},{"id":1756,"n":"Emincés en sauce Tous mes amis pour chats -  800g","p":1.45,"u":"1,81 €/KG","img":"https://fd13-photos.leclercdrive.fr/image.ashx?id=2606798&use=l&cat=p&typeid=i","cat":285601},{"id":1762,"n":"Croquettes chat Tous mes amis Poulet légumes - 4kg","p":5.76,"u":"1,44 €/KG","img":"https://fd13-photos.leclercdrive.fr/image.ashx?id=2301406&use=l&cat=p&typeid=i","cat":284680},{"id":1763,"n":"Croquettes chat Tous mes amis Boeuf Poulet Légumes - 2kg","p":2.79,"u":"1,40 €/KG","img":"https://fd13-photos.leclercdrive.fr/image.ashx?id=2739724&use=l&cat=p&typeid=i","cat":284680},{"id":1765,"n":"Croquettes chat Tous mes amis Saumon & Légumes - 2kg","p":2.79,"u":"1,40 €/KG","img":"https://fd13-photos.leclercdrive.fr/image.ashx?id=2301394&use=l&cat=p&typeid=i","cat":284680},{"id":1768,"n":"Barquette chats Tous mes amis à l'agneau - 100g","p":0.62,"u":"6,20 €/KG","img":"https://fd13-photos.leclercdrive.fr/image.ashx?id=2052760&use=l&cat=p&typeid=i","cat":285286},{"id":1769,"n":"Barquette chats Lycat au Foie et Volaille - 100g","p":0.59,"u":"5,90 €/KG","img":"https://fd13-photos.leclercdrive.fr/image.ashx?id=2042415&use=l&cat=p&typeid=i","cat":285286},{"id":1770,"n":"Barquette chats Tous mes amis au Saumon 100g","p":0.58,"u":"5,80 €/KG","img":"https://fd13-photos.leclercdrive.fr/image.ashx?id=2042412&use=l&cat=p&typeid=i","cat":285286},{"id":1771,"n":"Terrines chats Tous mes amis Délices Multi-viandes - 3x400g","p":2.97,"u":"2,48 €/KG","img":"https://fd13-photos.leclercdrive.fr/image.ashx?id=1671538&use=l&cat=p&typeid=i","cat":285601},{"id":1772,"n":"Sachet repas chat Tous mes amis Poissons en gelée - 12x100g","p":3.65,"u":"3,04 €/KG","img":"https://fd13-photos.leclercdrive.fr/image.ashx?id=2027592&use=l&cat=p&typeid=i","cat":285286},{"id":1775,"n":"Litière minérale Catsan Hygiène plus pour chat - 10L","p":5.14,"u":"0,51 €/L","img":"https://fd13-photos.leclercdrive.fr/image.ashx?id=2692677&use=l&cat=p&typeid=i","cat":284683},{"id":1776,"n":"Litière chats Eco+ 7L","p":1.2,"u":"0,17 €/L","img":"https://fd13-photos.leclercdrive.fr/image.ashx?id=2757509&use=l&cat=p&typeid=i","cat":284683},{"id":1786,"n":"Blocs WC Syphon Activ' effect Fraîcheur marine x3","p":1.22,"u":"0,41 €/P","img":"https://fd13-photos.leclercdrive.fr/image.ashx?id=2317294&use=l&cat=p&typeid=i","cat":284662},{"id":1795,"n":"Lingettes nettoyantes Clair Multi-surfaces citron x50","p":1.38,"u":"0,03 €/P","img":"https://fd13-photos.leclercdrive.fr/image.ashx?id=2835193&use=l&cat=p&typeid=i","cat":325358},{"id":1798,"n":"Eponges Multi-usages Mamison grattantes - x3","p":0.89,"u":"0,30 €/P","img":"https://fd13-photos.leclercdrive.fr/image.ashx?id=2202341&use=l&cat=p&typeid=i","cat":284667},{"id":1799,"n":"Haricots verts Notre Jardin Très fins - 3x110g","p":1.83,"u":"5,55 €/KG","img":"https://fd13-photos.leclercdrive.fr/image.ashx?id=2987994&use=l&cat=p&typeid=i","cat":312606},{"id":1800,"n":"Lingettes nettoyantes Clair Muguet x50","p":1.72,"u":"0,03 €/P","img":"https://fd13-photos.leclercdrive.fr/image.ashx?id=2835196&use=l&cat=p&typeid=i","cat":325358},{"id":1801,"n":"Boules inox Mamison x2","p":0.44,"img":"https://fd13-photos.leclercdrive.fr/image.ashx?id=555602&use=l&cat=p&typeid=i","cat":284667},{"id":1802,"n":"Insecticide Insectivor cafards Fourmis araignées 400ml","p":2.49,"u":"6,23 €/L","img":"https://fd13-photos.leclercdrive.fr/image.ashx?id=2843039&use=l&cat=p&typeid=i","cat":298368},{"id":1804,"n":"Asperges vertes miniatures  Notre Jardin - 100g","p":1.49,"u":"14,90 €/KG","img":"https://fd13-photos.leclercdrive.fr/image.ashx?id=2591515&use=l&cat=p&typeid=i","cat":312611},{"id":1806,"n":"Insecticide Insectivor guêpes Mouches moustiques - 400ml","p":2.22,"u":"5,55 €/L","img":"https://fd13-photos.leclercdrive.fr/image.ashx?id=2835008&use=l&cat=p&typeid=i","cat":298368},{"id":1810,"n":"Gel nettoyant wc Syphon 750ml","p":1.03,"u":"1,37 €/L","img":"https://fd13-photos.leclercdrive.fr/image.ashx?id=2558775&use=l&cat=p&typeid=i","cat":284662},{"id":1812,"n":"Gel nettoyant wc Syphon 750ml","p":0.66,"u":"0,88 €/L","img":"https://fd13-photos.leclercdrive.fr/image.ashx?id=2067935&use=l&cat=p&typeid=i","cat":284662},{"id":1816,"n":"Déboucheur canalisations Syphon Gel 1L","p":1.39,"u":"1,39 €/L","img":"https://fd13-photos.leclercdrive.fr/image.ashx?id=2202347&use=l&cat=p&typeid=i","cat":284908},{"id":1821,"n":"Confiture Bonne Maman Figues violettes - 370g","p":1.91,"u":"5,16 €/KG","img":"https://fd13-photos.leclercdrive.fr/image.ashx?id=2547477&use=l&cat=p&typeid=i","cat":284480},{"id":1822,"n":"Confiture Bonne Maman Myrtilles - 370g","p":2.99,"u":"8,08 €/KG","img":"https://fd13-photos.leclercdrive.fr/image.ashx?id=2132361&use=l&cat=p&typeid=i","cat":284480},{"id":1825,"n":"Confiture Bonne Maman Cerises griottes - 370g","p":2.84,"u":"7,68 €/KG","img":"https://fd13-photos.leclercdrive.fr/image.ashx?id=2474981&use=l&cat=p&typeid=i","cat":284480},{"id":1826,"n":"Confiture Douceur du Verger Abricots - Allégée - 340g","p":1.05,"u":"3,09 €/KG","img":"https://fd13-photos.leclercdrive.fr/image.ashx?id=2965440&use=l&cat=p&typeid=i","cat":284480},{"id":1828,"n":"Confiture Bonne Maman Framboises - 370g","p":2.3,"u":"6,22 €/KG","img":"https://fd13-photos.leclercdrive.fr/image.ashx?id=2544807&use=l&cat=p&typeid=i","cat":284480},{"id":1832,"n":"Confiture Bonne Maman Oranges amères 370g","p":1.48,"u":"4,00 €/KG","img":"https://fd13-photos.leclercdrive.fr/image.ashx?id=2559184&use=l&cat=p&typeid=i","cat":284480},{"id":1833,"n":"Confiture Douceur du Verger Fraises - 340g","p":1.05,"u":"3,09 €/KG","img":"https://fd13-photos.leclercdrive.fr/image.ashx?id=2965431&use=l&cat=p&typeid=i","cat":284480},{"id":1835,"n":"Confiture Douceur du Verger Orange 340g","p":0.99,"u":"2,83 €/KG","img":"https://fd13-photos.leclercdrive.fr/image.ashx?id=2965434&use=l&cat=p&typeid=i","cat":284480},{"id":1846,"n":"Compote Douceur du Verger Gourdes Pomme Fraise - 4x90g","p":1.39,"u":"3,86 €/KG","img":"https://fd13-photos.leclercdrive.fr/image.ashx?id=2837024&use=l&cat=p&typeid=i","cat":284508},{"id":1847,"n":"Barres céréales Fitness Nestlé Chocolat - 6x23.5g","p":2.05,"u":"14,54 €/KG","img":"https://fd13-photos.leclercdrive.fr/image.ashx?id=2947009&use=l&cat=p&typeid=i","cat":285869},{"id":1848,"n":"Chocolat au lait Tablette d'Or Lait Noisettes - 3x100g","p":3.64,"u":"12,13 €/KG","img":"https://fd13-photos.leclercdrive.fr/image.ashx?id=3014347&use=l&cat=p&typeid=i","cat":284497},{"id":1864,"n":"Chocolat Tablette d'Or Noir amandes entières 200g","p":1.84,"u":"9,20 €/KG","img":"https://fd13-photos.leclercdrive.fr/image.ashx?id=2982886&use=l&cat=p&typeid=i","cat":284956},{"id":1865,"n":"Chocolat Tablette d'Or noir Ecorces d'orange 200g","p":2.45,"u":"12,25 €/KG","img":"https://fd13-photos.leclercdrive.fr/image.ashx?id=2654267&use=l&cat=p&typeid=i","cat":284956},{"id":1867,"n":"Chocolat au lait Tablette d'Or Noisettes entières - 200g","p":2.31,"u":"11,55 €/KG","img":"https://fd13-photos.leclercdrive.fr/image.ashx?id=2580889&use=l&cat=p&typeid=i","cat":284497},{"id":1868,"n":"Chocolat blanc Tablette d'Or Noisettes entières - 200g","p":2.45,"u":"12,25 €/KG","img":"https://fd13-photos.leclercdrive.fr/image.ashx?id=2753469&use=l&cat=p&typeid=i","cat":284957},{"id":1870,"n":"Tablette de chocolat Equador Noir 85% cacao - 100g","p":1.53,"u":"15,30 €/KG","img":"https://fd13-photos.leclercdrive.fr/image.ashx?id=2840734&use=l&cat=p&typeid=i","cat":284956},{"id":1871,"n":"Céréales mini-pack Kellogg's Multi-variétés - 215g","p":2.82,"u":"13,12 €/KG","img":"https://fd13-photos.leclercdrive.fr/image.ashx?id=3014467&use=l&cat=p&typeid=i","cat":309513},{"id":1872,"n":"Pâte à tartiner Nustikao Gressins 3x60g","p":1.8,"u":"10,00 €/KG","img":"https://fd13-photos.leclercdrive.fr/image.ashx?id=2440703&use=l&cat=p&typeid=i","cat":284488},{"id":1873,"n":"Petits pains grillés Epi d'Or Complet - 225g","p":0.89,"u":"3,96 €/KG","img":"https://fd13-photos.leclercdrive.fr/image.ashx?id=2726491&use=l&cat=p&typeid=i","cat":284479},{"id":1874,"n":"Chocolat Tablette d'Or Noir noisettes entières 200g","p":2.05,"u":"10,25 €/KG","img":"https://fd13-photos.leclercdrive.fr/image.ashx?id=2582516&use=l&cat=p&typeid=i","cat":284956},{"id":1878,"n":"Compote Douceur du Verger Coupelle pomme pêche - 4x100g","p":1.19,"u":"2,98 €/KG","img":"https://fd13-photos.leclercdrive.fr/image.ashx?id=2663464&use=l&cat=p&typeid=i","cat":284508},{"id":1879,"n":"Compote Douceur du Verger Coupelle pomme poire - 4x100g","p":1.17,"u":"2,93 €/KG","img":"https://fd13-photos.leclercdrive.fr/image.ashx?id=2663470&use=l&cat=p&typeid=i","cat":284508},{"id":1883,"n":"Compote Douceur du Verger Gourdes Pomme Banane - 4x90g","p":1.59,"u":"4,42 €/KG","img":"https://fd13-photos.leclercdrive.fr/image.ashx?id=2837027&use=l&cat=p&typeid=i","cat":284508},{"id":1884,"n":"Compote Douceur du Verger Gourdes Pomme - 4x90g","p":0.99,"u":"2,75 €/KG","img":"https://fd13-photos.leclercdrive.fr/image.ashx?id=2837021&use=l&cat=p&typeid=i","cat":284508},{"id":1885,"n":"Haricots verts Notre Jardin Extra fins - 440g","p":2.58,"u":"5,86 €/KG","img":"https://fd13-photos.leclercdrive.fr/image.ashx?id=2050618&use=l&cat=p&typeid=i","cat":312606},{"id":1886,"n":"Petits pois Notre Jardin A l'étuvée - Extra fins - 560g","p":1.29,"u":"2,30 €/KG","img":"https://fd13-photos.leclercdrive.fr/image.ashx?id=2526267&use=l&cat=p&typeid=i","cat":312607},{"id":1887,"n":"Champignons Paris Notre Jardin Pieds et morceaux - 3x115g","p":1.99,"u":"5,77 €/KG","img":"https://fd13-photos.leclercdrive.fr/image.ashx?id=2991115&use=l&cat=p&typeid=i","cat":312610},{"id":1888,"n":"Flageolets verts Notre Jardin Extra fins - 530g","p":1.29,"u":"2,43 €/KG","img":"https://fd13-photos.leclercdrive.fr/image.ashx?id=2468819&use=l&cat=p&typeid=i","cat":312606},{"id":1889,"n":"Macédoine légumes Notre Jardin 3x130g","p":1.75,"u":"4,49 €/KG","img":"https://fd13-photos.leclercdrive.fr/image.ashx?id=2537349&use=l&cat=p&typeid=i","cat":312612},{"id":1890,"n":"Choux Bruxelles Notre Jardin 265g","p":1.29,"u":"4,87 €/KG","img":"https://fd13-photos.leclercdrive.fr/image.ashx?id=2913654&use=l&cat=p&typeid=i","cat":312612},{"id":1895,"n":"Foie de morue Connétable MSC - Fumé - 121g","p":1.87,"u":"15,45 €/KG","img":"https://fd13-photos.leclercdrive.fr/image.ashx?id=2804454&use=l&cat=p&typeid=i","cat":305147},{"id":1897,"n":"Pâté NRT Campagne porc breton - 200g","p":1.91,"u":"9,55 €/KG","img":"https://fd13-photos.leclercdrive.fr/image.ashx?id=2560494&use=l&cat=p&typeid=i","cat":305149},{"id":1898,"n":"Cassoulet Côté Table 840g","p":2.19,"u":"2,61 €/KG","img":"https://fd13-photos.leclercdrive.fr/image.ashx?id=2977096&use=l&cat=p&typeid=i","cat":284440},{"id":1901,"n":"Taboulé Côté Table Etui 730g","p":1.87,"u":"2,56 €/KG","img":"https://fd13-photos.leclercdrive.fr/image.ashx?id=2977093&use=l&cat=p&typeid=i","cat":325094},{"id":1902,"n":"Chips à l'ancienne Pom'Lisse Nature - 150g","p":1.04,"u":"6,93 €/KG","img":"https://fd13-photos.leclercdrive.fr/image.ashx?id=2724829&use=l&cat=p&typeid=i","cat":284447},{"id":1903,"n":"Saucisses cocktail Tokapi  240g","p":1.95,"u":"8,13 €/KG","img":"https://fd13-photos.leclercdrive.fr/image.ashx?id=2943614&use=l&cat=p&typeid=i","cat":284450},{"id":1906,"n":"Huile de tournesol Lesieur  1L","p":2.67,"u":"2,67 €/L","img":"https://fd13-photos.leclercdrive.fr/image.ashx?id=2916839&use=l&cat=p&typeid=i","cat":284453},{"id":1907,"n":"Vinaigre de Xérès AOP Maille 50cl","p":2.58,"u":"5,16 €/L","img":"https://fd13-photos.leclercdrive.fr/image.ashx?id=2769624&use=l&cat=p&typeid=i","cat":298543},{"id":1909,"n":"Olives vertes Rustica Entières - 200g","p":1.24,"u":"6,20 €/KG","img":"https://fd13-photos.leclercdrive.fr/image.ashx?id=2499073&use=l&cat=p&typeid=i","cat":284458},{"id":1913,"n":"Pâtes Barilla Coquillettes - 500g","p":0.97,"u":"1,94 €/KG","img":"https://fd13-photos.leclercdrive.fr/image.ashx?id=2392218&use=l&cat=p&typeid=i","cat":284427},{"id":1920,"n":"Boisson végétale Bio Bjorg Soja Douceur - 1L","p":1.86,"u":"1,86 €/L","img":"https://fd13-photos.leclercdrive.fr/image.ashx?id=2967052&use=l&cat=p&typeid=i","cat":316067},{"id":1925,"n":"Petits beurre P'tit Déli x24 - 200g","p":0.95,"u":"4,75 €/KG","img":"https://fd13-photos.leclercdrive.fr/image.ashx?id=778266&use=l&cat=p&typeid=i","cat":284487},{"id":1935,"n":"Café Soluble Nescafé Sélection - 200g","p":6.14,"u":"30,70 €/KG","img":"https://fd13-photos.leclercdrive.fr/image.ashx?id=2968847&use=l&cat=p&typeid=i","cat":284843},{"id":1939,"n":"Infusion Tiséa verveine menthe x25","p":0.92,"u":"23,00 €/KG","img":"https://fd13-photos.leclercdrive.fr/image.ashx?id=2441102&use=l&cat=p&typeid=i","cat":293234},{"id":1943,"n":"Confiture Bonne Maman Fraises - 750g","p":3.5,"u":"4,67 €/KG","img":"https://fd13-photos.leclercdrive.fr/image.ashx?id=2906073&use=l&cat=p&typeid=i","cat":284480},{"id":1944,"n":"Miel Nid d'Abeille A tartiner - 250 g","p":1.91,"u":"7,64 €/KG","img":"https://fd13-photos.leclercdrive.fr/image.ashx?id=2696805&use=l&cat=p&typeid=i","cat":287643},{"id":1953,"n":"Sucre n°4 Saint Louis Morceaux - 1kg","p":1.95,"u":"1,95 €/KG","img":"https://fd13-photos.leclercdrive.fr/image.ashx?id=2624236&use=l&cat=p&typeid=i","cat":284502},{"id":1955,"n":"Farine de blé T45 Tablier Blanc 1kg","p":0.69,"u":"0,69 €/KG","img":"https://fd13-photos.leclercdrive.fr/image.ashx?id=2832622&use=l&cat=p&typeid=i","cat":284503},{"id":1956,"n":"Compote Douceur du Verger Coupelle pomme banane - 4x100g","p":1.3,"u":"3,25 €/KG","img":"https://fd13-photos.leclercdrive.fr/image.ashx?id=2663461&use=l&cat=p&typeid=i","cat":284508},{"id":1961,"n":"Tablette de chocolat Equador Noir 72% cacao 100g","p":1.39,"u":"13,90 €/KG","img":"https://fd13-photos.leclercdrive.fr/image.ashx?id=2822920&use=l&cat=p&typeid=i","cat":284956},{"id":1962,"n":"Tablette de Chocolat Blanc Galak - 2x100g","p":2.99,"u":"14,95 €/KG","img":"https://fd13-photos.leclercdrive.fr/image.ashx?id=2769618&use=l&cat=p&typeid=i","cat":284957},{"id":1972,"n":"Eau minérale gazeuse Perrier  Bouteilles en verre 8x20cl","p":3.29,"u":"2,06 €/L","img":"https://fd13-photos.leclercdrive.fr/image.ashx?id=2587551&use=l&cat=p&typeid=i","cat":284536},{"id":1975,"n":"Sirop Frucci Menthe - 75cl","p":1.85,"u":"2,47 €/L","img":"https://fd13-photos.leclercdrive.fr/image.ashx?id=2842208&use=l&cat=p&typeid=i","cat":295020},{"id":1980,"n":"Pur Jus d'ananas Jafaden Brique élopack 1L","p":2.09,"u":"2,09 €/L","img":"https://fd13-photos.leclercdrive.fr/image.ashx?id=2955683&use=l&cat=p&typeid=i","cat":284916},{"id":1984,"n":"Thé glacé Fresh Tea Pêche - 2L","p":1.64,"u":"0,82 €/L","img":"https://fd13-photos.leclercdrive.fr/image.ashx?id=2715281&use=l&cat=p&typeid=i","cat":295019},{"id":1989,"n":"Whisky Sir Edward's 40%vol - 70cl","p":12.65,"u":"18,07 €/L","img":"https://fd13-photos.leclercdrive.fr/image.ashx?id=2503371&use=l&cat=p&typeid=i","cat":284547},{"id":1990,"n":"Scotch Whisky Label 5 40%vol - 70cl","p":12.6,"u":"18,00 €/L","img":"https://fd13-photos.leclercdrive.fr/image.ashx?id=2639468&use=l&cat=p&typeid=i","cat":284547},{"id":1994,"n":"Whisky J&B Rare 40%vol - 70cl","p":15.55,"u":"22,21 €/L","img":"https://fd13-photos.leclercdrive.fr/image.ashx?id=2301028&use=l&cat=p&typeid=i","cat":284547},{"id":1995,"n":"Whisky Ballantine's Finest Blended Scotch 40% vol - 70cl","p":15.4,"pp":15.15,"u":"21,64 €/L","img":"https://fd13-photos.leclercdrive.fr/image.ashx?id=2981298&use=l&cat=p&typeid=i","cat":284547},{"id":1997,"n":"Whisky Clan Campbell Blended Scotch 40% vol - 70cl","p":14.87,"u":"21,24 €/L","img":"https://fd13-photos.leclercdrive.fr/image.ashx?id=2868365&use=l&cat=p&typeid=i","cat":284547},{"id":1998,"n":"Whiskey Irlandais Jameson  40% vol - 70cl","p":21.04,"u":"30,06 €/L","img":"https://fd13-photos.leclercdrive.fr/image.ashx?id=2866025&use=l&cat=p&typeid=i","cat":284547},{"id":2000,"n":"Pastis Duval 45%vol - 1L","p":18.14,"u":"18,14 €/L","img":"https://fd13-photos.leclercdrive.fr/image.ashx?id=2659656&use=l&cat=p&typeid=i","cat":284548},{"id":2001,"n":"Pastis Ricard Anisé 45% vol - 1L","p":19.89,"pp":18.89,"u":"18,89 €/L","img":"https://fd13-photos.leclercdrive.fr/image.ashx?id=2947820&use=l&cat=p&typeid=i","cat":284548},{"id":2002,"n":"Pastis de Marseille Vivalis 45%vol - 1L","p":17.02,"u":"17,02 €/L","img":"https://fd13-photos.leclercdrive.fr/image.ashx?id=2699639&use=l&cat=p&typeid=i","cat":284548},{"id":2003,"n":"Vodka premium Eristoff Original 37,5° - 70cl","p":12.75,"u":"18,21 €/L","img":"https://fd13-photos.leclercdrive.fr/image.ashx?id=2850734&use=l&cat=p&typeid=i","cat":284550},{"id":2006,"n":"Vodka Novotna  Pure grain 37.5%vol - 70cl","p":10.59,"u":"15,13 €/L","img":"https://fd13-photos.leclercdrive.fr/image.ashx?id=1654441&use=l&cat=p&typeid=i","cat":284550},{"id":2007,"n":"Rhum blanc Bacardi Carta Blanca 37,5° - 70cl","p":16.12,"u":"23,03 €/L","img":"https://fd13-photos.leclercdrive.fr/image.ashx?id=2833933&use=l&cat=p&typeid=i","cat":284550},{"id":2009,"n":"Rhum ambré Negrita 40%vol - 50cl","p":7.56,"u":"15,12 €/L","img":"https://fd13-photos.leclercdrive.fr/image.ashx?id=2785112&use=l&cat=p&typeid=i","cat":284550},{"id":2010,"n":"Rhum blanc Old Nick  40%vol - 70cl","p":10.15,"u":"14,50 €/L","img":"https://fd13-photos.leclercdrive.fr/image.ashx?id=2483747&use=l&cat=p&typeid=i","cat":284550},{"id":2012,"n":"Rhum ambré Negrita 40%vol - 1L","p":14.03,"u":"14,03 €/L","img":"https://fd13-photos.leclercdrive.fr/image.ashx?id=2519633&use=l&cat=p&typeid=i","cat":284550},{"id":2015,"n":"Liqueur The Original Baileys Irish Cream 17%vol - 70cl","p":12.22,"u":"17,46 €/L","img":"https://fd13-photos.leclercdrive.fr/image.ashx?id=2536059&use=l&cat=p&typeid=i","cat":286032},{"id":2019,"n":"Sucre de canne Lagoa 70cl","p":1.65,"u":"2,36 €/L","img":"https://fd13-photos.leclercdrive.fr/image.ashx?id=2966475&use=l&cat=p&typeid=i","cat":284551},{"id":2021,"n":"Apéritif Suze L'Originale 15% vol - 1L","p":9.66,"u":"9,66 €/L","img":"https://fd13-photos.leclercdrive.fr/image.ashx?id=2914462&use=l&cat=p&typeid=i","cat":284913},{"id":2023,"n":"Muscat Guillaume d'Arria 15.5%vol - 75cl","p":6.99,"u":"9,32 €/L","img":"https://fd13-photos.leclercdrive.fr/image.ashx?id=2974783&use=l&cat=p&typeid=i","cat":284913},{"id":2025,"n":"Muscat de Rivesaltes G. d'Arria 15.5%vol - 75cl","p":4.99,"u":"6,65 €/L","img":"https://fd13-photos.leclercdrive.fr/image.ashx?id=2974744&use=l&cat=p&typeid=i","cat":284913},{"id":2028,"n":"AOP Bordeaux rouge Baron de Lestac - 75cl","p":3.6,"u":"4,80 €/L","img":"https://fd13-photos.leclercdrive.fr/image.ashx?id=2471148&use=l&cat=p&typeid=i","cat":289556},{"id":2029,"n":"AOP Bordeaux rouge Malesan - 75 cl","p":4.54,"u":"6,05 €/L","img":"https://fd13-photos.leclercdrive.fr/image.ashx?id=2917432&use=l&cat=p&typeid=i","cat":289556},{"id":2044,"n":"IGP Pays d'Oc Merlot vin rouge Vieux Carion 13% vol -75 cl","p":2.25,"u":"3,00 €/L","img":"https://fd13-photos.leclercdrive.fr/image.ashx?id=2764724&use=l&cat=p&typeid=i","cat":289556},{"id":2045,"n":"IGP Pays d'Oc vin rouge Vieux Carion 12.5% vol -75 cl","p":2.25,"u":"3,00 €/L","img":"https://fd13-photos.leclercdrive.fr/image.ashx?id=2925168&use=l&cat=p&typeid=i","cat":289556},{"id":2049,"n":"IGP Pays d'Oc Gris vin rosé Rives & Terrasses - 75cl -12,5%","p":2.89,"u":"3,85 €/L","img":"https://fd13-photos.leclercdrive.fr/image.ashx?id=2920918&use=l&cat=p&typeid=i","cat":289558},{"id":2051,"n":"IGP Pays d'Oc Syrah vin rosé Vieux Carion 12.5% vol -75 cl","p":2.25,"u":"3,00 €/L","img":"https://fd13-photos.leclercdrive.fr/image.ashx?id=2892340&use=l&cat=p&typeid=i","cat":289558},{"id":2058,"n":"IGP Pays d'Oc Sauvignon Blanc Vieux Carion 12% vol -75 cl","p":2.25,"u":"3,00 €/L","img":"https://fd13-photos.leclercdrive.fr/image.ashx?id=2879937&use=l&cat=p&typeid=i","cat":289557},{"id":2072,"n":"AOP Champagne Mumm Cordon Rouge Brut 12% vol - 75cl","p":28.9,"pp":27.85,"u":"37,13 €/L","img":"https://fd13-photos.leclercdrive.fr/image.ashx?id=3011005&use=l&cat=p&typeid=i","cat":284542},{"id":2073,"n":"AOC Champagne brut rosé Pol Carson - 75cl","p":19.95,"u":"26,60 €/L","img":"https://fd13-photos.leclercdrive.fr/image.ashx?id=2909876&use=l&cat=p&typeid=i","cat":284542},{"id":2074,"n":"AOP Champagne demi-sec blanc Pol Carson - 75cl","p":17.99,"u":"23,99 €/L","img":"https://fd13-photos.leclercdrive.fr/image.ashx?id=2909846&use=l&cat=p&typeid=i","cat":284542},{"id":2075,"n":"AOP Champagne brut Pol Carson - 75cl","p":17.99,"u":"23,99 €/L","img":"https://fd13-photos.leclercdrive.fr/image.ashx?id=2909843&use=l&cat=p&typeid=i","cat":284542},{"id":2078,"n":"Pétillant Gibus pomme Sans alcool 75cl","p":2.31,"u":"3,08 €/L","img":"https://fd13-photos.leclercdrive.fr/image.ashx?id=1887586&use=l&cat=p&typeid=i","cat":289460},{"id":2079,"n":"Cidre bouché Les Goelleries Breton doux 2%vol. - 75cl","p":2.12,"u":"2,83 €/L","img":"https://fd13-photos.leclercdrive.fr/image.ashx?id=2842190&use=l&cat=p&typeid=i","cat":334880},{"id":2082,"n":"AOP Crémant d'Alsace brut Rebmann - 75 cl","p":5.95,"u":"7,93 €/L","img":"https://fd13-photos.leclercdrive.fr/image.ashx?id=2888935&use=l&cat=p&typeid=i","cat":284545},{"id":2087,"n":"Jus de pomme pétillant Champomy L'Original Pomme - 75cl","p":2.71,"u":"3,61 €/L","img":"https://fd13-photos.leclercdrive.fr/image.ashx?id=2688683&use=l&cat=p&typeid=i","cat":289460},{"id":2090,"n":"Emmental fromage bloc Les Croisés - 500g","p":4.19,"u":"8,38 €/KG","img":"https://fd13-photos.leclercdrive.fr/image.ashx?id=2897775&use=l&cat=p&typeid=i","cat":314034},{"id":2092,"n":"Bûche de chèvre Saint-Maure LEs Croisés 25% MG - 200g","p":2.06,"u":"10,30 €/KG","img":"https://fd13-photos.leclercdrive.fr/image.ashx?id=2894719&use=l&cat=p&typeid=i","cat":314031},{"id":2095,"n":"Emmental Fromage râpé Les Croisés - 3x70g","p":1.89,"u":"9,00 €/KG","img":"https://fd13-photos.leclercdrive.fr/image.ashx?id=2949406&use=l&cat=p&typeid=i","cat":314035},{"id":2104,"n":"Mousse à la liégeoise Délisse Chocolat - 8x80g","p":2.35,"u":"3,67 €/KG","img":"https://fd13-photos.leclercdrive.fr/image.ashx?id=3009490&use=l&cat=p&typeid=i","cat":284417},{"id":2107,"n":"Lait demi-écrémé Délisse Brique UHT -  1L","p":0.99,"u":"0,99 €/L","img":"https://fd13-photos.leclercdrive.fr/image.ashx?id=2981801&use=l&cat=p&typeid=i","cat":284377},{"id":2108,"n":"Lait entier Délisse UHT - Brique : 1L","p":1.08,"u":"1,08 €/L","img":"https://fd13-photos.leclercdrive.fr/image.ashx?id=2981819&use=l&cat=p&typeid=i","cat":285610},{"id":2111,"n":"Beurre Extra fin Les Croisés Doux - 82% MG - 250g","p":2.35,"u":"9,40 €/KG","img":"https://fd13-photos.leclercdrive.fr/image.ashx?id=2791218&use=l&cat=p&typeid=i","cat":284379},{"id":2112,"n":"Sauce Béchamel Bridélice 3x20cl","p":3.07,"u":"5,12 €/L","img":"https://fd13-photos.leclercdrive.fr/image.ashx?id=2888458&use=l&cat=p&typeid=i","cat":284382},{"id":2114,"n":"Saucisse sèche Saint Azay Qualité supérieure - 250g","p":2.99,"u":"11,96 €/KG","img":"https://fd13-photos.leclercdrive.fr/image.ashx?id=2859149&use=l&cat=p&typeid=i","cat":316006},{"id":2121,"n":"Carottes râpées Menu Fraîcheur  Assaisonnées - 300g","p":0.69,"u":"2,30 €/KG","img":"https://fd13-photos.leclercdrive.fr/image.ashx?id=2816552&use=l&cat=p&typeid=i","cat":333657},{"id":2125,"n":"Tagliatelle fraîche Turini 350g","p":1.19,"u":"3,40 €/KG","img":"https://fd13-photos.leclercdrive.fr/image.ashx?id=2846514&use=l&cat=p&typeid=i","cat":333682},{"id":2126,"n":"Pâte brisée Tablier Blanc Prête à dérouler - 230g","p":0.65,"u":"2,83 €/KG","img":"https://fd13-photos.leclercdrive.fr/image.ashx?id=2635886&use=l&cat=p&typeid=i","cat":333681},{"id":2128,"n":"Bâtonnets Surimi Pêche Océan MSC - x12 - 200g","p":1.38,"u":"6,90 €/KG","img":"https://fd13-photos.leclercdrive.fr/image.ashx?id=2981837&use=l&cat=p&typeid=i","cat":285189},{"id":2130,"n":"Filets d'anchois Pêche Océan Huile d'olive - 50g","p":1.36,"u":"27,20 €/KG","img":"https://fd13-photos.leclercdrive.fr/image.ashx?id=1671613&use=l&cat=p&typeid=i","cat":285190},{"id":2139,"n":"Gants jetables Mamison latex T7 x10","p":1.33,"img":"https://fd13-photos.leclercdrive.fr/image.ashx?id=2742688&use=l&cat=p&typeid=i","cat":284668},{"id":2141,"n":"Crème nettoyante Clair 3en1 - 750ml","p":1.15,"u":"1,53 €/L","img":"https://fd13-photos.leclercdrive.fr/image.ashx?id=2868310&use=l&cat=p&typeid=i","cat":325357},{"id":2166,"n":"Piles Foxter AA/LR6 1,5V - x4","p":0.99,"u":"0,25 €/P","img":"https://fd13-photos.leclercdrive.fr/image.ashx?id=2162156&use=l&cat=p&typeid=i","cat":300572},{"id":2175,"n":"Sucre cristal Saint Louis Sachet 1 kg","p":2.13,"u":"2,13 €/KG","img":"https://fd13-photos.leclercdrive.fr/image.ashx?id=2624245&use=l&cat=p&typeid=i","cat":284502},{"id":2179,"n":"Barres céréales Special K  Kellogg's Chocolat - 6x21,5g","p":2.12,"u":"16,43 €/KG","img":"https://fd13-photos.leclercdrive.fr/image.ashx?id=3011113&use=l&cat=p&typeid=i","cat":285869},{"id":2187,"n":"Mascarpone Les Croisés - 250g","p":1.78,"u":"7,12 €/KG","img":"https://fd13-photos.leclercdrive.fr/image.ashx?id=2123620&use=l&cat=p&typeid=i","cat":314026},{"id":2192,"n":"Papier aluminium Elembal 50m","p":4.4,"img":"https://fd13-photos.leclercdrive.fr/image.ashx?id=2940899&use=l&cat=p&typeid=i","cat":334134},{"id":2193,"n":"Film étirable Elembal 2en1 20m","p":1.25,"img":"https://fd13-photos.leclercdrive.fr/image.ashx?id=2059962&use=l&cat=p&typeid=i","cat":334134},{"id":2194,"n":"Sacs congélation Elembal Moyen modèle x50","p":1.08,"img":"https://fd13-photos.leclercdrive.fr/image.ashx?id=2257205&use=l&cat=p&typeid=i","cat":334134},{"id":2195,"n":"Sacs poubelle 30L Elembal Poignées coulissantes - x20","p":2.11,"u":"0,11 €/P","img":"https://fd13-photos.leclercdrive.fr/image.ashx?id=1959157&use=l&cat=p&typeid=i","cat":285168},{"id":2200,"n":"Muffins nature Epi d'Or x4 - 250g","p":1.51,"u":"6,04 €/KG","img":"https://fd13-photos.leclercdrive.fr/image.ashx?id=2939052&use=l&cat=p&typeid=i","cat":284985},{"id":2201,"n":"Pastis 51 Anisé 45% vol - 1L","p":19.0,"u":"19,00 €/L","img":"https://fd13-photos.leclercdrive.fr/image.ashx?id=2998916&use=l&cat=p&typeid=i","cat":284548},{"id":2236,"n":"Sucre vanillé Vahiné 10 sachets - 75g","p":1.53,"u":"20,40 €/KG","img":"https://fd13-photos.leclercdrive.fr/image.ashx?id=2490536&use=l&cat=p&typeid=i","cat":294686},{"id":2237,"n":"Arôme Fleur d'oranger Vahiné 200ml","p":1.44,"u":"7,20 €/L","img":"https://fd13-photos.leclercdrive.fr/image.ashx?id=2983231&use=l&cat=p&typeid=i","cat":284504},{"id":2238,"n":"Arôme vanille Vahiné 200ml","p":2.76,"u":"13,80 €/L","img":"https://fd13-photos.leclercdrive.fr/image.ashx?id=2490551&use=l&cat=p&typeid=i","cat":284504},{"id":2239,"n":"Gélatine alimentaire Vahiné 9 feuilles - 17g","p":1.29,"u":"75,88 €/KG","img":"https://fd13-photos.leclercdrive.fr/image.ashx?id=2876305&use=l&cat=p&typeid=i","cat":284504},{"id":2276,"n":"Antiseptique Mercurochrome Incolore spray - 100ml","p":2.49,"u":"24,90 €/L","img":"https://fd13-photos.leclercdrive.fr/image.ashx?id=2662268&use=l&cat=p&typeid=i","cat":284630},{"id":2277,"n":"Gel lubrifiant Intimy Classic - 70ml","p":2.69,"u":"38,43 €/L","img":"https://fd13-photos.leclercdrive.fr/image.ashx?id=2927330&use=l&cat=p&typeid=i","cat":285160},{"id":2279,"n":"Eau oxygénée Mercurochrome 200ml","p":1.68,"u":"8,40 €/L","img":"https://fd13-photos.leclercdrive.fr/image.ashx?id=2663980&use=l&cat=p&typeid=i","cat":284630},{"id":2280,"n":"Compresses stériles Mercurochrome - x60","p":5.88,"u":"0,10 €/P","img":"https://fd13-photos.leclercdrive.fr/image.ashx?id=2731483&use=l&cat=p&typeid=i","cat":284630},{"id":2281,"n":"Pansements Mercurochrome Famille x50","p":2.93,"u":"0,06 €/P","img":"https://fd13-photos.leclercdrive.fr/image.ashx?id=2731471&use=l&cat=p&typeid=i","cat":284630},{"id":2282,"n":"Bandes à découper Mercurochrome 6cm x10","p":3.06,"img":"https://fd13-photos.leclercdrive.fr/image.ashx?id=2719027&use=l&cat=p&typeid=i","cat":284630},{"id":2305,"n":"Lait Démaquillant Mixa  Anti-dessèchement - 200ml","p":2.76,"u":"13,80 €/L","img":"https://fd13-photos.leclercdrive.fr/image.ashx?id=2285390&use=l&cat=p&typeid=i","cat":284603},{"id":2317,"n":"Mousse Coiffante Franck Provost Cheveux Bouclés - 200ml","p":4.16,"u":"20,80 €/L","img":"https://fd13-photos.leclercdrive.fr/image.ashx?id=2575606&use=l&cat=p&typeid=i","cat":284609},{"id":2324,"n":"Eau Micellaire vitaminée Mixa Peaux Sensibles - 200ml","p":2.76,"u":"13,80 €/L","img":"https://fd13-photos.leclercdrive.fr/image.ashx?id=2445334&use=l&cat=p&typeid=i","cat":284603},{"id":2336,"n":"Baume soin Après-Rasage Mennen Peaux Sensibles - 100ml","p":3.97,"u":"39,70 €/L","img":"https://fd13-photos.leclercdrive.fr/image.ashx?id=2517905&use=l&cat=p&typeid=i","cat":288147},{"id":2338,"n":"Lotion Après-Rasage Mennen Apaisante - 125ml","p":3.69,"u":"29,52 €/L","img":"https://fd13-photos.leclercdrive.fr/image.ashx?id=2469620&use=l&cat=p&typeid=i","cat":288147},{"id":2373,"n":"Activateur biologique Eparcyl  Liquide fosse septique - 500 ml","p":6.36,"u":"12,72 €/L","img":"https://fd13-photos.leclercdrive.fr/image.ashx?id=2144059&use=l&cat=p&typeid=i","cat":284908},{"id":2411,"n":"Gel nettoyant Garnier Pure Tube 150ml","p":3.33,"u":"22,20 €/L","img":"https://fd13-photos.leclercdrive.fr/image.ashx?id=2751651&use=l&cat=p&typeid=i","cat":284603},{"id":2438,"n":"Eponges Spontex grattantes Stop-graisse x2","p":1.19,"u":"0,60 €/P","img":"https://fd13-photos.leclercdrive.fr/image.ashx?id=2973078&use=l&cat=p&typeid=i","cat":284667},{"id":2441,"n":"Préservatifs Durex Love Faciles et rapides à poser x6","p":2.39,"u":"0,40 €/P","img":"https://fd13-photos.leclercdrive.fr/image.ashx?id=2963895&use=l&cat=p&typeid=i","cat":284631},{"id":2484,"n":"Dentifrice Signal Haleine Pure 75ml","p":1.32,"u":"17,60 €/L","img":"https://fd13-photos.leclercdrive.fr/image.ashx?id=1984459&use=l&cat=p&typeid=i","cat":284612},{"id":2504,"n":"Levure de bière Gerblé à saupoudrer - 150g","p":2.41,"u":"16,07 €/KG","img":"https://fd13-photos.leclercdrive.fr/image.ashx?id=2575036&use=l&cat=p&typeid=i","cat":288382},{"id":2505,"n":"Crème au chocolat GERLINEA   Repas minceur - 3x210g","p":4.28,"u":"6,79 €/KG","img":"https://fd13-photos.leclercdrive.fr/image.ashx?id=2653450&use=l&cat=p&typeid=i","cat":318652},{"id":2506,"n":"Coupelle crème Gerlinea Vanille caramel -  3x210g","p":3.88,"u":"6,16 €/KG","img":"https://fd13-photos.leclercdrive.fr/image.ashx?id=2653453&use=l&cat=p&typeid=i","cat":318652},{"id":2510,"n":"Biscuits soja figue GERBLE   - 4x4, 270g","p":1.89,"u":"7,00 €/KG","img":"https://fd13-photos.leclercdrive.fr/image.ashx?id=2812720&use=l&cat=p&typeid=i","cat":318651},{"id":2511,"n":"Biscuits diététiques Gerblé Soja Orange - 280g","p":1.48,"u":"5,29 €/KG","img":"https://fd13-photos.leclercdrive.fr/image.ashx?id=2623166&use=l&cat=p&typeid=i","cat":318651},{"id":2523,"n":"Amandes effilées Couleurs Vives 125g","p":1.99,"u":"15,92 €/KG","img":"https://fd13-photos.leclercdrive.fr/image.ashx?id=2896874&use=l&cat=p&typeid=i","cat":284504},{"id":2525,"n":"Cerneaux noix Couleurs Vives 125g","p":1.78,"u":"14,83 €/KG","img":"https://fd13-photos.leclercdrive.fr/image.ashx?id=2149667&use=l&cat=p&typeid=i","cat":284357},{"id":2528,"n":"Figues sèches Couleurs Vives 500g","p":5.33,"u":"10,66 €/KG","img":"https://fd13-photos.leclercdrive.fr/image.ashx?id=1938846&use=l&cat=p&typeid=i","cat":284357},{"id":2530,"n":"Salade Notre Jardin Mâche - 125g","p":0.95,"u":"7,60 €/KG","img":"https://fd13-photos.leclercdrive.fr/image.ashx?id=2655598&use=l&cat=p&typeid=i","cat":284353},{"id":2531,"n":"Salade Notre Jardin Coeurs de laitue - 200g","p":0.99,"u":"4,95 €/KG","img":"https://fd13-photos.leclercdrive.fr/image.ashx?id=2720139&use=l&cat=p&typeid=i","cat":284353},{"id":2532,"n":"Laitue Iceberg Notre Jardin 300g","p":0.89,"u":"2,97 €/KG","img":"https://fd13-photos.leclercdrive.fr/image.ashx?id=2720151&use=l&cat=p&typeid=i","cat":284353},{"id":2542,"n":"Savon mains en gel Palmolive Antibactériens - 300ml","p":1.37,"u":"4,57 €/L","img":"https://fd13-photos.leclercdrive.fr/image.ashx?id=2831068&use=l&cat=p&typeid=i","cat":284597},{"id":2568,"n":"Laque Cheveux L'Oréal Paris Fixation forte - 150ml","p":3.79,"u":"25,27 €/L","img":"https://fd13-photos.leclercdrive.fr/image.ashx?id=2576157&use=l&cat=p&typeid=i","cat":284609},{"id":2570,"n":"Spray Cheveux L'Oréal Paris Fixation Normale - 150ml","p":4.21,"u":"28,07 €/L","img":"https://fd13-photos.leclercdrive.fr/image.ashx?id=2576160&use=l&cat=p&typeid=i","cat":284609},{"id":2571,"n":"Gel Coiffant L'Oréal Paris Ultra Fixant 24H - 150ml","p":3.51,"u":"23,40 €/L","img":"https://fd13-photos.leclercdrive.fr/image.ashx?id=2576163&use=l&cat=p&typeid=i","cat":284609},{"id":2574,"n":"Gel Coiffant L'Oréal Paris Gel Ultra Fixant 24h - 150ml","p":3.55,"u":"23,67 €/L","img":"https://fd13-photos.leclercdrive.fr/image.ashx?id=2833240&use=l&cat=p&typeid=i","cat":284609},{"id":2576,"n":"Soin anti-âge L'Oréal Paris Age Perfect - 50ml","p":7.95,"u":"159,00 €/L","img":"https://fd13-photos.leclercdrive.fr/image.ashx?id=2867356&use=l&cat=p&typeid=i","cat":325345},{"id":2588,"n":"Eau minérale Thonon 6x1.5L","p":2.41,"u":"0,27 €/L","img":"https://fd13-photos.leclercdrive.fr/image.ashx?id=2915557&use=l&cat=p&typeid=i","cat":284535},{"id":2612,"n":"Lait demi-écrémé UHT Délisse  Brique - 6x1L","p":5.94,"u":"0,99 €/L","img":"https://fd13-photos.leclercdrive.fr/image.ashx?id=2970539&use=l&cat=p&typeid=i","cat":284377},{"id":2613,"n":"Lait demi-écrémé UHT Délisse Bouteille - 6x1L","p":6.3,"u":"1,05 €/L","img":"https://fd13-photos.leclercdrive.fr/image.ashx?id=2970533&use=l&cat=p&typeid=i","cat":284377},{"id":2614,"n":"Lait demi-écrémé Délisse UHT Bouteille -  6x50cl","p":4.74,"u":"1,58 €/L","img":"https://fd13-photos.leclercdrive.fr/image.ashx?id=2970560&use=l&cat=p&typeid=i","cat":284377},{"id":2615,"n":"Lait écrémé Délisse Brique : 6x1L","p":5.52,"u":"0,92 €/L","img":"https://fd13-photos.leclercdrive.fr/image.ashx?id=2976276&use=l&cat=p&typeid=i","cat":284949},{"id":2616,"n":"Lait entier Délisse UHT - Brique : 6x1L","p":6.48,"u":"1,08 €/L","img":"https://fd13-photos.leclercdrive.fr/image.ashx?id=2970548&use=l&cat=p&typeid=i","cat":285610},{"id":2619,"n":"Lait bio Bio Village Bouteille  Demi-écrémé UHT -  6x1L","p":6.48,"u":"1,08 €/L","img":"https://fd13-photos.leclercdrive.fr/image.ashx?id=2969997&use=l&cat=p&typeid=i","cat":284377},{"id":2623,"n":"Joker Pur Jus Engagé  Multifruits - 1L","p":2.29,"u":"2,29 €/L","img":"https://fd13-photos.leclercdrive.fr/image.ashx?id=3001287&use=l&cat=p&typeid=i","cat":284917},{"id":2638,"n":"Eau minérale Courmayeur 6x1.5L","p":2.57,"u":"0,29 €/L","img":"https://fd13-photos.leclercdrive.fr/image.ashx?id=2964105&use=l&cat=p&typeid=i","cat":284535},{"id":2650,"n":"Whisky William Lawson's Finest Blend 40° - 100cl","p":17.88,"u":"17,88 €/L","img":"https://fd13-photos.leclercdrive.fr/image.ashx?id=2966134&use=l&cat=p&typeid=i","cat":284547},{"id":2679,"n":"Miel Lune de Miel fleurs 375g","p":3.08,"u":"8,21 €/KG","img":"https://fd13-photos.leclercdrive.fr/image.ashx?id=2338763&use=l&cat=p&typeid=i","cat":287643},{"id":2722,"n":"Yaourts aromatisés Délisse Vanille - 8x125g","p":2.58,"u":"2,58 €/KG","img":"https://fd13-photos.leclercdrive.fr/image.ashx?id=1541381&use=l&cat=p&typeid=i","cat":286006},{"id":2729,"n":"Pistaches grillées à sec Tokapi 300g","p":3.86,"u":"12,87 €/KG","img":"https://fd13-photos.leclercdrive.fr/image.ashx?id=2795541&use=l&cat=p&typeid=i","cat":284448},{"id":2734,"n":"Eau de source Eco+ 6x 1.5L","p":1.14,"u":"0,13 €/L","img":"https://fd13-photos.leclercdrive.fr/image.ashx?id=2905880&use=l&cat=p&typeid=i","cat":284535},{"id":2737,"n":"Eau minérale Des Alpes  6x1.5L","p":2.1,"u":"0,23 €/L","img":"https://fd13-photos.leclercdrive.fr/image.ashx?id=2768667&use=l&cat=p&typeid=i","cat":284535},{"id":2742,"n":"Eau gazeuse San Pellegrino Minérale naturelle - 6x1L","p":3.77,"u":"0,63 €/L","img":"https://fd13-photos.leclercdrive.fr/image.ashx?id=2740316&use=l&cat=p&typeid=i","cat":284536},{"id":2743,"n":"Eau gazeuse  Badoit verte finement pétillante - 6x50cl","p":2.86,"u":"0,95 €/L","img":"https://fd13-photos.leclercdrive.fr/image.ashx?id=2983081&use=l&cat=p&typeid=i","cat":284536},{"id":2757,"n":"Lait Bio demi-écrémé Lactel  UHT Bouteille - 6x1l","p":9.34,"u":"1,56 €/L","img":"https://fd13-photos.leclercdrive.fr/image.ashx?id=2886918&use=l&cat=p&typeid=i","cat":284377},{"id":2758,"n":"Lait Matin Léger de Lactel Sans lactose 1.2% mg - 6x50cl","p":5.91,"u":"1,97 €/L","img":"https://fd13-photos.leclercdrive.fr/image.ashx?id=2883564&use=l&cat=p&typeid=i","cat":317169},{"id":2776,"n":"Crème Mains Réparatrice Mixa Mains abîmées - 100ml","p":2.4,"u":"24,00 €/L","img":"https://fd13-photos.leclercdrive.fr/image.ashx?id=2276024&use=l&cat=p&typeid=i","cat":325354},{"id":2777,"n":"Crème mains protectrice Mixa Anti-dessèchement - 100ml","p":2.38,"u":"23,80 €/L","img":"https://fd13-photos.leclercdrive.fr/image.ashx?id=2299873&use=l&cat=p&typeid=i","cat":325354},{"id":2779,"n":"Whisky William Lawson's Finest Blend 40° - 70cl","p":13.54,"u":"19,34 €/L","img":"https://fd13-photos.leclercdrive.fr/image.ashx?id=2848340&use=l&cat=p&typeid=i","cat":284547},{"id":2783,"n":"Eau gazeuse Vernière 6x1.25L","p":3.5,"u":"0,47 €/L","img":"https://fd13-photos.leclercdrive.fr/image.ashx?id=2732917&use=l&cat=p&typeid=i","cat":284536},{"id":2799,"n":"Fromage frais Délisse Fruits panachés - 24x50g","p":2.88,"u":"2,40 €/KG","img":"https://fd13-photos.leclercdrive.fr/image.ashx?id=2922494&use=l&cat=p&typeid=i","cat":284414},{"id":2813,"n":"Pizza Chèvre Turini Cuite au feu de bois - 420g","p":2.21,"u":"5,26 €/KG","img":"https://fd13-photos.leclercdrive.fr/image.ashx?id=2815214&use=l&cat=p&typeid=i","cat":284256},{"id":2814,"n":"Pizza 4 fromages Turini Cuite au feu de bois - 420g","p":2.23,"u":"5,31 €/KG","img":"https://fd13-photos.leclercdrive.fr/image.ashx?id=2815211&use=l&cat=p&typeid=i","cat":284256},{"id":2845,"n":"Glace Cône Nestlé Extrême Rhum raisins x6 - 426g","p":3.58,"u":"8,40 €/KG","img":"https://fd13-photos.leclercdrive.fr/image.ashx?id=2729848&use=l&cat=p&typeid=i","cat":284264},{"id":2871,"n":"Echalote longue  500g","p":2.39,"u":"4,78 €/KG","img":"https://fd13-photos.leclercdrive.fr/image.ashx?id=1631982&use=l&cat=p&typeid=i","cat":284352},{"id":2872,"n":"Poireau Botte 1kg","p":1.79,"u":"1,79 €/KG","img":"https://fd13-photos.leclercdrive.fr/image.ashx?id=1633169&use=l&cat=p&typeid=i","cat":284352},{"id":2905,"n":"Steak haché Charal 5%mg - 400g","p":7.57,"u":"18,93 €/KG","img":"https://fd13-photos.leclercdrive.fr/image.ashx?id=1889171&use=l&cat=p&typeid=i","cat":284332},{"id":2929,"n":"Biscuits raisins GERBLE   - 4x4, 270g","p":1.86,"u":"6,89 €/KG","img":"https://fd13-photos.leclercdrive.fr/image.ashx?id=2662298&use=l&cat=p&typeid=i","cat":318651},{"id":2930,"n":"Biscuits pomme noisette GERBLE   4x4 - 230g","p":1.5,"u":"6,52 €/KG","img":"https://fd13-photos.leclercdrive.fr/image.ashx?id=2967753&use=l&cat=p&typeid=i","cat":318651},{"id":2933,"n":"Germe de blé Gerblé 250g","p":1.79,"u":"7,16 €/KG","img":"https://fd13-photos.leclercdrive.fr/image.ashx?id=2575060&use=l&cat=p&typeid=i","cat":288382},{"id":2934,"n":"Barres Amande GERBLE   - 6 sachets 150g","p":2.39,"u":"15,93 €/KG","img":"https://fd13-photos.leclercdrive.fr/image.ashx?id=2664088&use=l&cat=p&typeid=i","cat":318652},{"id":2935,"n":"Biscuits écorce confite GERBLE   - 4x5,  360g","p":1.57,"u":"4,36 €/KG","img":"https://fd13-photos.leclercdrive.fr/image.ashx?id=2662907&use=l&cat=p&typeid=i","cat":318651},{"id":2937,"n":"Biscuits goûter chocolat GERBLE  - 3x4,  250g","p":1.62,"u":"6,48 €/KG","img":"https://fd13-photos.leclercdrive.fr/image.ashx?id=2625181&use=l&cat=p&typeid=i","cat":318651},{"id":2938,"n":"Biscuits germe de blé GERBLE   - 5x5, 210g","p":1.28,"u":"6,10 €/KG","img":"https://fd13-photos.leclercdrive.fr/image.ashx?id=2573540&use=l&cat=p&typeid=i","cat":318651},{"id":2950,"n":"Biscuits lait chocolat GERBLE   - 5x4, 230g","p":1.58,"u":"6,87 €/KG","img":"https://fd13-photos.leclercdrive.fr/image.ashx?id=2575030&use=l&cat=p&typeid=i","cat":318651},{"id":2951,"n":"Biscuit chocolat GERLINEA  Encas minceur - 4x4, 200g","p":2.07,"u":"10,35 €/KG","img":"https://fd13-photos.leclercdrive.fr/image.ashx?id=2654770&use=l&cat=p&typeid=i","cat":318652},{"id":2968,"n":"Tablette chocolat Milka Chocolat lait/caramel - 2x100g","p":3.16,"u":"15,80 €/KG","img":"https://fd13-photos.leclercdrive.fr/image.ashx?id=3009146&use=l&cat=p&typeid=i","cat":284497},{"id":2969,"n":"Sticks et bretzels Tokapi 300g","p":1.2,"u":"4,00 €/KG","img":"https://fd13-photos.leclercdrive.fr/image.ashx?id=2431104&use=l&cat=p&typeid=i","cat":297000},{"id":2971,"n":"Chips ondulées Pom'Lisse  Nature - 150g","p":0.93,"u":"6,20 €/KG","img":"https://fd13-photos.leclercdrive.fr/image.ashx?id=2657196&use=l&cat=p&typeid=i","cat":284447},{"id":2973,"n":"Chips Pom'Lisse Barbecue - 135g","p":0.89,"u":"6,59 €/KG","img":"https://fd13-photos.leclercdrive.fr/image.ashx?id=2774046&use=l&cat=p&typeid=i","cat":284447},{"id":2975,"n":"Huile arachide Lesieur 1L","p":4.3,"u":"4,30 €/L","img":"https://fd13-photos.leclercdrive.fr/image.ashx?id=2916845&use=l&cat=p&typeid=i","cat":284453},{"id":2988,"n":"Dessert fruits mixés Sojasun Framboise / Passion - 4x100g","p":1.68,"u":"4,20 €/KG","img":"https://fd13-photos.leclercdrive.fr/image.ashx?id=2355671&use=l&cat=p&typeid=i","cat":316071},{"id":3000,"n":"Oeufs frais plein air Bio Bio Village - x6","p":2.09,"u":"0,35 €/P","img":"https://fd13-photos.leclercdrive.fr/image.ashx?id=1520549&use=l&cat=p&typeid=i","cat":284378},{"id":3010,"n":"Sauce Mexicaine Tables du Monde Hot - 315g","p":1.49,"u":"4,73 €/KG","img":"https://fd13-photos.leclercdrive.fr/image.ashx?id=2476960&use=l&cat=p&typeid=i","cat":288993},{"id":3011,"n":"Sauce Mexicaine Tables du Monde Medium - 315g","p":1.49,"u":"4,73 €/KG","img":"https://fd13-photos.leclercdrive.fr/image.ashx?id=2476963&use=l&cat=p&typeid=i","cat":288993},{"id":3012,"n":"Sauce Fajitas Tables du Monde 430g","p":1.97,"u":"4,58 €/KG","img":"https://fd13-photos.leclercdrive.fr/image.ashx?id=2470228&use=l&cat=p&typeid=i","cat":288993},{"id":3013,"n":"Pain de mie 7 céréales Epi d'Or Grandes tranches - 550g","p":1.19,"u":"2,16 €/KG","img":"https://fd13-photos.leclercdrive.fr/image.ashx?id=1959532&use=l&cat=p&typeid=i","cat":284477},{"id":3028,"n":"Brioche tranchée Epi d'Or Pépites de chocolat 500g","p":2.09,"u":"4,18 €/KG","img":"https://fd13-photos.leclercdrive.fr/image.ashx?id=2867901&use=l&cat=p&typeid=i","cat":284478},{"id":3033,"n":"Pâtes fraîches Turini Fettuccini - 350g","p":1.49,"u":"4,26 €/KG","img":"https://fd13-photos.leclercdrive.fr/image.ashx?id=2882313&use=l&cat=p&typeid=i","cat":333682},{"id":3034,"n":"Fromage Parmesan Parmareggio 60g","p":1.46,"u":"24,33 €/KG","img":"https://fd13-photos.leclercdrive.fr/image.ashx?id=2975458&use=l&cat=p&typeid=i","cat":314035},{"id":3040,"n":"Beurre moulé bio Bio Village Doux - 82% MG - 250g","p":2.99,"u":"11,96 €/KG","img":"https://fd13-photos.leclercdrive.fr/image.ashx?id=2437052&use=l&cat=p&typeid=i","cat":284379},{"id":3044,"n":"Crème Anglaise Elle&Vire à la Vanille de Bourbon - 33cl","p":1.69,"u":"5,12 €/L","img":"https://fd13-photos.leclercdrive.fr/image.ashx?id=2816895&use=l&cat=p&typeid=i","cat":284382},{"id":3052,"n":"Dentifrice Menthe Fluoryl Gencives Sensibles - 75ml","p":1.91,"u":"25,47 €/L","img":"https://fd13-photos.leclercdrive.fr/image.ashx?id=2473312&use=l&cat=p&typeid=i","cat":284612},{"id":3055,"n":"Gel à raser féminin Siliss Velours abricot - 200ml","p":1.69,"u":"8,45 €/L","img":"https://fd13-photos.leclercdrive.fr/image.ashx?id=2699408&use=l&cat=p&typeid=i","cat":325352},{"id":3066,"n":"Tampons Doulys avec applicateur Normal - x24","p":2.46,"u":"0,10 €/P","img":"https://fd13-photos.leclercdrive.fr/image.ashx?id=2965449&use=l&cat=p&typeid=i","cat":284626},{"id":3072,"n":"Serviette hygiénique Doulys Maxi confort - Super - x16","p":1.45,"u":"0,09 €/P","img":"https://fd13-photos.leclercdrive.fr/image.ashx?id=2838912&use=l&cat=p&typeid=i","cat":284624},{"id":3089,"n":"Sauce Béchamel Elle&Vire au Lait Entier - 33cl","p":1.72,"u":"5,21 €/L","img":"https://fd13-photos.leclercdrive.fr/image.ashx?id=2835992&use=l&cat=p&typeid=i","cat":284382},{"id":3091,"n":"Cordons bleus Maître coq Poulet - 1kg","p":7.32,"u":"7,32 €/KG","img":"https://fd13-photos.leclercdrive.fr/image.ashx?id=2762103&use=l&cat=p&typeid=i","cat":333683},{"id":3093,"n":"Cake fruits P'tit déli Tranché 300g","p":1.66,"u":"5,53 €/KG","img":"https://fd13-photos.leclercdrive.fr/image.ashx?id=2823078&use=l&cat=p&typeid=i","cat":284493},{"id":3099,"n":"Mini cakes P'tit Déli  aux fruits x10","p":2.98,"u":"9,93 €/KG","img":"https://fd13-photos.leclercdrive.fr/image.ashx?id=2047019&use=l&cat=p&typeid=i","cat":284493},{"id":3100,"n":"Biscuits génoises Pim's LU Framboise - 150g","p":1.48,"u":"9,87 €/KG","img":"https://fd13-photos.leclercdrive.fr/image.ashx?id=2941877&use=l&cat=p&typeid=i","cat":284489},{"id":3101,"n":"Biscuits fourrés Chamonix LU Orange - 250g","p":1.56,"u":"6,24 €/KG","img":"https://fd13-photos.leclercdrive.fr/image.ashx?id=2982982&use=l&cat=p&typeid=i","cat":284489},{"id":3106,"n":"Biscuits Cookies P'tit Déli Noix coco Chocolat - 200g","p":1.39,"u":"6,95 €/KG","img":"https://fd13-photos.leclercdrive.fr/image.ashx?id=2896853&use=l&cat=p&typeid=i","cat":325066},{"id":3107,"n":"Biscuits petit beurre LU Pocket - 300g","p":1.98,"u":"6,60 €/KG","img":"https://fd13-photos.leclercdrive.fr/image.ashx?id=3001940&use=l&cat=p&typeid=i","cat":284487},{"id":3108,"n":"Biscuits petit déjeuner Prince Céréales - 300g","p":1.96,"u":"6,53 €/KG","img":"https://fd13-photos.leclercdrive.fr/image.ashx?id=2346648&use=l&cat=p&typeid=i","cat":284491},{"id":3142,"n":"Café et Chicorée Soluble Ricoré  Original - 100g","p":2.77,"u":"27,70 €/KG","img":"https://fd13-photos.leclercdrive.fr/image.ashx?id=2951542&use=l&cat=p&typeid=i","cat":284843},{"id":3144,"n":"Chocolat Tablette d'Or noir Extra 47% cacao 3x100g","p":2.77,"u":"9,23 €/KG","img":"https://fd13-photos.leclercdrive.fr/image.ashx?id=2982889&use=l&cat=p&typeid=i","cat":284956},{"id":3147,"n":"Madeleines P'tit déli coquilles 500g","p":1.7,"u":"3,40 €/KG","img":"https://fd13-photos.leclercdrive.fr/image.ashx?id=2999484&use=l&cat=p&typeid=i","cat":284492},{"id":3148,"n":"Madeleines longues P'tit déli Marbrées chocolat 250g","p":1.45,"u":"5,80 €/KG","img":"https://fd13-photos.leclercdrive.fr/image.ashx?id=2999490&use=l&cat=p&typeid=i","cat":284492},{"id":3152,"n":"Café Plantation  Kenya - 250g","p":3.92,"u":"15,68 €/KG","img":"https://fd13-photos.leclercdrive.fr/image.ashx?id=2607431&use=l&cat=p&typeid=i","cat":284750},{"id":3153,"n":"Café moulu Plantation  Tradition décaféiné - 250g","p":2.95,"u":"11,80 €/KG","img":"https://fd13-photos.leclercdrive.fr/image.ashx?id=2607407&use=l&cat=p&typeid=i","cat":284750},{"id":3158,"n":"Café moulu Plantation  doux - 2x250g","p":6.88,"u":"13,76 €/KG","img":"https://fd13-photos.leclercdrive.fr/image.ashx?id=2607428&use=l&cat=p&typeid=i","cat":284750},{"id":3166,"n":"Dessert fruitier pomme Douceur du Verger 16x100g","p":2.8,"u":"1,75 €/KG","img":"https://fd13-photos.leclercdrive.fr/image.ashx?id=1929301&use=l&cat=p&typeid=i","cat":284416},{"id":3169,"n":"Tortellini iTurini Ricotta épinard - 300g","p":1.48,"u":"4,93 €/KG","img":"https://fd13-photos.leclercdrive.fr/image.ashx?id=2869266&use=l&cat=p&typeid=i","cat":333682},{"id":3171,"n":"Tortellini Turini Jambon cru - 250g","p":1.96,"u":"7,84 €/KG","img":"https://fd13-photos.leclercdrive.fr/image.ashx?id=2778039&use=l&cat=p&typeid=i","cat":333682},{"id":3186,"n":"Liquide vaisselle Visior citron 1,5L","p":2.15,"u":"1,43 €/L","img":"https://fd13-photos.leclercdrive.fr/image.ashx?id=2930852&use=l&cat=p&typeid=i","cat":284655},{"id":3192,"n":"Détachant sans javel Textil 2L","p":3.19,"u":"1,60 €/L","img":"https://fd13-photos.leclercdrive.fr/image.ashx?id=2988036&use=l&cat=p&typeid=i","cat":284651},{"id":3193,"n":"Aérosol désodorisant Oust Fraîcheur propre 300ml","p":1.71,"u":"5,70 €/L","img":"https://fd13-photos.leclercdrive.fr/image.ashx?id=1715230&use=l&cat=p&typeid=i","cat":311626},{"id":3195,"n":"Coton Primoplast prédécoupé 100g","p":0.98,"u":"9,80 €/KG","img":"https://fd13-photos.leclercdrive.fr/image.ashx?id=2856453&use=l&cat=p&typeid=i","cat":284630},{"id":3200,"n":"Petits pains grillés Epi d'Or  Froment - 225g","p":0.79,"u":"3,51 €/KG","img":"https://fd13-photos.leclercdrive.fr/image.ashx?id=2496410&use=l&cat=p&typeid=i","cat":284479},{"id":3208,"n":"Confiture Allégée aux Fraises Andros - 350g","p":1.72,"u":"4,91 €/KG","img":"https://fd13-photos.leclercdrive.fr/image.ashx?id=2911229&use=l&cat=p&typeid=i","cat":284480},{"id":3212,"n":"Farine pour pain Francine Multi-céréales - 1,5kg","p":2.52,"u":"1,68 €/KG","img":"https://fd13-photos.leclercdrive.fr/image.ashx?id=2220611&use=l&cat=p&typeid=i","cat":284503},{"id":3213,"n":"Farine pour pain Francine Campagne - 1,5kg","p":2.33,"u":"1,55 €/KG","img":"https://fd13-photos.leclercdrive.fr/image.ashx?id=2238690&use=l&cat=p&typeid=i","cat":284503},{"id":3215,"n":"Riz long Comptoir du Grain Etuvé - 1kg","p":1.72,"u":"1,72 €/KG","img":"https://fd13-photos.leclercdrive.fr/image.ashx?id=2076640&use=l&cat=p&typeid=i","cat":284428},{"id":3217,"n":"Riz Basmati Comptoir du Grain Sélection Riz long - 500g","p":1.35,"u":"2,70 €/KG","img":"https://fd13-photos.leclercdrive.fr/image.ashx?id=2076643&use=l&cat=p&typeid=i","cat":284428},{"id":3220,"n":"Céréales Tipiak - Blé Maïs Soja Prêt en 4 min - 400g","p":1.44,"u":"3,60 €/KG","img":"https://fd13-photos.leclercdrive.fr/image.ashx?id=2989144&use=l&cat=p&typeid=i","cat":284429},{"id":3221,"n":"Purée pomme de terre Pom'lisse Nature - 8x125g - 1kg","p":3.19,"u":"3,19 €/KG","img":"https://fd13-photos.leclercdrive.fr/image.ashx?id=2929864&use=l&cat=p&typeid=i","cat":284431},{"id":3223,"n":"Pâtes capellini Panzani 500g","p":1.1,"u":"2,20 €/KG","img":"https://fd13-photos.leclercdrive.fr/image.ashx?id=2876038&use=l&cat=p&typeid=i","cat":284427},{"id":3224,"n":"Pâtes Barilla Spaghetti n°5 - 1kg","p":1.81,"u":"1,81 €/KG","img":"https://fd13-photos.leclercdrive.fr/image.ashx?id=2481182&use=l&cat=p&typeid=i","cat":284427},{"id":3225,"n":"Pâtes Lasagnes Panzani - 500G","p":1.8,"u":"3,60 €/KG","img":"https://fd13-photos.leclercdrive.fr/image.ashx?id=2896105&use=l&cat=p&typeid=i","cat":284427},{"id":3226,"n":"Pâtes cannelloni Panzani  A farcir - 250g","p":1.17,"u":"4,68 €/KG","img":"https://fd13-photos.leclercdrive.fr/image.ashx?id=2896108&use=l&cat=p&typeid=i","cat":284427},{"id":3233,"n":"Haricots verts Notre Jardin Extra fins - 220g","p":1.89,"u":"8,59 €/KG","img":"https://fd13-photos.leclercdrive.fr/image.ashx?id=2050621&use=l&cat=p&typeid=i","cat":312606},{"id":3239,"n":"Biscuit Petit beurre P'tit Déli Tablette chocolat noir - 150g","p":1.37,"u":"9,13 €/KG","img":"https://fd13-photos.leclercdrive.fr/image.ashx?id=2949170&use=l&cat=p&typeid=i","cat":284488},{"id":3240,"n":"Biscuit Petit beurre P'tit Déli Tablette lait noisette - 150g","p":1.61,"u":"10,73 €/KG","img":"https://fd13-photos.leclercdrive.fr/image.ashx?id=2523673&use=l&cat=p&typeid=i","cat":284488},{"id":3253,"n":"Escargots Maître Coquille De Bourgogne x48 - 355g","p":12.99,"u":"36,59 €/KG","img":"https://fd13-photos.leclercdrive.fr/image.ashx?id=1979671&use=l&cat=p&typeid=i","cat":319775},{"id":3255,"n":"Bûche glacée Eskiss Fruits exotiques - 570g","p":4.2,"u":"7,37 €/KG","img":"https://fd13-photos.leclercdrive.fr/image.ashx?id=2209846&use=l&cat=p&typeid=i","cat":284266},{"id":3257,"n":"Bûche glacée Eskiss 3 chocolats - 536g","p":3.49,"u":"6,51 €/KG","img":"https://fd13-photos.leclercdrive.fr/image.ashx?id=2209711&use=l&cat=p&typeid=i","cat":284266},{"id":3258,"n":"Champignons Paris Notre Jardin Pieds et morceaux - 460g","p":2.29,"u":"4,98 €/KG","img":"https://fd13-photos.leclercdrive.fr/image.ashx?id=2553893&use=l&cat=p&typeid=i","cat":312610},{"id":3260,"n":"Noix de Saint Jacques NRT de la baie de St-Brieuc - 300g","p":14.99,"u":"49,97 €/KG","img":"https://fd13-photos.leclercdrive.fr/image.ashx?id=2801064&use=l&cat=p&typeid=i","cat":319787},{"id":3262,"n":"Carottes Notre Jardin Extra-fines - 530g","p":1.69,"u":"3,19 €/KG","img":"https://fd13-photos.leclercdrive.fr/image.ashx?id=2987976&use=l&cat=p&typeid=i","cat":312607},{"id":3263,"n":"Champignons Paris Notre Jardin Entiers - 460g","p":2.69,"u":"5,85 €/KG","img":"https://fd13-photos.leclercdrive.fr/image.ashx?id=2553887&use=l&cat=p&typeid=i","cat":312610},{"id":3269,"n":"Coeurs de palmiers Notre Jardin Extra tendres - 220g","p":2.27,"u":"10,32 €/KG","img":"https://fd13-photos.leclercdrive.fr/image.ashx?id=836744&use=l&cat=p&typeid=i","cat":312611},{"id":3270,"n":"Coeurs de palmiers Notre Jardin Extra tendres - 250g","p":4.74,"u":"18,96 €/KG","img":"https://fd13-photos.leclercdrive.fr/image.ashx?id=2599137&use=l&cat=p&typeid=i","cat":312611},{"id":3271,"n":"Maïs Notre Jardin Tendre - 3x140g","p":1.89,"u":"4,50 €/KG","img":"https://fd13-photos.leclercdrive.fr/image.ashx?id=2074653&use=l&cat=p&typeid=i","cat":312611},{"id":3272,"n":"Asperges blanches grosses Notre Jardin - 320g","p":3.49,"u":"10,91 €/KG","img":"https://fd13-photos.leclercdrive.fr/image.ashx?id=2049016&use=l&cat=p&typeid=i","cat":312611},{"id":3277,"n":"Chips à l'ancienne Pom'lisse Nature - 6x30g","p":1.58,"u":"8,78 €/KG","img":"https://fd13-photos.leclercdrive.fr/image.ashx?id=2657193&use=l&cat=p&typeid=i","cat":284447},{"id":3282,"n":"Moutarde Amora Mi-forte - 230g Divers coloris","p":1.88,"u":"8,17 €/KG","img":"https://fd13-photos.leclercdrive.fr/image.ashx?id=2504473&use=l&cat=p&typeid=i","cat":288850},{"id":3285,"n":"Vinaigre balsamique Rustica 50cl","p":1.57,"u":"3,14 €/L","img":"https://fd13-photos.leclercdrive.fr/image.ashx?id=2765701&use=l&cat=p&typeid=i","cat":298543},{"id":3292,"n":"Tomates pelées Notre Jardin Entières - 238g","p":0.85,"u":"3,57 €/KG","img":"https://fd13-photos.leclercdrive.fr/image.ashx?id=2190002&use=l&cat=p&typeid=i","cat":312608},{"id":3305,"n":"Sauce Provençale Turini 420g","p":0.97,"u":"2,31 €/KG","img":"https://fd13-photos.leclercdrive.fr/image.ashx?id=2047010&use=l&cat=p&typeid=i","cat":287599},{"id":3307,"n":"Cidre bouché Les Goelleries Normand brut 5.5%vol. - 75cl","p":1.79,"u":"2,39 €/L","img":"https://fd13-photos.leclercdrive.fr/image.ashx?id=2842193&use=l&cat=p&typeid=i","cat":334880},{"id":3308,"n":"Pur jus de carotte Jafaden - 1L","p":2.29,"u":"2,29 €/L","img":"https://fd13-photos.leclercdrive.fr/image.ashx?id=2860712&use=l&cat=p&typeid=i","cat":284523},{"id":3309,"n":"Pur jus de pomme Jafaden 1L","p":1.34,"u":"1,34 €/L","img":"https://fd13-photos.leclercdrive.fr/image.ashx?id=2955632&use=l&cat=p&typeid=i","cat":284522},{"id":3310,"n":"Pur jus de pomme Bio Village Bio - 1L","p":1.49,"u":"1,49 €/L","img":"https://fd13-photos.leclercdrive.fr/image.ashx?id=2901527&use=l&cat=p&typeid=i","cat":284522},{"id":3311,"n":"Thé glacé Fresh Tea Pêche - 1,5L","p":1.25,"u":"0,83 €/L","img":"https://fd13-photos.leclercdrive.fr/image.ashx?id=2982601&use=l&cat=p&typeid=i","cat":295019},{"id":3316,"n":"Sirop Frucci Grenadine - 1L","p":2.76,"u":"2,76 €/L","img":"https://fd13-photos.leclercdrive.fr/image.ashx?id=2954073&use=l&cat=p&typeid=i","cat":295020},{"id":3320,"n":"Bonbons Werther's Original Mini 42g","p":1.92,"u":"45,71 €/KG","img":"https://fd13-photos.leclercdrive.fr/image.ashx?id=2660167&use=l&cat=p&typeid=i","cat":304252},{"id":3338,"n":"Protège-slips Doulys Mince - Plié - x30","p":1.25,"u":"0,04 €/P","img":"https://fd13-photos.leclercdrive.fr/image.ashx?id=2824129&use=l&cat=p&typeid=i","cat":284625},{"id":3343,"n":"Vodka Poliakov 37.5%vol - 70cl","p":11.08,"u":"15,83 €/L","img":"https://fd13-photos.leclercdrive.fr/image.ashx?id=2810759&use=l&cat=p&typeid=i","cat":284550},{"id":3344,"n":"Nectar Jafaden Banane - 1L","p":2.09,"u":"2,09 €/L","img":"https://fd13-photos.leclercdrive.fr/image.ashx?id=2955701&use=l&cat=p&typeid=i","cat":284915},{"id":3345,"n":"Nectar Jafaden Poire - 1L","p":2.49,"u":"2,49 €/L","img":"https://fd13-photos.leclercdrive.fr/image.ashx?id=2955695&use=l&cat=p&typeid=i","cat":284915},{"id":3355,"n":"World Mix Haribo Sachet bonbons - 500g","p":2.9,"u":"5,80 €/KG","img":"https://fd13-photos.leclercdrive.fr/image.ashx?id=2805207&use=l&cat=p&typeid=i","cat":304250},{"id":3356,"n":"Banan's Haribo Sachet bonbons - 300g","p":1.49,"u":"4,97 €/KG","img":"https://fd13-photos.leclercdrive.fr/image.ashx?id=1739936&use=l&cat=p&typeid=i","cat":304250},{"id":3359,"n":"Compote Andros Pomme 750g","p":1.49,"u":"1,99 €/KG","img":"https://fd13-photos.leclercdrive.fr/image.ashx?id=2327716&use=l&cat=p&typeid=i","cat":284508},{"id":3361,"n":"Pâtée chats Gourmet gold Mousselines 4x85g","p":1.97,"u":"5,79 €/KG","img":"https://fd13-photos.leclercdrive.fr/image.ashx?id=2711103&use=l&cat=p&typeid=i","cat":285286},{"id":3364,"n":"Huile de douche Manava Bien être oriental 250ml","p":1.16,"u":"4,64 €/L","img":"https://fd13-photos.leclercdrive.fr/image.ashx?id=2809659&use=l&cat=p&typeid=i","cat":284594},{"id":3371,"n":"Kit Fajitas Tables du Monde 505g","p":2.79,"u":"5,52 €/KG","img":"https://fd13-photos.leclercdrive.fr/image.ashx?id=2679726&use=l&cat=p&typeid=i","cat":288993},{"id":3372,"n":"Terrines Tous Mes Amis Pour chats  3 saveurs - 3x400g","p":3.29,"u":"2,74 €/KG","img":"https://fd13-photos.leclercdrive.fr/image.ashx?id=559162&use=l&cat=p&typeid=i","cat":285601},{"id":3373,"n":"Tortillas Tables du Monde Galettes de blé x8 320g","p":1.71,"u":"5,34 €/KG","img":"https://fd13-photos.leclercdrive.fr/image.ashx?id=2679729&use=l&cat=p&typeid=i","cat":288993},{"id":3375,"n":"Lingettes bébé Mots d'Enfants Toilettes fruits rouges - x60","p":1.7,"u":"0,03 €/P","img":"https://fd13-photos.leclercdrive.fr/image.ashx?id=2856465&use=l&cat=p&typeid=i","cat":284738},{"id":3376,"n":"Café moulu Bio Village Bio  Pérou - 250g","p":4.21,"u":"16,84 €/KG","img":"https://fd13-photos.leclercdrive.fr/image.ashx?id=2552436&use=l&cat=p&typeid=i","cat":284750},{"id":3395,"n":"Dentifrice Dentamyl Aux plantes 75ml","p":0.94,"u":"12,53 €/L","img":"https://fd13-photos.leclercdrive.fr/image.ashx?id=2489104&use=l&cat=p&typeid=i","cat":284612},{"id":3396,"n":"Dentifrice Dentamyl Haleine fraîche 75ml","p":0.76,"u":"10,13 €/L","img":"https://fd13-photos.leclercdrive.fr/image.ashx?id=2489101&use=l&cat=p&typeid=i","cat":284612},{"id":3401,"n":"Serviette hygiénique Doulys Maxi - Spécial nuit - x12","p":0.95,"u":"0,08 €/P","img":"https://fd13-photos.leclercdrive.fr/image.ashx?id=2838927&use=l&cat=p&typeid=i","cat":284624},{"id":3412,"n":"Soupe de poissons Régal Soupe 1L","p":2.69,"u":"2,69 €/L","img":"https://fd13-photos.leclercdrive.fr/image.ashx?id=2607410&use=l&cat=p&typeid=i","cat":287366},{"id":3413,"n":"Asperges blanches Notre Jardin Pointes - 110g","p":2.35,"u":"21,36 €/KG","img":"https://fd13-photos.leclercdrive.fr/image.ashx?id=2049022&use=l&cat=p&typeid=i","cat":312611},{"id":3416,"n":"Ratatouille Notre Jardin A la provençale - 750g","p":1.29,"u":"1,72 €/KG","img":"https://fd13-photos.leclercdrive.fr/image.ashx?id=2526291&use=l&cat=p&typeid=i","cat":312612},{"id":3424,"n":"Plat moussaka Côté table 850g","p":4.63,"u":"5,45 €/KG","img":"https://fd13-photos.leclercdrive.fr/image.ashx?id=2045175&use=l&cat=p&typeid=i","cat":284254},{"id":3428,"n":"Feuilletés paniers Côté Table St Jacques Fruits de mer 4x100g","p":4.45,"u":"11,13 €/KG","img":"https://fd13-photos.leclercdrive.fr/image.ashx?id=2549379&use=l&cat=p&typeid=i","cat":319776},{"id":3429,"n":"Lasagnes bolognaises Côté table 1kg","p":3.49,"u":"3,49 €/KG","img":"https://fd13-photos.leclercdrive.fr/image.ashx?id=2545628&use=l&cat=p&typeid=i","cat":284254},{"id":3441,"n":"AOP Freixenet Cava Cordon Negro Brut - 75cl","p":5.7,"u":"7,60 €/L","img":"https://fd13-photos.leclercdrive.fr/image.ashx?id=3011929&use=l&cat=p&typeid=i","cat":289461},{"id":3455,"n":"Saumon et torsades Côté Table  Sauce à l'oseille - 300g","p":2.59,"u":"8,63 €/KG","img":"https://fd13-photos.leclercdrive.fr/image.ashx?id=2809075&use=l&cat=p&typeid=i","cat":284953},{"id":3459,"n":"Petit Pois et Carottes Cassegrain 465g","p":2.7,"u":"5,81 €/KG","img":"https://fd13-photos.leclercdrive.fr/image.ashx?id=2912971&use=l&cat=p&typeid=i","cat":312607},{"id":3499,"n":"Spray anti-moustique Marie Rose 100ml","p":6.99,"u":"69,90 €/L","img":"https://fd13-photos.leclercdrive.fr/image.ashx?id=2191521&use=l&cat=p&typeid=i","cat":299654},{"id":3508,"n":"Protège-slips Nana Fraicheur Qutodienne - Plié - x32","p":1.51,"u":"0,05 €/P","img":"https://fd13-photos.leclercdrive.fr/image.ashx?id=2986891&use=l&cat=p&typeid=i","cat":284625},{"id":3517,"n":"Bonbons Haribo Réglisse Carensac - 250g","p":1.87,"u":"7,48 €/KG","img":"https://fd13-photos.leclercdrive.fr/image.ashx?id=2982405&use=l&cat=p&typeid=i","cat":304250},{"id":3520,"n":"Boîtes chiens Lydog Terrines Viande volaille - 4x405g","p":3.47,"u":"2,14 €/KG","img":"https://fd13-photos.leclercdrive.fr/image.ashx?id=2815746&use=l&cat=p&typeid=i","cat":288578},{"id":3528,"n":"Gel arnica Mercurochrome 75ml","p":2.66,"u":"35,47 €/L","img":"https://fd13-photos.leclercdrive.fr/image.ashx?id=2663989&use=l&cat=p&typeid=i","cat":284630},{"id":3549,"n":"IGP Pays d'Oc rosé J.P. Chenet 12.5% vol - 75cl","p":3.22,"u":"4,29 €/L","img":"https://fd13-photos.leclercdrive.fr/image.ashx?id=2985108&use=l&cat=p&typeid=i","cat":289558},{"id":3550,"n":"AOP Côtes de Provence rosé Billette Bouquet - 75cl","p":5.97,"u":"7,96 €/L","img":"https://fd13-photos.leclercdrive.fr/image.ashx?id=2625433&use=l&cat=p&typeid=i","cat":289558},{"id":3558,"n":"IGP Pays d'Oc rouge J-P Chenet Cabernet-Syrah 13% vol - 75 cl","p":3.22,"u":"4,29 €/L","img":"https://fd13-photos.leclercdrive.fr/image.ashx?id=2810864&use=l&cat=p&typeid=i","cat":289556},{"id":3559,"n":"IGP Pays d'Oc rouge J-P Chenet Merlot HVE - 75 cl","p":3.22,"u":"4,29 €/L","img":"https://fd13-photos.leclercdrive.fr/image.ashx?id=2837157&use=l&cat=p&typeid=i","cat":289556},{"id":3560,"n":"AOC Champagne brut blanc Pol Carson - 1,5L","p":39.99,"u":"26,66 €/L","img":"https://fd13-photos.leclercdrive.fr/image.ashx?id=2909855&use=l&cat=p&typeid=i","cat":284542},{"id":3564,"n":"Vin de l'Union Européenne  La Villageoise - 6x25cl","p":3.96,"u":"2,64 €/L","img":"https://fd13-photos.leclercdrive.fr/image.ashx?id=2731651&use=l&cat=p&typeid=i","cat":289557},{"id":3570,"n":"Concentré à diluer Pulco Citron - 70cl","p":2.23,"u":"3,19 €/L","img":"https://fd13-photos.leclercdrive.fr/image.ashx?id=2687845&use=l&cat=p&typeid=i","cat":295020},{"id":3571,"n":"Nectar Jafaden Abricot - 1L","p":2.59,"u":"2,59 €/L","img":"https://fd13-photos.leclercdrive.fr/image.ashx?id=2955713&use=l&cat=p&typeid=i","cat":284915},{"id":3575,"n":"Litière chats Tous mes Amis Végétale - 10L","p":4.39,"u":"0,44 €/L","img":"https://fd13-photos.leclercdrive.fr/image.ashx?id=2055217&use=l&cat=p&typeid=i","cat":284683},{"id":3576,"n":"Litière chats Tous mes Amis Minérale - Hygiénique - 10L","p":4.65,"u":"0,47 €/L","img":"https://fd13-photos.leclercdrive.fr/image.ashx?id=2055211&use=l&cat=p&typeid=i","cat":284683},{"id":3580,"n":"Le Haricot vert Cueilli Main Bonduelle Extra Fin 280g","p":2.84,"u":"10,14 €/KG","img":"https://fd13-photos.leclercdrive.fr/image.ashx?id=2910019&use=l&cat=p&typeid=i","cat":312606},{"id":3587,"n":"AOP Bordeaux rouge Blaissac - 75cl","p":3.99,"u":"5,32 €/L","img":"https://fd13-photos.leclercdrive.fr/image.ashx?id=2917429&use=l&cat=p&typeid=i","cat":289556},{"id":3588,"n":"IGP Pays d'Oc rouge Roche Mazet Cabernet Sauvignon 12.5% 75cl","p":3.04,"u":"4,05 €/L","img":"https://fd13-photos.leclercdrive.fr/image.ashx?id=2333000&use=l&cat=p&typeid=i","cat":289556},{"id":3589,"n":"IGP Pays d'Oc rouge Roche Mazet Merlot - 75cl","p":3.04,"u":"4,05 €/L","img":"https://fd13-photos.leclercdrive.fr/image.ashx?id=2332997&use=l&cat=p&typeid=i","cat":289556},{"id":3590,"n":"IGP Pays d'Oc rosé Roche Mazet Cinsault Grenache 12% vol 75cl","p":3.04,"u":"4,05 €/L","img":"https://fd13-photos.leclercdrive.fr/image.ashx?id=2341510&use=l&cat=p&typeid=i","cat":289558},{"id":3593,"n":"Vin d'Italie rouge pétillant Vilaveroni Lambrusco- 75cl","p":3.8,"u":"5,07 €/L","img":"https://fd13-photos.leclercdrive.fr/image.ashx?id=2333021&use=l&cat=p&typeid=i","cat":289556},{"id":3599,"n":"IGP Pays d'Oc rosé Listel Grain De gris 12.5% vol - 75cl","p":3.49,"u":"4,65 €/L","img":"https://fd13-photos.leclercdrive.fr/image.ashx?id=2556135&use=l&cat=p&typeid=i","cat":289558},{"id":3600,"n":"Miel Lune de Miel Tartimiel 250g","p":2.25,"u":"9,00 €/KG","img":"https://fd13-photos.leclercdrive.fr/image.ashx?id=2662610&use=l&cat=p&typeid=i","cat":287643},{"id":3604,"n":"Allume-feu Silex cubes x28 200g","p":1.11,"u":"5,55 €/KG","img":"https://fd13-photos.leclercdrive.fr/image.ashx?id=2558781&use=l&cat=p&typeid=i","cat":300578},{"id":3609,"n":"Petit Pois Cassegrain Tendres et Fondants 495g","p":2.61,"u":"5,27 €/KG","img":"https://fd13-photos.leclercdrive.fr/image.ashx?id=2912962&use=l&cat=p&typeid=i","cat":312607},{"id":3610,"n":"Petits pois Notre Jardin A l'étuvée -Extra fins - 3x140g","p":1.57,"u":"3,74 €/KG","img":"https://fd13-photos.leclercdrive.fr/image.ashx?id=2537343&use=l&cat=p&typeid=i","cat":312607},{"id":3617,"n":"Galettes de riz bio Bio Village Complet x17 - 130g","p":0.91,"u":"7,00 €/KG","img":"https://fd13-photos.leclercdrive.fr/image.ashx?id=2816151&use=l&cat=p&typeid=i","cat":318651},{"id":3621,"n":"Pansements Mercurochrome Ampoules x10","p":3.97,"img":"https://fd13-photos.leclercdrive.fr/image.ashx?id=2862143&use=l&cat=p&typeid=i","cat":284630},{"id":3622,"n":"Alcool modifié Mercurochrome 90° - 100ml","p":2.13,"u":"21,30 €/L","img":"https://fd13-photos.leclercdrive.fr/image.ashx?id=2663977&use=l&cat=p&typeid=i","cat":284630},{"id":3630,"n":"Filets colin Alaska Pêche océan 4 tranches - MSC - 400g","p":2.49,"u":"6,23 €/KG","img":"https://fd13-photos.leclercdrive.fr/image.ashx?id=2930087&use=l&cat=p&typeid=i","cat":319786},{"id":3633,"n":"Colin d'Alaska Pêche Océan x10 tranches - MSC - 1kg","p":6.25,"u":"6,25 €/KG","img":"https://fd13-photos.leclercdrive.fr/image.ashx?id=2930096&use=l&cat=p&typeid=i","cat":319786},{"id":3640,"n":"Fromage Apéritif Apérivrais  Saveurs de Provence - 100g","p":2.08,"u":"20,80 €/KG","img":"https://fd13-photos.leclercdrive.fr/image.ashx?id=2885348&use=l&cat=p&typeid=i","cat":314027},{"id":3641,"n":"Fromage Apéritif Apérivrais  Saveurs d'Italie - 100g","p":2.08,"u":"20,80 €/KG","img":"https://fd13-photos.leclercdrive.fr/image.ashx?id=2944705&use=l&cat=p&typeid=i","cat":314027},{"id":3643,"n":"Scotch Whisky Baird's 40%vol - 70cl","p":10.99,"u":"15,70 €/L","img":"https://fd13-photos.leclercdrive.fr/image.ashx?id=2907159&use=l&cat=p&typeid=i","cat":284547},{"id":3649,"n":"AOP Asti Vilaveroni 75cl","p":6.25,"u":"8,33 €/L","img":"https://fd13-photos.leclercdrive.fr/image.ashx?id=2337558&use=l&cat=p&typeid=i","cat":289461},{"id":3651,"n":"Vin du Portugal rosé Mateus - VSIG - 12% vol 75cl","p":3.75,"u":"5,00 €/L","img":"https://fd13-photos.leclercdrive.fr/image.ashx?id=2794619&use=l&cat=p&typeid=i","cat":289558},{"id":3655,"n":"Eau gazeuse St-Yorre 6x50cl","p":3.09,"u":"1,03 €/L","img":"https://fd13-photos.leclercdrive.fr/image.ashx?id=2877727&use=l&cat=p&typeid=i","cat":284536},{"id":3668,"n":"Faisselle Rians - 6%mg - 1kg","p":2.69,"u":"2,69 €/KG","img":"https://fd13-photos.leclercdrive.fr/image.ashx?id=2659629&use=l&cat=p&typeid=i","cat":284409},{"id":3684,"n":"Eau gazeuse Rozana 6x1L","p":2.65,"u":"0,44 €/L","img":"https://fd13-photos.leclercdrive.fr/image.ashx?id=2870602&use=l&cat=p&typeid=i","cat":284536},{"id":3688,"n":"Ile gourmande Yoplait Vanille - 6x101g","p":2.91,"u":"4,80 €/KG","img":"https://fd13-photos.leclercdrive.fr/image.ashx?id=2731654&use=l&cat=p&typeid=i","cat":284419},{"id":3694,"n":"Pâtes Torti Legumes Panzani - 500G","p":1.3,"u":"2,60 €/KG","img":"https://fd13-photos.leclercdrive.fr/image.ashx?id=2876032&use=l&cat=p&typeid=i","cat":284427},{"id":3699,"n":"Café moulu Bio Village Bio Amérique latine - 250g","p":4.99,"u":"19,96 €/KG","img":"https://fd13-photos.leclercdrive.fr/image.ashx?id=2603713&use=l&cat=p&typeid=i","cat":284750},{"id":3712,"n":"Emincé poulet Côté Table Sauce curry - 300g","p":2.02,"u":"6,73 €/KG","img":"https://fd13-photos.leclercdrive.fr/image.ashx?id=2393857&use=l&cat=p&typeid=i","cat":284953},{"id":3713,"n":"Huile d'olive Rustica Vierge extra - 50cl","p":4.8,"u":"9,60 €/L","img":"https://fd13-photos.leclercdrive.fr/image.ashx?id=2930340&use=l&cat=p&typeid=i","cat":284453},{"id":3716,"n":"Pizza cuite sur pierre Turini Royale - 400g","p":1.99,"u":"4,98 €/KG","img":"https://fd13-photos.leclercdrive.fr/image.ashx?id=2815205&use=l&cat=p&typeid=i","cat":284256},{"id":3719,"n":"Gomme Coiffante L'Oréal Paris Effet Remodelable - 150ml","p":3.51,"u":"23,40 €/L","img":"https://fd13-photos.leclercdrive.fr/image.ashx?id=2614194&use=l&cat=p&typeid=i","cat":284609},{"id":3741,"n":"Biscottes fourrées Cracotte LU  Fraise - 200g","p":1.8,"u":"9,00 €/KG","img":"https://fd13-photos.leclercdrive.fr/image.ashx?id=3004807&use=l&cat=p&typeid=i","cat":284479},{"id":3742,"n":"Goûter Moelleux P'tit déli   Lait cacao et coco x10 420g","p":2.63,"u":"6,26 €/KG","img":"https://fd13-photos.leclercdrive.fr/image.ashx?id=2523691&use=l&cat=p&typeid=i","cat":284495},{"id":3743,"n":"Mini brownie Brossard Chocolat pépites x8 - 240g","p":2.68,"u":"11,17 €/KG","img":"https://fd13-photos.leclercdrive.fr/image.ashx?id=2965100&use=l&cat=p&typeid=i","cat":294776},{"id":3748,"n":"Soufflés Grignot' Tokapi  Saveur Fromage - 90g","p":0.72,"u":"8,00 €/KG","img":"https://fd13-photos.leclercdrive.fr/image.ashx?id=1956625&use=l&cat=p&typeid=i","cat":284449},{"id":3754,"n":"Crackers Tuc Bacon - 100g","p":0.84,"u":"8,40 €/KG","img":"https://fd13-photos.leclercdrive.fr/image.ashx?id=3002198&use=l&cat=p&typeid=i","cat":297000},{"id":3756,"n":"Mélange Exotique Tokapi  Bananes et papaye - 120g","p":1.47,"u":"12,25 €/KG","img":"https://fd13-photos.leclercdrive.fr/image.ashx?id=2793991&use=l&cat=p&typeid=i","cat":284448},{"id":3758,"n":"Sachet repas chats Gourmet 4 variétés de filets - 4x85g","p":1.9,"u":"5,59 €/KG","img":"https://fd13-photos.leclercdrive.fr/image.ashx?id=2902274&use=l&cat=p&typeid=i","cat":285286},{"id":3759,"n":"Sachet repas chats Gourmet Filets en sachet - 4x85g","p":1.9,"u":"5,59 €/KG","img":"https://fd13-photos.leclercdrive.fr/image.ashx?id=2902337&use=l&cat=p&typeid=i","cat":285286},{"id":3773,"n":"Feuilletés paniers Côté Table Jambon fromage - 4x100g","p":2.15,"u":"5,38 €/KG","img":"https://fd13-photos.leclercdrive.fr/image.ashx?id=2549382&use=l&cat=p&typeid=i","cat":319776},{"id":3775,"n":"Feuilletés paniers Côté Table Fromage de chèvre - 4x100g","p":2.95,"u":"7,38 €/KG","img":"https://fd13-photos.leclercdrive.fr/image.ashx?id=2549385&use=l&cat=p&typeid=i","cat":319776},{"id":3777,"n":"Légumes couscous Notre jardin 1kg","p":1.99,"u":"1,99 €/KG","img":"https://fd13-photos.leclercdrive.fr/image.ashx?id=2900031&use=l&cat=p&typeid=i","cat":319823},{"id":3784,"n":"Coquilles poisson Côté Table Et fruits de mer x6 - 660g","p":5.35,"u":"8,11 €/KG","img":"https://fd13-photos.leclercdrive.fr/image.ashx?id=2990092&use=l&cat=p&typeid=i","cat":319775},{"id":3786,"n":"Poisson pané Pêche Océan MSC - x20 - 1kg","p":6.95,"u":"6,95 €/KG","img":"https://fd13-photos.leclercdrive.fr/image.ashx?id=1919342&use=l&cat=p&typeid=i","cat":319788},{"id":3789,"n":"Pavés de saumon Pêche Océan ASC - 2x125g","p":4.99,"u":"19,96 €/KG","img":"https://fd13-photos.leclercdrive.fr/image.ashx?id=2953722&use=l&cat=p&typeid=i","cat":319786},{"id":3794,"n":"Poisson pané Pêche Océan - MSC Colin d'alaska - x8 - 400g","p":2.78,"u":"6,95 €/KG","img":"https://fd13-photos.leclercdrive.fr/image.ashx?id=2176092&use=l&cat=p&typeid=i","cat":319788},{"id":3795,"n":"Poisson pané Pêche Océan Cabillaud - MSC - x8 400g","p":4.45,"u":"11,13 €/KG","img":"https://fd13-photos.leclercdrive.fr/image.ashx?id=1724533&use=l&cat=p&typeid=i","cat":319788},{"id":3796,"n":"Croquettes poisson Pêche Océan MSC - x6 - 300g","p":1.72,"u":"5,73 €/KG","img":"https://fd13-photos.leclercdrive.fr/image.ashx?id=2856157&use=l&cat=p&typeid=i","cat":319788},{"id":3797,"n":"Brandade morue Côté Table 1kg","p":3.99,"u":"3,99 €/KG","img":"https://fd13-photos.leclercdrive.fr/image.ashx?id=2047028&use=l&cat=p&typeid=i","cat":284254},{"id":3810,"n":"Epinards Notre Jardin Branches A la crème fraîche 1kg","p":2.98,"u":"2,98 €/KG","img":"https://fd13-photos.leclercdrive.fr/image.ashx?id=2873081&use=l&cat=p&typeid=i","cat":319805},{"id":3820,"n":"Sandwich XXL Daunat Jambon emmental - 230g","p":2.2,"u":"9,57 €/KG","img":"https://fd13-photos.leclercdrive.fr/image.ashx?id=2892700&use=l&cat=p&typeid=i","cat":333658},{"id":3823,"n":"Wings poulet Maître coq nature 400g","p":4.8,"u":"12,00 €/KG","img":"https://fd13-photos.leclercdrive.fr/image.ashx?id=2101438&use=l&cat=p&typeid=i","cat":333685},{"id":3827,"n":"Ailes poulet rôti mexicain Maître Coq - 1kg","p":8.99,"u":"8,99 €/KG","img":"https://fd13-photos.leclercdrive.fr/image.ashx?id=2094319&use=l&cat=p&typeid=i","cat":333685},{"id":3828,"n":"Pansements Mercurochrome Economiques x20","p":1.95,"img":"https://fd13-photos.leclercdrive.fr/image.ashx?id=2748269&use=l&cat=p&typeid=i","cat":284630},{"id":3844,"n":"Sirop érable Maple Joe Du Canada - 250g","p":3.86,"u":"15,44 €/KG","img":"https://fd13-photos.leclercdrive.fr/image.ashx?id=2656559&use=l&cat=p&typeid=i","cat":287643},{"id":3862,"n":"Cacahuètes grillées Tokapi Salées - 500g","p":1.44,"u":"2,88 €/KG","img":"https://fd13-photos.leclercdrive.fr/image.ashx?id=2795532&use=l&cat=p&typeid=i","cat":284448},{"id":3864,"n":"Jus multifruits Jafaden 12 fruits - 1L","p":1.33,"u":"1,33 €/L","img":"https://fd13-photos.leclercdrive.fr/image.ashx?id=2461387&use=l&cat=p&typeid=i","cat":284917},{"id":3871,"n":"Pain grillé Pelletier Blé complet - 500g","p":1.96,"u":"3,92 €/KG","img":"https://fd13-photos.leclercdrive.fr/image.ashx?id=2345376&use=l&cat=p&typeid=i","cat":284479},{"id":3944,"n":"Jus multifruits Jafaden Briquettes - 6x20cl","p":1.79,"u":"1,49 €/L","img":"https://fd13-photos.leclercdrive.fr/image.ashx?id=2751880&use=l&cat=p&typeid=i","cat":284524},{"id":3946,"n":"Pâtes Barilla Spaghettoni n°7 - 500g","p":0.99,"u":"1,98 €/KG","img":"https://fd13-photos.leclercdrive.fr/image.ashx?id=2392221&use=l&cat=p&typeid=i","cat":284427},{"id":3951,"n":"Sucre vanillé Tablier blanc x10 75g","p":0.79,"u":"10,53 €/KG","img":"https://fd13-photos.leclercdrive.fr/image.ashx?id=2487431&use=l&cat=p&typeid=i","cat":294686},{"id":3952,"n":"Sucre Confisuc Saint Louis Spécial confiture - 1kg","p":2.77,"u":"2,77 €/KG","img":"https://fd13-photos.leclercdrive.fr/image.ashx?id=2019969&use=l&cat=p&typeid=i","cat":284502},{"id":3954,"n":"Bonbons La Vosgienne Sève de pin - 125g","p":1.85,"u":"14,80 €/KG","img":"https://fd13-photos.leclercdrive.fr/image.ashx?id=2490419&use=l&cat=p&typeid=i","cat":304256},{"id":3955,"n":"Ravioli pur bœuf  Panzani - 400g","p":1.61,"u":"4,03 €/KG","img":"https://fd13-photos.leclercdrive.fr/image.ashx?id=2876050&use=l&cat=p&typeid=i","cat":284442},{"id":3957,"n":"Thon blanc Petit Navire Au naturel - 93g","p":2.46,"u":"26,45 €/KG","img":"https://fd13-photos.leclercdrive.fr/image.ashx?id=2868329&use=l&cat=p&typeid=i","cat":303867},{"id":3980,"n":"Sauce bolognaise Turini 680g","p":2.44,"u":"3,59 €/KG","img":"https://fd13-photos.leclercdrive.fr/image.ashx?id=2634863&use=l&cat=p&typeid=i","cat":287599},{"id":3981,"n":"Petits pois carottes Extra fins Notre Jardin - 3x130g","p":1.69,"u":"4,33 €/KG","img":"https://fd13-photos.leclercdrive.fr/image.ashx?id=2537346&use=l&cat=p&typeid=i","cat":312607},{"id":3983,"n":"Flageolets verts Notre Jardin Extra fins - 3x130g","p":1.99,"u":"5,10 €/KG","img":"https://fd13-photos.leclercdrive.fr/image.ashx?id=2537352&use=l&cat=p&typeid=i","cat":312606},{"id":3989,"n":"Soda Jean's Cola  2L","p":1.46,"u":"0,73 €/L","img":"https://fd13-photos.leclercdrive.fr/image.ashx?id=2984655&use=l&cat=p&typeid=i","cat":284530},{"id":3991,"n":"Tarte aux 3 fromages Côté Table - 400g","p":2.82,"u":"7,05 €/KG","img":"https://fd13-photos.leclercdrive.fr/image.ashx?id=2791707&use=l&cat=p&typeid=i","cat":284257},{"id":3996,"n":"Hachis parmentier Côté table 600g","p":3.52,"u":"5,87 €/KG","img":"https://fd13-photos.leclercdrive.fr/image.ashx?id=2045181&use=l&cat=p&typeid=i","cat":284254},{"id":3997,"n":"Hachis parmentier Côté table 1kg","p":4.83,"u":"4,83 €/KG","img":"https://fd13-photos.leclercdrive.fr/image.ashx?id=2045172&use=l&cat=p&typeid=i","cat":284254},{"id":3998,"n":"Frites allumettes Pom'lisse Au four - 600g","p":1.24,"u":"2,07 €/KG","img":"https://fd13-photos.leclercdrive.fr/image.ashx?id=2699666&use=l&cat=p&typeid=i","cat":319791},{"id":3999,"n":"Crêpes Côté Table Champignons x6 - 300g","p":1.88,"u":"6,27 €/KG","img":"https://fd13-photos.leclercdrive.fr/image.ashx?id=2499352&use=l&cat=p&typeid=i","cat":319776},{"id":4000,"n":"Quiche lorraine Côté Table Mini - 8x100g","p":6.5,"u":"8,13 €/KG","img":"https://fd13-photos.leclercdrive.fr/image.ashx?id=2869787&use=l&cat=p&typeid=i","cat":284257},{"id":4001,"n":"Gratin d'aubergines Côté Table 450g","p":3.75,"u":"8,33 €/KG","img":"https://fd13-photos.leclercdrive.fr/image.ashx?id=1983436&use=l&cat=p&typeid=i","cat":319802},{"id":4007,"n":"Macédoine légumes Notre jardin 1kg","p":1.77,"u":"1,77 €/KG","img":"https://fd13-photos.leclercdrive.fr/image.ashx?id=2873078&use=l&cat=p&typeid=i","cat":319823},{"id":4008,"n":"Julienne légumes Notre jardin 600g","p":1.38,"u":"2,30 €/KG","img":"https://fd13-photos.leclercdrive.fr/image.ashx?id=2900073&use=l&cat=p&typeid=i","cat":319823},{"id":4009,"n":"Printanière légumes Notre jardin 1kg","p":1.47,"u":"1,47 €/KG","img":"https://fd13-photos.leclercdrive.fr/image.ashx?id=2873033&use=l&cat=p&typeid=i","cat":319823},{"id":4014,"n":"Gratin choux fleurs Côté Table 450g","p":3.72,"u":"8,27 €/KG","img":"https://fd13-photos.leclercdrive.fr/image.ashx?id=1977356&use=l&cat=p&typeid=i","cat":319802},{"id":4021,"n":"Pommes rissolées  Pom'lisse 450g","p":1.09,"u":"2,42 €/KG","img":"https://fd13-photos.leclercdrive.fr/image.ashx?id=1732033&use=l&cat=p&typeid=i","cat":319792},{"id":4022,"n":"Fricassée de poulet Côté table Riz et légumes 900g","p":6.51,"u":"7,23 €/KG","img":"https://fd13-photos.leclercdrive.fr/image.ashx?id=2549370&use=l&cat=p&typeid=i","cat":284254},{"id":4024,"n":"Sauce crudité Rustica Nature - 50cl","p":0.88,"u":"1,76 €/L","img":"https://fd13-photos.leclercdrive.fr/image.ashx?id=1972910&use=l&cat=p&typeid=i","cat":284456},{"id":4025,"n":"Pois chiches Notre Jardin 530g","p":1.19,"u":"2,25 €/KG","img":"https://fd13-photos.leclercdrive.fr/image.ashx?id=2988006&use=l&cat=p&typeid=i","cat":312609},{"id":4029,"n":"Crème marron de Clément Faugier Vanillée Ardèche - 500g","p":2.38,"u":"4,76 €/KG","img":"https://fd13-photos.leclercdrive.fr/image.ashx?id=1880738&use=l&cat=p&typeid=i","cat":284481},{"id":4063,"n":"Cidre bouché Les Goelleries Normand doux 2%vol. - 75cl","p":1.79,"u":"2,39 €/L","img":"https://fd13-photos.leclercdrive.fr/image.ashx?id=2842202&use=l&cat=p&typeid=i","cat":334880},{"id":4086,"n":"Ecorces Beaux Jours Pin maritime 20/40mm - 50L","p":9.15,"u":"0,18 €/L","img":"https://fd13-photos.leclercdrive.fr/image.ashx?id=2162189&use=l&cat=p&typeid=i","cat":335919},{"id":4101,"n":"Pâtes coquillettes Panzani 1kg","p":1.74,"u":"1,74 €/KG","img":"https://fd13-photos.leclercdrive.fr/image.ashx?id=2873823&use=l&cat=p&typeid=i","cat":284427},{"id":4103,"n":"Compotes Andros Pomme Fraise - 8x100g","p":2.78,"u":"3,48 €/KG","img":"https://fd13-photos.leclercdrive.fr/image.ashx?id=2883940&use=l&cat=p&typeid=i","cat":284416},{"id":4120,"n":"Bouchées chocolatées Mon Chéri Liqueur cerise x16 - 168g","p":5.58,"u":"33,21 €/KG","img":"https://fd13-photos.leclercdrive.fr/image.ashx?id=2964018&use=l&cat=p&typeid=i","cat":327601},{"id":4141,"n":"Infusion Tiséa réglisse menthe x25","p":0.9,"u":"22,50 €/KG","img":"https://fd13-photos.leclercdrive.fr/image.ashx?id=2553908&use=l&cat=p&typeid=i","cat":293234},{"id":4242,"n":"Vacherin Eskiss Vanille framboise - 535g","p":4.65,"u":"8,69 €/KG","img":"https://fd13-photos.leclercdrive.fr/image.ashx?id=2119121&use=l&cat=p&typeid=i","cat":284266},{"id":4249,"n":"Crème glacée Eskiss Chocolat noir - 494g","p":2.35,"u":"4,76 €/KG","img":"https://fd13-photos.leclercdrive.fr/image.ashx?id=2698162&use=l&cat=p&typeid=i","cat":284263},{"id":4250,"n":"Crème glacée Eskiss Café - 494g","p":2.14,"u":"4,33 €/KG","img":"https://fd13-photos.leclercdrive.fr/image.ashx?id=3002545&use=l&cat=p&typeid=i","cat":284263},{"id":4255,"n":"Crème glacée Eskiss Rhum raisin - 494g","p":2.45,"u":"4,96 €/KG","img":"https://fd13-photos.leclercdrive.fr/image.ashx?id=2982589&use=l&cat=p&typeid=i","cat":284263},{"id":4257,"n":"Flammekueche d'Alsace surgelé NRT - 2x250g","p":4.99,"u":"9,98 €/KG","img":"https://fd13-photos.leclercdrive.fr/image.ashx?id=2779301&use=l&cat=p&typeid=i","cat":284257},{"id":4258,"n":"Glace Tyrolia Eskiss 320g","p":2.03,"u":"6,34 €/KG","img":"https://fd13-photos.leclercdrive.fr/image.ashx?id=2075663&use=l&cat=p&typeid=i","cat":284266},{"id":4259,"n":"Pâtes spaghetti Panzani 1kg","p":1.72,"u":"1,72 €/KG","img":"https://fd13-photos.leclercdrive.fr/image.ashx?id=2869555&use=l&cat=p&typeid=i","cat":284427},{"id":4290,"n":"Marrons entiers Notre Jardin - 510g","p":5.19,"u":"10,18 €/KG","img":"https://fd13-photos.leclercdrive.fr/image.ashx?id=2190014&use=l&cat=p&typeid=i","cat":312612},{"id":4320,"n":"Collants Sublim Dim Voile brillant noir - Taille 3","p":5.4,"img":"https://fd13-photos.leclercdrive.fr/image.ashx?id=2176662&use=l&cat=p&typeid=i","cat":334130},{"id":4346,"n":"Crêpes Côté Table Fromage x6 - 300g","p":1.75,"u":"5,83 €/KG","img":"https://fd13-photos.leclercdrive.fr/image.ashx?id=2932399&use=l&cat=p&typeid=i","cat":319776},{"id":4357,"n":"Glace à l'eau Yéti 5 parfums x24 - 1.160kg","p":3.54,"u":"3,05 €/KG","img":"https://fd13-photos.leclercdrive.fr/image.ashx?id=2733796&use=l&cat=p&typeid=i","cat":285250},{"id":4367,"n":"Papier toilette Uni Vert Compact écologique - x4","p":3.29,"u":"0,82 €/P","img":"https://fd13-photos.leclercdrive.fr/image.ashx?id=1957072&use=l&cat=p&typeid=i","cat":284634},{"id":4369,"n":"Gel wc menthe pin Uni Vert 750ml","p":1.62,"u":"2,16 €/L","img":"https://fd13-photos.leclercdrive.fr/image.ashx?id=2965446&use=l&cat=p&typeid=i","cat":284662},{"id":4381,"n":"Safran poudre Rustica 3 doses de 0,1g","p":2.96,"img":"https://fd13-photos.leclercdrive.fr/image.ashx?id=2991422&use=l&cat=p&typeid=i","cat":298297},{"id":4412,"n":"Boisson énergisante Red Bull 250ml","p":1.13,"u":"4,52 €/L","img":"https://fd13-photos.leclercdrive.fr/image.ashx?id=2340300&use=l&cat=p&typeid=i","cat":284533},{"id":4427,"n":"Sauce Forestière Charal 2 personnes - 120g","p":1.98,"u":"16,50 €/KG","img":"https://fd13-photos.leclercdrive.fr/image.ashx?id=2558957&use=l&cat=p&typeid=i","cat":284382},{"id":4431,"n":"Plumeaux Clair jetables Avec poignée x5","p":3.03,"img":"https://fd13-photos.leclercdrive.fr/image.ashx?id=2832924&use=l&cat=p&typeid=i","cat":325364},{"id":4458,"n":"Pâtes cheveux d'anges Panzani 500g","p":1.23,"u":"2,46 €/KG","img":"https://fd13-photos.leclercdrive.fr/image.ashx?id=2896069&use=l&cat=p&typeid=i","cat":284427},{"id":4469,"n":"Combustible poêle pétrole PTX 2000 20L","p":21.85,"u":"1,09 €/L","img":"https://fd13-photos.leclercdrive.fr/image.ashx?id=2798328&use=l&cat=p&typeid=i","cat":300577},{"id":4497,"n":"Gomme Esquisse Caoutchouc","p":0.5,"img":"https://fd13-photos.leclercdrive.fr/image.ashx?id=2943211&use=l&cat=p&typeid=i","cat":334133},{"id":4499,"n":"Surligneur Esquisse 4 couleurs fluos - x4","p":1.99,"img":"https://fd13-photos.leclercdrive.fr/image.ashx?id=2943208&use=l&cat=p&typeid=i","cat":284696},{"id":4511,"n":"Pochettes perforées Eco+ 21x29.7cm - x100","p":1.14,"u":"0,01 €/P","img":"https://fd13-photos.leclercdrive.fr/image.ashx?id=2943124&use=l&cat=p&typeid=i","cat":284745},{"id":4515,"n":"Pansements Primoplast Pré-découpés x100","p":2.97,"img":"https://fd13-photos.leclercdrive.fr/image.ashx?id=2856459&use=l&cat=p&typeid=i","cat":284630},{"id":4518,"n":"Pomme de terre de consommation N.Jardin entières, épluch. 500g","p":1.35,"u":"2,70 €/KG","img":"https://fd13-photos.leclercdrive.fr/image.ashx?id=2670326&use=l&cat=p&typeid=i","cat":284352},{"id":4519,"n":"Bande à découper Primoplast Multi-usages - 10x6cm","p":0.79,"img":"https://fd13-photos.leclercdrive.fr/image.ashx?id=2885560&use=l&cat=p&typeid=i","cat":284630},{"id":4524,"n":"Filtre café Eco+ N°4 - x100","p":0.99,"u":"0,01 €/P","img":"https://fd13-photos.leclercdrive.fr/image.ashx?id=2593806&use=l&cat=p&typeid=i","cat":284751},{"id":4538,"n":"Crème pieds Scholl Réparatrice - 75ml","p":3.7,"u":"49,33 €/L","img":"https://fd13-photos.leclercdrive.fr/image.ashx?id=3011803&use=l&cat=p&typeid=i","cat":325354},{"id":4543,"n":"Gel Lubrifiant Intime Durex Sensitive base Eau 50ml","p":4.85,"u":"97,00 €/L","img":"https://fd13-photos.leclercdrive.fr/image.ashx?id=2961200&use=l&cat=p&typeid=i","cat":285160},{"id":4566,"n":"Nuggets de poulet Maître coq 1kg","p":7.39,"u":"7,39 €/KG","img":"https://fd13-photos.leclercdrive.fr/image.ashx?id=2877826&use=l&cat=p&typeid=i","cat":333684},{"id":4567,"n":"Panés de poulet Maître Coq 1kg","p":8.43,"u":"8,43 €/KG","img":"https://fd13-photos.leclercdrive.fr/image.ashx?id=2877823&use=l&cat=p&typeid=i","cat":333684},{"id":4570,"n":"Coq'ailes Maître coq Nature - 250g","p":3.16,"u":"12,64 €/KG","img":"https://fd13-photos.leclercdrive.fr/image.ashx?id=2412591&use=l&cat=p&typeid=i","cat":333685},{"id":4583,"n":"Sucre vanillé Vahiné Madagascar - 5x7,5g","p":1.77,"u":"46,58 €/KG","img":"https://fd13-photos.leclercdrive.fr/image.ashx?id=2489190&use=l&cat=p&typeid=i","cat":294686},{"id":4622,"n":"Betterave Notre Jardin En cubes - 500g","p":0.99,"u":"1,98 €/KG","img":"https://fd13-photos.leclercdrive.fr/image.ashx?id=2551621&use=l&cat=p&typeid=i","cat":284352},{"id":4624,"n":"Dattes Couleurs Vives 500g","p":2.75,"u":"5,50 €/KG","img":"https://fd13-photos.leclercdrive.fr/image.ashx?id=2542926&use=l&cat=p&typeid=i","cat":284357},{"id":4626,"n":"Vinaigrette Rustica Nature - 50cl","p":0.88,"u":"1,76 €/L","img":"https://fd13-photos.leclercdrive.fr/image.ashx?id=1972898&use=l&cat=p&typeid=i","cat":284456},{"id":4627,"n":"Vinaigre de Xérès Rustica 50cl","p":1.99,"u":"3,98 €/L","img":"https://fd13-photos.leclercdrive.fr/image.ashx?id=2603581&use=l&cat=p&typeid=i","cat":298543},{"id":4628,"n":"Moutarde de Dijon Rustica  Fine et forte - 440g","p":1.13,"u":"2,57 €/KG","img":"https://fd13-photos.leclercdrive.fr/image.ashx?id=2954340&use=l&cat=p&typeid=i","cat":288850},{"id":4629,"n":"Moutarde à l'ancienne Rustica Vinaigre - 350g","p":1.12,"u":"3,20 €/KG","img":"https://fd13-photos.leclercdrive.fr/image.ashx?id=2954343&use=l&cat=p&typeid=i","cat":288850},{"id":4630,"n":"Pâté piment d'Espelette NRT Label Rouge - 180g","p":2.39,"u":"13,28 €/KG","img":"https://fd13-photos.leclercdrive.fr/image.ashx?id=2991485&use=l&cat=p&typeid=i","cat":305149},{"id":4640,"n":"Petits pois carottes Notre Jard Extra fins - 420g","p":1.35,"u":"3,21 €/KG","img":"https://fd13-photos.leclercdrive.fr/image.ashx?id=2987943&use=l&cat=p&typeid=i","cat":312607},{"id":4641,"n":"Croquettes chaton Purina One Junior - Poulet/Céréales - 450g","p":2.62,"u":"5,82 €/KG","img":"https://fd13-photos.leclercdrive.fr/image.ashx?id=2499883&use=l&cat=p&typeid=i","cat":284680},{"id":4679,"n":"Gel WC nettoyant Syphon Javel eucalyptus - 750ml","p":0.87,"u":"1,16 €/L","img":"https://fd13-photos.leclercdrive.fr/image.ashx?id=2663359&use=l&cat=p&typeid=i","cat":284662},{"id":4682,"n":"Petits pois Notre Jardin A l'étuvée - Extra fins - 445g","p":1.28,"u":"2,88 €/KG","img":"https://fd13-photos.leclercdrive.fr/image.ashx?id=2987940&use=l&cat=p&typeid=i","cat":312607},{"id":4688,"n":"Pâtes Blé complet Barilla Penne Rigate Integrale - 500g","p":1.17,"u":"2,34 €/KG","img":"https://fd13-photos.leclercdrive.fr/image.ashx?id=2986954&use=l&cat=p&typeid=i","cat":284427},{"id":4727,"n":"Chocolat au lait Tablette d'Or Raisins secs & Noisettes - 200g","p":2.19,"u":"10,95 €/KG","img":"https://fd13-photos.leclercdrive.fr/image.ashx?id=2578629&use=l&cat=p&typeid=i","cat":284497},{"id":4844,"n":"Pochettes perforées Esquisse x50","p":1.69,"img":"https://fd13-photos.leclercdrive.fr/image.ashx?id=2943157&use=l&cat=p&typeid=i","cat":284745},{"id":4845,"n":"Champagne Montaudon Brut - 75cl","p":19.83,"u":"26,44 €/L","img":"https://fd13-photos.leclercdrive.fr/image.ashx?id=2672188&use=l&cat=p&typeid=i","cat":284542},{"id":4852,"n":"Thon blanc Petit Navire Au naturel - 140g","p":3.43,"u":"24,50 €/KG","img":"https://fd13-photos.leclercdrive.fr/image.ashx?id=2570996&use=l&cat=p&typeid=i","cat":303867},{"id":4862,"n":"Pain grillé Pelletier 300g","p":2.54,"u":"8,47 €/KG","img":"https://fd13-photos.leclercdrive.fr/image.ashx?id=2755543&use=l&cat=p&typeid=i","cat":284479},{"id":4863,"n":"Tampons Doulys Digitaux Normal - x24","p":1.24,"u":"0,05 €/P","img":"https://fd13-photos.leclercdrive.fr/image.ashx?id=2965401&use=l&cat=p&typeid=i","cat":284626},{"id":4876,"n":"Petits pots bébé NATURNES Carottes 4M+ - 2x130g","p":0.98,"u":"3,77 €/KG","img":"https://fd13-photos.leclercdrive.fr/image.ashx?id=2522398&use=l&cat=p&typeid=i","cat":312234},{"id":4877,"n":"Petits pots bébé NATURNES Haricots Verts 4M+ - 2x130g","p":0.93,"u":"3,58 €/KG","img":"https://fd13-photos.leclercdrive.fr/image.ashx?id=2522401&use=l&cat=p&typeid=i","cat":312234},{"id":4878,"n":"Petits pots bébé NATURNES Petits Pois 4M+ - 2x130g","p":0.98,"u":"3,77 €/KG","img":"https://fd13-photos.leclercdrive.fr/image.ashx?id=2536182&use=l&cat=p&typeid=i","cat":312234},{"id":4879,"n":"Petits pots bébé NATURNES Courgettes 4M+ - 2x130g","p":1.01,"u":"3,88 €/KG","img":"https://fd13-photos.leclercdrive.fr/image.ashx?id=2532249&use=l&cat=p&typeid=i","cat":312234},{"id":4880,"n":"Petits pots bébé NATURNES Epinards 4M+ - 2x130g","p":0.98,"u":"3,77 €/KG","img":"https://fd13-photos.leclercdrive.fr/image.ashx?id=2736973&use=l&cat=p&typeid=i","cat":312234},{"id":4881,"n":"Petits pots bébé NATURNES Potiron 4M+ - 2x130g","p":1.03,"u":"3,96 €/KG","img":"https://fd13-photos.leclercdrive.fr/image.ashx?id=2532252&use=l&cat=p&typeid=i","cat":312234},{"id":4906,"n":"Purée de fruit NATURNES Pommes Poires 4M+ - 4x130g","p":2.12,"u":"4,08 €/KG","img":"https://fd13-photos.leclercdrive.fr/image.ashx?id=2672551&use=l&cat=p&typeid=i","cat":312387},{"id":4916,"n":"Collants Sublim Dim Voile brillant noir - Taille 2","p":5.4,"img":"https://fd13-photos.leclercdrive.fr/image.ashx?id=2176659&use=l&cat=p&typeid=i","cat":334130},{"id":4922,"n":"Cracotte Lu Craquinette Choco noisette - 216g","p":2.39,"u":"11,06 €/KG","img":"https://fd13-photos.leclercdrive.fr/image.ashx?id=2474206&use=l&cat=p&typeid=i","cat":284479},{"id":4971,"n":"Fromage Spécialité Port Salut - 320g","p":2.76,"u":"8,63 €/KG","img":"https://fd13-photos.leclercdrive.fr/image.ashx?id=2143762&use=l&cat=p&typeid=i","cat":329184},{"id":4988,"n":"Beurre Moulé Paysan Breton Doux - 82%MG - 500g","p":6.24,"u":"12,48 €/KG","img":"https://fd13-photos.leclercdrive.fr/image.ashx?id=2774496&use=l&cat=p&typeid=i","cat":284379},{"id":5015,"n":"Yaourts Les Zaros Délisse Fruits panachés - 16x125g","p":2.48,"u":"1,24 €/KG","img":"https://fd13-photos.leclercdrive.fr/image.ashx?id=2970444&use=l&cat=p&typeid=i","cat":284414},{"id":5016,"n":"Yaourts nature Déli'light 0% MG - 12x125g","p":1.91,"u":"1,27 €/KG","img":"https://fd13-photos.leclercdrive.fr/image.ashx?id=2922482&use=l&cat=p&typeid=i","cat":315000},{"id":5017,"n":"Betterave rouge Notre Jardin Entière cuite sous vide - 500g","p":0.71,"u":"1,42 €/KG","img":"https://fd13-photos.leclercdrive.fr/image.ashx?id=2885116&use=l&cat=p&typeid=i","cat":284352},{"id":5018,"n":"Yaourts Délisse Nature - 4x125g","p":0.65,"u":"1,30 €/KG","img":"https://fd13-photos.leclercdrive.fr/image.ashx?id=3003052&use=l&cat=p&typeid=i","cat":284409},{"id":5021,"n":"Crottin de chèvre Les Croisés 23%mg - 2x60g","p":1.78,"u":"14,83 €/KG","img":"https://fd13-photos.leclercdrive.fr/image.ashx?id=2891878&use=l&cat=p&typeid=i","cat":314031},{"id":5022,"n":"Graisse à frire Rustica végétale - 1kg","p":5.77,"u":"5,77 €/KG","img":"https://fd13-photos.leclercdrive.fr/image.ashx?id=2881226&use=l&cat=p&typeid=i","cat":315229},{"id":5023,"n":"Salade composée Notre Jardin Mélée gourmande - 200g","p":0.99,"u":"4,95 €/KG","img":"https://fd13-photos.leclercdrive.fr/image.ashx?id=2720145&use=l&cat=p&typeid=i","cat":284353},{"id":5024,"n":"Viande des grisons Saint Azay 10 tranches - 80g","p":4.09,"u":"51,13 €/KG","img":"https://fd13-photos.leclercdrive.fr/image.ashx?id=2848490&use=l&cat=p&typeid=i","cat":316007},{"id":5025,"n":"Salade Notre Jardin Jeunes pousses - 125g","p":1.49,"u":"11,92 €/KG","img":"https://fd13-photos.leclercdrive.fr/image.ashx?id=2655601&use=l&cat=p&typeid=i","cat":284353},{"id":5026,"n":"Ravioli Turini Boeuf aux oignons - 300g","p":1.53,"u":"5,10 €/KG","img":"https://fd13-photos.leclercdrive.fr/image.ashx?id=2778036&use=l&cat=p&typeid=i","cat":333682},{"id":5028,"n":"Piémontaise Menu Fraîcheur Au jambon - 500g","p":2.2,"u":"4,40 €/KG","img":"https://fd13-photos.leclercdrive.fr/image.ashx?id=2901428&use=l&cat=p&typeid=i","cat":333657},{"id":5029,"n":"Museau de porc Menu Fraîcheur A la lyonnaise - 300g","p":1.99,"u":"6,63 €/KG","img":"https://fd13-photos.leclercdrive.fr/image.ashx?id=2816558&use=l&cat=p&typeid=i","cat":333657},{"id":5031,"n":"Petits chèvres doux Les Croisés 200g","p":2.02,"u":"10,10 €/KG","img":"https://fd13-photos.leclercdrive.fr/image.ashx?id=2927179&use=l&cat=p&typeid=i","cat":314031},{"id":5032,"n":"Pizza Turini Chorizo - 450g","p":2.69,"u":"5,98 €/KG","img":"https://fd13-photos.leclercdrive.fr/image.ashx?id=2422168&use=l&cat=p&typeid=i","cat":333679},{"id":5037,"n":"Gésiers de volaille Volandrie 300g","p":2.49,"u":"8,30 €/KG","img":"https://fd13-photos.leclercdrive.fr/image.ashx?id=2814860&use=l&cat=p&typeid=i","cat":284715},{"id":5041,"n":"Fromage blanc Déli'light Nature 0% MG - 1kg","p":1.79,"u":"1,79 €/KG","img":"https://fd13-photos.leclercdrive.fr/image.ashx?id=2905213&use=l&cat=p&typeid=i","cat":315000},{"id":5044,"n":"Fromage à tartiner Les Croisés  Ail et fines herbes 25%mg 150g","p":1.29,"u":"8,60 €/KG","img":"https://fd13-photos.leclercdrive.fr/image.ashx?id=2476122&use=l&cat=p&typeid=i","cat":314029},{"id":5045,"n":"Riz au lait Délisse Vanille - 8x115g","p":2.08,"u":"2,26 €/KG","img":"https://fd13-photos.leclercdrive.fr/image.ashx?id=2489116&use=l&cat=p&typeid=i","cat":284418},{"id":5046,"n":"Roquefort NRT AOP  Fromage de brebis -150g","p":2.99,"u":"19,93 €/KG","img":"https://fd13-photos.leclercdrive.fr/image.ashx?id=2771046&use=l&cat=p&typeid=i","cat":314032},{"id":5047,"n":"Gratte éponge Spontex Sans rinçage x3","p":1.38,"u":"0,46 €/P","img":"https://fd13-photos.leclercdrive.fr/image.ashx?id=2975783&use=l&cat=p&typeid=i","cat":284667},{"id":5049,"n":"Whisky Sir Edward's 40%vol - 1L","p":16.87,"u":"16,87 €/L","img":"https://fd13-photos.leclercdrive.fr/image.ashx?id=2510747&use=l&cat=p&typeid=i","cat":284547},{"id":5050,"n":"Sucre de canne Canadou 70cl","p":2.6,"u":"3,71 €/L","img":"https://fd13-photos.leclercdrive.fr/image.ashx?id=2534587&use=l&cat=p&typeid=i","cat":284551},{"id":5054,"n":"Olives Vertes Dénoyautées  100g","p":0.89,"u":"8,90 €/KG","img":"https://fd13-photos.leclercdrive.fr/image.ashx?id=2923432&use=l&cat=p&typeid=i","cat":284450},{"id":5060,"n":"Carrés Chocolat Noir Nestlé  L'Atelier 70% Cacao 210g","p":4.37,"u":"20,81 €/KG","img":"https://fd13-photos.leclercdrive.fr/image.ashx?id=2570124&use=l&cat=p&typeid=i","cat":284956},{"id":5066,"n":"Amandes décortiquées Sun Apéro 500g","p":7.28,"u":"14,56 €/KG","img":"https://fd13-photos.leclercdrive.fr/image.ashx?id=2692164&use=l&cat=p&typeid=i","cat":284357},{"id":5070,"n":"Whisky Jack Daniel's Old N°7 70cL","p":20.6,"u":"29,43 €/L","img":"https://fd13-photos.leclercdrive.fr/image.ashx?id=2789763&use=l&cat=p&typeid=i","cat":284547},{"id":5073,"n":"Muscat Olympio Samos 75cl","p":4.48,"u":"5,97 €/L","img":"https://fd13-photos.leclercdrive.fr/image.ashx?id=2504077&use=l&cat=p&typeid=i","cat":284913},{"id":5078,"n":"Sucres morceaux Béghin Say n°4 1kg","p":1.87,"u":"1,87 €/KG","img":"https://fd13-photos.leclercdrive.fr/image.ashx?id=2860172&use=l&cat=p&typeid=i","cat":284502},{"id":5079,"n":"Sucre cristal Béghin Say 1kg","p":1.88,"u":"1,88 €/KG","img":"https://fd13-photos.leclercdrive.fr/image.ashx?id=2866343&use=l&cat=p&typeid=i","cat":284502},{"id":5080,"n":"Sucre poudre Béghin Say Etui 1kg","p":1.79,"u":"1,79 €/KG","img":"https://fd13-photos.leclercdrive.fr/image.ashx?id=2866346&use=l&cat=p&typeid=i","cat":284502},{"id":5081,"n":"Sucre poudre Béghin Say 1kg","p":1.75,"u":"1,75 €/KG","img":"https://fd13-photos.leclercdrive.fr/image.ashx?id=2866349&use=l&cat=p&typeid=i","cat":284502},{"id":5083,"n":"Sucre canne Blonvilliers Béghin Say morceaux 1kg","p":2.54,"u":"2,54 €/KG","img":"https://fd13-photos.leclercdrive.fr/image.ashx?id=2962281&use=l&cat=p&typeid=i","cat":284502},{"id":5090,"n":"Pepites de chocolat noir Vahiné - 100g","p":1.99,"u":"19,90 €/KG","img":"https://fd13-photos.leclercdrive.fr/image.ashx?id=2529282&use=l&cat=p&typeid=i","cat":284504},{"id":5098,"n":"Colle Super Glue 3 Loctite Power gel - 3g","p":3.18,"img":"https://fd13-photos.leclercdrive.fr/image.ashx?id=2020278&use=l&cat=p&typeid=i","cat":300576},{"id":5099,"n":"Huile touche d'olive Isio 4 1L","p":4.92,"u":"4,92 €/L","img":"https://fd13-photos.leclercdrive.fr/image.ashx?id=2918724&use=l&cat=p&typeid=i","cat":284453},{"id":5102,"n":"Cacahuètes Maître Prunille Chouchou sucrées - 500g","p":4.5,"u":"9,00 €/KG","img":"https://fd13-photos.leclercdrive.fr/image.ashx?id=2234018&use=l&cat=p&typeid=i","cat":284357},{"id":5103,"n":"Biscuits Maître Prunille Japonais - 250g","p":3.89,"u":"15,56 €/KG","img":"https://fd13-photos.leclercdrive.fr/image.ashx?id=2234021&use=l&cat=p&typeid=i","cat":316002},{"id":5107,"n":"Huile d'arachide Rustica  1L","p":3.55,"u":"3,55 €/L","img":"https://fd13-photos.leclercdrive.fr/image.ashx?id=3002509&use=l&cat=p&typeid=i","cat":284453},{"id":5110,"n":"Pâtes Coquillettes Turini  1kg","p":1.35,"u":"1,35 €/KG","img":"https://fd13-photos.leclercdrive.fr/image.ashx?id=2980438&use=l&cat=p&typeid=i","cat":284427},{"id":5111,"n":"Couscous Comptoir du grain Grain fin - 500g","p":1.27,"u":"2,54 €/KG","img":"https://fd13-photos.leclercdrive.fr/image.ashx?id=3012809&use=l&cat=p&typeid=i","cat":284429},{"id":5112,"n":"Chocolat blanc Tablette d'Or Blanc - 2x100g","p":2.23,"u":"11,15 €/KG","img":"https://fd13-photos.leclercdrive.fr/image.ashx?id=2790880&use=l&cat=p&typeid=i","cat":284957},{"id":5115,"n":"Biscuits Croustillants Tokapi Bacon-  85g","p":0.99,"u":"11,65 €/KG","img":"https://fd13-photos.leclercdrive.fr/image.ashx?id=2632837&use=l&cat=p&typeid=i","cat":297000},{"id":5116,"n":"Crème de pêche Auguste Muniot 15%vol. - 50cl","p":4.99,"u":"9,98 €/L","img":"https://fd13-photos.leclercdrive.fr/image.ashx?id=2753360&use=l&cat=p&typeid=i","cat":286032},{"id":5117,"n":"Café soluble Plantation Qualité filtre - 200g","p":4.4,"u":"22,00 €/KG","img":"https://fd13-photos.leclercdrive.fr/image.ashx?id=2834269&use=l&cat=p&typeid=i","cat":284843},{"id":5121,"n":"Café moulu Plantation Ethiopie - 250g","p":3.89,"u":"15,56 €/KG","img":"https://fd13-photos.leclercdrive.fr/image.ashx?id=2607434&use=l&cat=p&typeid=i","cat":284750},{"id":5125,"n":"Farine de blé bio T65 Bio Village - 1kg","p":0.99,"u":"0,99 €/KG","img":"https://fd13-photos.leclercdrive.fr/image.ashx?id=2448418&use=l&cat=p&typeid=i","cat":284503},{"id":5126,"n":"Riz long Comptoir du Grain Cuisson rapide 10min - 1kg","p":1.69,"u":"1,69 €/KG","img":"https://fd13-photos.leclercdrive.fr/image.ashx?id=2764137&use=l&cat=p&typeid=i","cat":284428},{"id":5128,"n":"Chips Pom'lisse Bolognaise - 135g","p":1.29,"u":"9,56 €/KG","img":"https://fd13-photos.leclercdrive.fr/image.ashx?id=2919604&use=l&cat=p&typeid=i","cat":284447},{"id":5132,"n":"Croûtons Epi d'Or Nature - 2x90g","p":0.99,"u":"5,50 €/KG","img":"https://fd13-photos.leclercdrive.fr/image.ashx?id=2606037&use=l&cat=p&typeid=i","cat":284464},{"id":5142,"n":"Feutres de coloriage Esquisse Lavable Pointe moyenne x12","p":1.29,"img":"https://fd13-photos.leclercdrive.fr/image.ashx?id=2943151&use=l&cat=p&typeid=i","cat":284696},{"id":5143,"n":"Chemises carton Esquisse A4 - lot de 3","p":1.65,"img":"https://fd13-photos.leclercdrive.fr/image.ashx?id=2943154&use=l&cat=p&typeid=i","cat":284745},{"id":5147,"n":"Crayons de couleur Esquisse x12","p":0.99,"img":"https://fd13-photos.leclercdrive.fr/image.ashx?id=2943163&use=l&cat=p&typeid=i","cat":284696},{"id":5155,"n":"Mini Gomme Esquisse Plastique x2","p":0.59,"u":"0,30 €/P","img":"https://fd13-photos.leclercdrive.fr/image.ashx?id=2943220&use=l&cat=p&typeid=i","cat":334133},{"id":5160,"n":"Pur jus de fruits Tropicana Réveil fruité - 1,5L","p":3.59,"u":"2,39 €/L","img":"https://fd13-photos.leclercdrive.fr/image.ashx?id=2606400&use=l&cat=p&typeid=i","cat":284521},{"id":5176,"n":"Pâtes Alphabet Panzani 500g","p":1.27,"u":"2,54 €/KG","img":"https://fd13-photos.leclercdrive.fr/image.ashx?id=2896063&use=l&cat=p&typeid=i","cat":284427},{"id":5211,"n":"Navet 500g","p":1.58,"u":"3,16 €/KG","img":"https://fd13-photos.leclercdrive.fr/image.ashx?id=1632545&use=l&cat=p&typeid=i","cat":284352},{"id":5227,"n":"Pâtes Lustucru coquillettes Oeufs frais - 250g","p":0.94,"u":"3,76 €/KG","img":"https://fd13-photos.leclercdrive.fr/image.ashx?id=2519474&use=l&cat=p&typeid=i","cat":284427},{"id":5228,"n":"Pâtes Lustucru spaghetti courts Oeufs frais - 250g","p":0.94,"u":"3,76 €/KG","img":"https://fd13-photos.leclercdrive.fr/image.ashx?id=2519477&use=l&cat=p&typeid=i","cat":284427},{"id":5229,"n":"Torsades Lustucru  Aux œufs - 250g","p":0.91,"u":"3,64 €/KG","img":"https://fd13-photos.leclercdrive.fr/image.ashx?id=2503945&use=l&cat=p&typeid=i","cat":284427},{"id":5248,"n":"Yaourts aux fruits Délisse Panaché de fruits - 12x125g","p":3.39,"u":"2,26 €/KG","img":"https://fd13-photos.leclercdrive.fr/image.ashx?id=2658575&use=l&cat=p&typeid=i","cat":284410},{"id":5250,"n":"Crème glacée Eskiss Pistache avec éclats - 494g","p":2.51,"u":"5,08 €/KG","img":"https://fd13-photos.leclercdrive.fr/image.ashx?id=2982586&use=l&cat=p&typeid=i","cat":284263},{"id":5252,"n":"Pansements Primoplast Spécial articulations 10 bandes","p":1.99,"img":"https://fd13-photos.leclercdrive.fr/image.ashx?id=2897766&use=l&cat=p&typeid=i","cat":284630},{"id":5253,"n":"Pansements Primoplast Spécial Articulations x30","p":1.59,"img":"https://fd13-photos.leclercdrive.fr/image.ashx?id=2832912&use=l&cat=p&typeid=i","cat":284630},{"id":5254,"n":"Croc's jambon Côté Croc Dinde x2 - 100g","p":1.72,"u":"8,60 €/KG","img":"https://fd13-photos.leclercdrive.fr/image.ashx?id=2449760&use=l&cat=p&typeid=i","cat":333683},{"id":5255,"n":"Croc Côté Croc Poulet Fromage x2 - 200g","p":1.54,"u":"7,70 €/KG","img":"https://fd13-photos.leclercdrive.fr/image.ashx?id=2967549&use=l&cat=p&typeid=i","cat":333683},{"id":5256,"n":"Bonbons Copains Copines Assortiment - 750g","p":3.85,"u":"5,13 €/KG","img":"https://fd13-photos.leclercdrive.fr/image.ashx?id=2934652&use=l&cat=p&typeid=i","cat":304250},{"id":5261,"n":"Fromage blanc Délisse Nature 7.8% MG - 8x100g","p":2.89,"u":"3,61 €/KG","img":"https://fd13-photos.leclercdrive.fr/image.ashx?id=3012812&use=l&cat=p&typeid=i","cat":284409},{"id":5263,"n":"Yaourts Pulpe de fruits Délisse Panaché de fruits - 16x100g","p":3.54,"u":"2,21 €/KG","img":"https://fd13-photos.leclercdrive.fr/image.ashx?id=2967555&use=l&cat=p&typeid=i","cat":284414},{"id":5264,"n":"Crème glacée Eskiss Fraise avec morceaux - 494g","p":2.84,"u":"5,75 €/KG","img":"https://fd13-photos.leclercdrive.fr/image.ashx?id=2982598&use=l&cat=p&typeid=i","cat":284263},{"id":5265,"n":"Piémontaise Menu Fraîcheur  Au jambon - 300g","p":1.59,"u":"5,30 €/KG","img":"https://fd13-photos.leclercdrive.fr/image.ashx?id=2901425&use=l&cat=p&typeid=i","cat":333657},{"id":5271,"n":"Betteraves Menu Fraîcheur  Rouge en dés - 300g","p":1.19,"u":"3,97 €/KG","img":"https://fd13-photos.leclercdrive.fr/image.ashx?id=2552418&use=l&cat=p&typeid=i","cat":333657},{"id":5274,"n":"Quiche lorraine Coté Table 2x130g","p":2.69,"u":"10,35 €/KG","img":"https://fd13-photos.leclercdrive.fr/image.ashx?id=2869790&use=l&cat=p&typeid=i","cat":333680},{"id":5277,"n":"Yaourts Pâtissiers Délisse Spécialités gourmandes-12x125g","p":3.17,"u":"2,11 €/KG","img":"https://fd13-photos.leclercdrive.fr/image.ashx?id=2501667&use=l&cat=p&typeid=i","cat":314999},{"id":5279,"n":"Actifidus Delisse Nature - 4x125g","p":0.85,"u":"1,70 €/KG","img":"https://fd13-photos.leclercdrive.fr/image.ashx?id=2431107&use=l&cat=p&typeid=i","cat":315000},{"id":5281,"n":"Yaourts Petits Délis Chocolat - 6x100g","p":1.91,"u":"3,18 €/KG","img":"https://fd13-photos.leclercdrive.fr/image.ashx?id=2865188&use=l&cat=p&typeid=i","cat":284414},{"id":5284,"n":"Foies de volaille Volandrie confits - 300g","p":2.7,"u":"9,00 €/KG","img":"https://fd13-photos.leclercdrive.fr/image.ashx?id=2814857&use=l&cat=p&typeid=i","cat":284715},{"id":5285,"n":"Escalope Normande Côté Croc x2 - 200g","p":1.78,"u":"8,90 €/KG","img":"https://fd13-photos.leclercdrive.fr/image.ashx?id=2488353&use=l&cat=p&typeid=i","cat":333683},{"id":5288,"n":"Crème dessert Petits Délis Chocolat et lait - 6x70g","p":1.3,"u":"3,10 €/KG","img":"https://fd13-photos.leclercdrive.fr/image.ashx?id=2572061&use=l&cat=p&typeid=i","cat":285041},{"id":5289,"n":"Torti au surimi Menu Fraîcheur 300g","p":1.7,"u":"5,67 €/KG","img":"https://fd13-photos.leclercdrive.fr/image.ashx?id=2965443&use=l&cat=p&typeid=i","cat":333657},{"id":5291,"n":"Cordon bleu Côté Croc Dinde - 400g","p":3.67,"u":"9,18 €/KG","img":"https://fd13-photos.leclercdrive.fr/image.ashx?id=2915116&use=l&cat=p&typeid=i","cat":333683},{"id":5293,"n":"Biscuits apéritifs Tokapi 3 saveurs - 100g","p":0.79,"u":"7,90 €/KG","img":"https://fd13-photos.leclercdrive.fr/image.ashx?id=2885768&use=l&cat=p&typeid=i","cat":284449},{"id":5294,"n":"Yaourts brassés Délisse Nature - 4x125g","p":1.05,"u":"2,10 €/KG","img":"https://fd13-photos.leclercdrive.fr/image.ashx?id=2982892&use=l&cat=p&typeid=i","cat":284409},{"id":5296,"n":"Crème dessert Délisse Chocolat blanc - 4x125g","p":1.36,"u":"2,72 €/KG","img":"https://fd13-photos.leclercdrive.fr/image.ashx?id=2753475&use=l&cat=p&typeid=i","cat":285041},{"id":5308,"n":"Biscuits Mini Rollos Pépito Chocolat au lait - 225g","p":1.83,"u":"8,13 €/KG","img":"https://fd13-photos.leclercdrive.fr/image.ashx?id=3014407&use=l&cat=p&typeid=i","cat":284488},{"id":5310,"n":"Petits pois d'aucy  Extra-fins - 560g","p":1.64,"u":"2,93 €/KG","img":"https://fd13-photos.leclercdrive.fr/image.ashx?id=2426361&use=l&cat=p&typeid=i","cat":312607},{"id":5311,"n":"Petits pois carottes d'Aucy A l'étuvée - Extra fins - 530g","p":1.66,"u":"3,13 €/KG","img":"https://fd13-photos.leclercdrive.fr/image.ashx?id=2426364&use=l&cat=p&typeid=i","cat":312607},{"id":5317,"n":"Lentilles cuisinées Raynal Et Roquelaure - 410g","p":1.26,"u":"3,07 €/KG","img":"https://fd13-photos.leclercdrive.fr/image.ashx?id=2928396&use=l&cat=p&typeid=i","cat":312609},{"id":5318,"n":"Biscuits galettes St Michel 130g","p":1.08,"u":"8,31 €/KG","img":"https://fd13-photos.leclercdrive.fr/image.ashx?id=2986149&use=l&cat=p&typeid=i","cat":284487},{"id":5321,"n":"Chocolat poudre Benco 400g","p":2.3,"u":"5,75 €/KG","img":"https://fd13-photos.leclercdrive.fr/image.ashx?id=2871805&use=l&cat=p&typeid=i","cat":293235},{"id":5325,"n":"Confiture Bonne Maman Fraise - 370g","p":1.7,"u":"4,59 €/KG","img":"https://fd13-photos.leclercdrive.fr/image.ashx?id=2474984&use=l&cat=p&typeid=i","cat":284480},{"id":5329,"n":"Saucisses aux lentilles William Saurin - 420g","p":1.89,"u":"4,50 €/KG","img":"https://fd13-photos.leclercdrive.fr/image.ashx?id=2890067&use=l&cat=p&typeid=i","cat":284441},{"id":5339,"n":"Fruits au sirop St Mamet Cocktail - 500g","p":3.8,"u":"7,60 €/KG","img":"https://fd13-photos.leclercdrive.fr/image.ashx?id=2412435&use=l&cat=p&typeid=i","cat":284507},{"id":5342,"n":"Soda Canada Dry Ginger Ale 1,5L","p":1.95,"u":"1,30 €/L","img":"https://fd13-photos.leclercdrive.fr/image.ashx?id=2654674&use=l&cat=p&typeid=i","cat":284531},{"id":5360,"n":"Dentifrice Sanogyl Blancheur et soin 75ml","p":2.45,"u":"32,67 €/L","img":"https://fd13-photos.leclercdrive.fr/image.ashx?id=2734015&use=l&cat=p&typeid=i","cat":284612},{"id":5362,"n":"Vin mousseux Charles Volner Brut - 12%vol. - 75cl","p":4.05,"u":"5,40 €/L","img":"https://fd13-photos.leclercdrive.fr/image.ashx?id=1592052&use=l&cat=p&typeid=i","cat":284544},{"id":5364,"n":"Fromage blanc Délisse Nature 7% MG - 1kg","p":2.39,"u":"2,39 €/KG","img":"https://fd13-photos.leclercdrive.fr/image.ashx?id=2834999&use=l&cat=p&typeid=i","cat":284409},{"id":5366,"n":"Cire Dépilatoire Siliss Méthode orientale - 250ml","p":3.89,"u":"15,56 €/L","img":"https://fd13-photos.leclercdrive.fr/image.ashx?id=2699396&use=l&cat=p&typeid=i","cat":325351},{"id":5367,"n":"Biscuits tuiles P'tit Déli 100g","p":1.17,"u":"11,70 €/KG","img":"https://fd13-photos.leclercdrive.fr/image.ashx?id=1898889&use=l&cat=p&typeid=i","cat":284487},{"id":5369,"n":"Légumes couscous Notre Jardin 800g","p":1.49,"u":"1,86 €/KG","img":"https://fd13-photos.leclercdrive.fr/image.ashx?id=2854213&use=l&cat=p&typeid=i","cat":312612},{"id":5381,"n":"Dentifrice Dentamyl Haleine fraîche 75ml","p":1.39,"u":"18,53 €/L","img":"https://fd13-photos.leclercdrive.fr/image.ashx?id=2613828&use=l&cat=p&typeid=i","cat":284612},{"id":5385,"n":"Lait coco Tables du Monde 200ml","p":0.86,"u":"4,30 €/L","img":"https://fd13-photos.leclercdrive.fr/image.ashx?id=2920172&use=l&cat=p&typeid=i","cat":288992},{"id":5386,"n":"Biscuit Petit beurre P'tit Déli Tablette chocolat lait - 150g","p":1.29,"u":"8,60 €/KG","img":"https://fd13-photos.leclercdrive.fr/image.ashx?id=2949176&use=l&cat=p&typeid=i","cat":284488},{"id":5387,"n":"Boisson soja Calcium Végé 1L Végé - 200g","p":0.93,"u":"0,93 €/L","img":"https://fd13-photos.leclercdrive.fr/image.ashx?id=2859155&use=l&cat=p&typeid=i","cat":316067},{"id":5390,"n":"Crème anglaise Délisse 50cl","p":1.28,"u":"2,56 €/L","img":"https://fd13-photos.leclercdrive.fr/image.ashx?id=3002569&use=l&cat=p&typeid=i","cat":284382},{"id":5391,"n":"Yaourts à boire Délisse 3 parfums - 6x180g","p":2.39,"u":"2,21 €/KG","img":"https://fd13-photos.leclercdrive.fr/image.ashx?id=2757924&use=l&cat=p&typeid=i","cat":284415},{"id":5393,"n":"Fromage blanc Délisse Framboise 5.5% MG - 500g","p":2.39,"u":"4,78 €/KG","img":"https://fd13-photos.leclercdrive.fr/image.ashx?id=3012821&use=l&cat=p&typeid=i","cat":284409},{"id":5396,"n":"Bain de bouche Dentamyl Multi Protection - 500ml","p":1.89,"u":"3,78 €/L","img":"https://fd13-photos.leclercdrive.fr/image.ashx?id=2500806&use=l&cat=p&typeid=i","cat":284613},{"id":5399,"n":"Pur jus d'orange Bio Village Bio sans pulpe - 1L","p":2.45,"u":"2,45 €/L","img":"https://fd13-photos.leclercdrive.fr/image.ashx?id=2901521&use=l&cat=p&typeid=i","cat":284521},{"id":5400,"n":"Nouilles bouclées d'Alsace NRT 250g","p":1.39,"u":"5,56 €/KG","img":"https://fd13-photos.leclercdrive.fr/image.ashx?id=2326316&use=l&cat=p&typeid=i","cat":284427},{"id":5403,"n":"Plumes d'Alsace NRT 250g","p":1.39,"u":"5,56 €/KG","img":"https://fd13-photos.leclercdrive.fr/image.ashx?id=2839971&use=l&cat=p&typeid=i","cat":284427},{"id":5404,"n":"IGP Coquilles d'Alsace NRT 250g","p":1.39,"u":"5,56 €/KG","img":"https://fd13-photos.leclercdrive.fr/image.ashx?id=2839974&use=l&cat=p&typeid=i","cat":284427},{"id":5405,"n":"Saucisse sèche d'Auvergne  NRT - 300g","p":5.74,"u":"19,13 €/KG","img":"https://fd13-photos.leclercdrive.fr/image.ashx?id=2991473&use=l&cat=p&typeid=i","cat":316006},{"id":5406,"n":"Saucisson sec d'Auvergne IGP Nos Régions ont du Talent 300g","p":5.54,"u":"18,47 €/KG","img":"https://fd13-photos.leclercdrive.fr/image.ashx?id=2991476&use=l&cat=p&typeid=i","cat":316006},{"id":5407,"n":"Coquillettes d'Alsace NRT 250g","p":1.39,"u":"5,56 €/KG","img":"https://fd13-photos.leclercdrive.fr/image.ashx?id=2839977&use=l&cat=p&typeid=i","cat":284427},{"id":5449,"n":"Boîte chat Whiskas Terrine du marché - 4x400g","p":4.62,"u":"2,89 €/KG","img":"https://fd13-photos.leclercdrive.fr/image.ashx?id=2759619&use=l&cat=p&typeid=i","cat":285601},{"id":5467,"n":"Papier toilette Parfumé Mimosa Instant zen - x6","p":2.85,"u":"0,48 €/P","img":"https://fd13-photos.leclercdrive.fr/image.ashx?id=2073188&use=l&cat=p&typeid=i","cat":284634},{"id":5468,"n":"Papier toilette Parfumé Mimosa Soleil d'été - x6","p":2.99,"u":"0,50 €/P","img":"https://fd13-photos.leclercdrive.fr/image.ashx?id=2073191&use=l&cat=p&typeid=i","cat":284634},{"id":5472,"n":"Biscuits barquettes P'tit Déli Fraise - 2x120g","p":1.66,"u":"6,92 €/KG","img":"https://fd13-photos.leclercdrive.fr/image.ashx?id=2691168&use=l&cat=p&typeid=i","cat":284489},{"id":5480,"n":"Biscuits Dejeuner REM 3x255g","p":3.28,"u":"4,29 €/KG","img":"https://fd13-photos.leclercdrive.fr/image.ashx?id=3002201&use=l&cat=p&typeid=i","cat":284491},{"id":5497,"n":"Gelée Bonne Maman Cassis - 370g","p":1.71,"u":"4,62 €/KG","img":"https://fd13-photos.leclercdrive.fr/image.ashx?id=2901662&use=l&cat=p&typeid=i","cat":284480},{"id":5498,"n":"Comté des terroirs Entremont 200g","p":3.61,"u":"18,05 €/KG","img":"https://fd13-photos.leclercdrive.fr/image.ashx?id=2474245&use=l&cat=p&typeid=i","cat":314034},{"id":5501,"n":"Sel La Baleine  Fin iodé 125g","p":0.37,"u":"2,96 €/KG","img":"https://fd13-photos.leclercdrive.fr/image.ashx?id=2019879&use=l&cat=p&typeid=i","cat":284457},{"id":5509,"n":"Pâtes Torsades Turini 1kg","p":1.29,"u":"1,29 €/KG","img":"https://fd13-photos.leclercdrive.fr/image.ashx?id=2980459&use=l&cat=p&typeid=i","cat":284427},{"id":5511,"n":"Sparadrap Primoplast Peaux délicates 5mx2.5cm","p":1.48,"img":"https://fd13-photos.leclercdrive.fr/image.ashx?id=2856426&use=l&cat=p&typeid=i","cat":284630},{"id":5512,"n":"Sparadrap Primoplast résistant 5mx2.5cm","p":1.49,"img":"https://fd13-photos.leclercdrive.fr/image.ashx?id=2856435&use=l&cat=p&typeid=i","cat":284630},{"id":5513,"n":"Miel Nid d'Abeille Crémeux - 1 kg","p":6.39,"u":"6,39 €/KG","img":"https://fd13-photos.leclercdrive.fr/image.ashx?id=760210&use=l&cat=p&typeid=i","cat":287643},{"id":5514,"n":"Bande strapping Primoplast Adhésive 2.5mx6cm","p":3.39,"img":"https://fd13-photos.leclercdrive.fr/image.ashx?id=2856441&use=l&cat=p&typeid=i","cat":284630},{"id":5515,"n":"Vin mousseux d'Union Européenne  brut  -75cl","p":2.99,"u":"3,99 €/L","img":"https://fd13-photos.leclercdrive.fr/image.ashx?id=2807279&use=l&cat=p&typeid=i","cat":284544},{"id":5526,"n":"Fromage Bleu d'Auvergne NRT  AOP - 125g","p":1.39,"u":"11,12 €/KG","img":"https://fd13-photos.leclercdrive.fr/image.ashx?id=2771040&use=l&cat=p&typeid=i","cat":314032},{"id":5529,"n":"Croquettes petits chiens Ultima  Poulet - Yorkshire - 800g","p":3.11,"u":"3,89 €/KG","img":"https://fd13-photos.leclercdrive.fr/image.ashx?id=2922224&use=l&cat=p&typeid=i","cat":294526},{"id":5534,"n":"Copies doubles Esquisse Perforées  21x29.7cm- 300 pages","p":2.49,"img":"https://fd13-photos.leclercdrive.fr/image.ashx?id=2943202&use=l&cat=p&typeid=i","cat":284697},{"id":5536,"n":"Biscuits Pockitos Pépito Chocolat au lait - 295g","p":3.38,"u":"11,46 €/KG","img":"https://fd13-photos.leclercdrive.fr/image.ashx?id=3001955&use=l&cat=p&typeid=i","cat":284488},{"id":5542,"n":"Quenelles Petitjean veau Naturel - 255g","p":1.69,"u":"6,63 €/KG","img":"https://fd13-photos.leclercdrive.fr/image.ashx?id=2676573&use=l&cat=p&typeid=i","cat":284441},{"id":5543,"n":"Petites quenelles Petitjean De volaille au naturel - 255g","p":1.61,"u":"6,31 €/KG","img":"https://fd13-photos.leclercdrive.fr/image.ashx?id=2677225&use=l&cat=p&typeid=i","cat":284441},{"id":5545,"n":"Garniture Bouchées à la reine Petit Jean - 400g","p":2.22,"u":"5,55 €/KG","img":"https://fd13-photos.leclercdrive.fr/image.ashx?id=2677240&use=l&cat=p&typeid=i","cat":284441},{"id":5546,"n":"Pâté de foie William Saurin - 3x78g","p":2.29,"u":"9,79 €/KG","img":"https://fd13-photos.leclercdrive.fr/image.ashx?id=2392756&use=l&cat=p&typeid=i","cat":305149},{"id":5549,"n":"Lait Régilait nuage de lait 10x7.5g","p":0.52,"u":"6,93 €/KG","img":"https://fd13-photos.leclercdrive.fr/image.ashx?id=2018637&use=l&cat=p&typeid=i","cat":299162},{"id":5561,"n":"Tampons Doulys Digitaux Super - x24","p":1.26,"u":"0,05 €/P","img":"https://fd13-photos.leclercdrive.fr/image.ashx?id=2965413&use=l&cat=p&typeid=i","cat":284626},{"id":5563,"n":"Biscuits P'tit Déli Délimousse 175g","p":1.51,"u":"8,63 €/KG","img":"https://fd13-photos.leclercdrive.fr/image.ashx?id=2540936&use=l&cat=p&typeid=i","cat":284495},{"id":5564,"n":"Lingettes nettoyantes Clair Vitres 3en1 x20","p":0.87,"u":"0,04 €/P","img":"https://fd13-photos.leclercdrive.fr/image.ashx?id=2858827&use=l&cat=p&typeid=i","cat":325363},{"id":5574,"n":"Quenelles Côté Table saumon Sauce crevette 400g","p":1.8,"u":"4,50 €/KG","img":"https://fd13-photos.leclercdrive.fr/image.ashx?id=2977138&use=l&cat=p&typeid=i","cat":284441},{"id":5576,"n":"Biscuits choco barre P'tit Déli Chocolat lait 295g","p":2.64,"u":"8,95 €/KG","img":"https://fd13-photos.leclercdrive.fr/image.ashx?id=2618229&use=l&cat=p&typeid=i","cat":284488},{"id":5578,"n":"Cuillers à pâtisserie  P'tit Déli 300g","p":2.49,"u":"8,30 €/KG","img":"https://fd13-photos.leclercdrive.fr/image.ashx?id=2046352&use=l&cat=p&typeid=i","cat":284487},{"id":5581,"n":"Chewing-gum sans sucre Freedent Menthe verte 5x10 dragées 70g","p":2.39,"img":"https://fd13-photos.leclercdrive.fr/image.ashx?id=2325482&use=l&cat=p&typeid=i","cat":304251},{"id":5582,"n":"Chewing-gum Freedent white Fruits sans sucre x50 - 70g","p":2.5,"u":"35,71 €/KG","img":"https://fd13-photos.leclercdrive.fr/image.ashx?id=2237283&use=l&cat=p&typeid=i","cat":304251},{"id":5600,"n":"Pâté Hénaff 78g","p":1.24,"u":"15,90 €/KG","img":"https://fd13-photos.leclercdrive.fr/image.ashx?id=2280516&use=l&cat=p&typeid=i","cat":305149},{"id":5612,"n":"Eau de source Cristaline 6x1,5L","p":1.12,"u":"0,12 €/L","img":"https://fd13-photos.leclercdrive.fr/image.ashx?id=2389449&use=l&cat=p&typeid=i","cat":284535},{"id":5619,"n":"Oeufs de lompe Ronde des Mers Rouge - MSC - 100g","p":2.6,"u":"26,00 €/KG","img":"https://fd13-photos.leclercdrive.fr/image.ashx?id=2822720&use=l&cat=p&typeid=i","cat":285191},{"id":5622,"n":"Croquettes chiens Lydog Spécial Forme - Volaille - 4kg","p":4.99,"u":"1,25 €/KG","img":"https://fd13-photos.leclercdrive.fr/image.ashx?id=2191117&use=l&cat=p&typeid=i","cat":284672},{"id":5624,"n":"Croquettes chiens Lydog Junior - Volaille - 4kg","p":7.98,"u":"2,00 €/KG","img":"https://fd13-photos.leclercdrive.fr/image.ashx?id=1937477&use=l&cat=p&typeid=i","cat":284672},{"id":5626,"n":"Bonbons Copains Copines Frites acides - 275 g","p":1.71,"u":"6,22 €/KG","img":"https://fd13-photos.leclercdrive.fr/image.ashx?id=2934655&use=l&cat=p&typeid=i","cat":304250},{"id":5627,"n":"Lasagnes bolognaise Côté Table 1kg","p":4.14,"u":"4,14 €/KG","img":"https://fd13-photos.leclercdrive.fr/image.ashx?id=2570915&use=l&cat=p&typeid=i","cat":333666},{"id":5630,"n":"Papier toilette blanc Mimosa Ultra doux maxi rouleau - x12","p":5.4,"u":"0,45 €/P","img":"https://fd13-photos.leclercdrive.fr/image.ashx?id=2777848&use=l&cat=p&typeid=i","cat":284634},{"id":5633,"n":"Soufflés Grignot' Tokapi Cacahuète - 90g","p":0.7,"u":"7,78 €/KG","img":"https://fd13-photos.leclercdrive.fr/image.ashx?id=2049223&use=l&cat=p&typeid=i","cat":284449},{"id":5681,"n":"Baguette Tradition           250g","p":0.95,"u":"3,80 €/KG","img":"https://fd13-photos.leclercdrive.fr/image.ashx?id=2442057&use=l&cat=p&typeid=i","cat":284359},{"id":5718,"n":"Tampons Doulys avec applicateur Super - x24","p":2.47,"u":"0,10 €/P","img":"https://fd13-photos.leclercdrive.fr/image.ashx?id=2965455&use=l&cat=p&typeid=i","cat":284626},{"id":5736,"n":"Sel adoucisseur Axal Pastilles - 10kg","p":4.74,"u":"0,47 €/KG","img":"https://fd13-photos.leclercdrive.fr/image.ashx?id=2504482&use=l&cat=p&typeid=i","cat":335918},{"id":5737,"n":"Sel adoucisseur Pastilles - 25kg","p":8.89,"u":"0,36 €/KG","img":"https://fd13-photos.leclercdrive.fr/image.ashx?id=2504479&use=l&cat=p&typeid=i","cat":335918},{"id":5772,"n":"Biscuits tartelette Bonne Maman Citron 125g","p":1.32,"u":"10,56 €/KG","img":"https://fd13-photos.leclercdrive.fr/image.ashx?id=2962296&use=l&cat=p&typeid=i","cat":284489},{"id":5802,"n":"Lait entier Vitamine D Lactel UHT Bouteille - 6x1l","p":10.36,"u":"1,73 €/L","img":"https://fd13-photos.leclercdrive.fr/image.ashx?id=2889427&use=l&cat=p&typeid=i","cat":285610},{"id":5816,"n":"Rillettes de thon Cap Océan MSC 150g","p":1.88,"u":"12,53 €/KG","img":"https://fd13-photos.leclercdrive.fr/image.ashx?id=2668440&use=l&cat=p&typeid=i","cat":285191},{"id":5823,"n":"Lait demi-écrémé Lactel Vitamine D Bouteille - 6x50cl","p":5.87,"u":"1,96 €/L","img":"https://fd13-photos.leclercdrive.fr/image.ashx?id=2993403&use=l&cat=p&typeid=i","cat":284377},{"id":5833,"n":"Biscuits Cuillers P'tit Déli Dégustation x20 - 200g","p":2.49,"u":"12,45 €/KG","img":"https://fd13-photos.leclercdrive.fr/image.ashx?id=1856164&use=l&cat=p&typeid=i","cat":284487},{"id":5834,"n":"Saumon fumé Rondes des Mers ASC Norvège x8T - 300g","p":10.69,"u":"35,63 €/KG","img":"https://fd13-photos.leclercdrive.fr/image.ashx?id=2833093&use=l&cat=p&typeid=i","cat":285188},{"id":5838,"n":"Petit salé Côté Table lentilles A l'auvergnate 420g","p":2.3,"u":"5,48 €/KG","img":"https://fd13-photos.leclercdrive.fr/image.ashx?id=2977123&use=l&cat=p&typeid=i","cat":284441},{"id":5842,"n":"Mélange exotique Couleurs Vives 250g","p":2.23,"u":"8,92 €/KG","img":"https://fd13-photos.leclercdrive.fr/image.ashx?id=2691102&use=l&cat=p&typeid=i","cat":284448},{"id":5844,"n":"Saumon Ronde des Mers Tranches pour toasts - 80g","p":4.59,"u":"57,38 €/KG","img":"https://fd13-photos.leclercdrive.fr/image.ashx?id=2449972&use=l&cat=p&typeid=i","cat":285188},{"id":5846,"n":"Saumon fumé Ronde des Mers Ecosse x8T - 300g","p":10.99,"u":"36,63 €/KG","img":"https://fd13-photos.leclercdrive.fr/image.ashx?id=2822726&use=l&cat=p&typeid=i","cat":285188},{"id":5859,"n":"Guacamole Tables du Monde 200g","p":2.29,"u":"13,09 €/KG","img":"https://fd13-photos.leclercdrive.fr/image.ashx?id=2872252&use=l&cat=p&typeid=i","cat":315999},{"id":5860,"n":"Petit pot de crème Délisse Pistache - 4x100g","p":1.85,"u":"4,63 €/KG","img":"https://fd13-photos.leclercdrive.fr/image.ashx?id=2550378&use=l&cat=p&typeid=i","cat":285041},{"id":5865,"n":"Actifidus Délisse Noix de coco - 4x125g","p":1.38,"u":"2,76 €/KG","img":"https://fd13-photos.leclercdrive.fr/image.ashx?id=2421039&use=l&cat=p&typeid=i","cat":315000},{"id":5866,"n":"Actifidus Délisse Vanille - 12x125g","p":2.58,"u":"1,72 €/KG","img":"https://fd13-photos.leclercdrive.fr/image.ashx?id=2751877&use=l&cat=p&typeid=i","cat":315000},{"id":5869,"n":"Spécialité au soja Nat & Vie Chocolat - 4x100g","p":1.34,"u":"3,35 €/KG","img":"https://fd13-photos.leclercdrive.fr/image.ashx?id=2901437&use=l&cat=p&typeid=i","cat":316071},{"id":5870,"n":"Boisson soja nature Végé 1L Végé - 200g","p":0.85,"u":"0,85 €/L","img":"https://fd13-photos.leclercdrive.fr/image.ashx?id=2861413&use=l&cat=p&typeid=i","cat":316067},{"id":5871,"n":"Yaourts à boire DéliUp' Délisse Fraise - 10x100g","p":2.87,"u":"2,87 €/KG","img":"https://fd13-photos.leclercdrive.fr/image.ashx?id=1871092&use=l&cat=p&typeid=i","cat":284415},{"id":5873,"n":"Beignets crevettes Tables du Monde x6 140g","p":2.06,"u":"14,71 €/KG","img":"https://fd13-photos.leclercdrive.fr/image.ashx?id=2865053&use=l&cat=p&typeid=i","cat":333673},{"id":5877,"n":"Petit pot de crème Délisse Chocolat - 8x100g","p":3.57,"u":"4,46 €/KG","img":"https://fd13-photos.leclercdrive.fr/image.ashx?id=2544970&use=l&cat=p&typeid=i","cat":285041},{"id":5880,"n":"Yaourts mousse Petits Délis Fruits - 6x74g","p":1.77,"u":"3,99 €/KG","img":"https://fd13-photos.leclercdrive.fr/image.ashx?id=2907057&use=l&cat=p&typeid=i","cat":284414},{"id":5891,"n":"Tzatziki Tables du Monde 200g","p":1.59,"u":"7,95 €/KG","img":"https://fd13-photos.leclercdrive.fr/image.ashx?id=2872255&use=l&cat=p&typeid=i","cat":315999},{"id":5895,"n":"Tripes mode de caen NRT 600g","p":3.99,"u":"6,65 €/KG","img":"https://fd13-photos.leclercdrive.fr/image.ashx?id=2723198&use=l&cat=p&typeid=i","cat":284441},{"id":5896,"n":"Litière rongeurs P'tit Ami 15L","p":1.32,"u":"0,09 €/L","img":"https://fd13-photos.leclercdrive.fr/image.ashx?id=2162198&use=l&cat=p&typeid=i","cat":284677},{"id":5897,"n":"Litière rongeurs P'tit Ami 15L","p":1.85,"u":"0,12 €/L","img":"https://fd13-photos.leclercdrive.fr/image.ashx?id=2162201&use=l&cat=p&typeid=i","cat":284677},{"id":5898,"n":"Litière rongeurs P'tit Ami 60L","p":4.2,"u":"0,07 €/L","img":"https://fd13-photos.leclercdrive.fr/image.ashx?id=2162204&use=l&cat=p&typeid=i","cat":284677},{"id":5901,"n":"Filtre à café Melitta 1x4 Original - x40","p":1.15,"u":"0,03 €/P","img":"https://fd13-photos.leclercdrive.fr/image.ashx?id=2882053&use=l&cat=p&typeid=i","cat":284751},{"id":5902,"n":"Filtres café Melitta 1x4   Original - x100","p":2.3,"u":"0,02 €/P","img":"https://fd13-photos.leclercdrive.fr/image.ashx?id=2433262&use=l&cat=p&typeid=i","cat":284751},{"id":5907,"n":"Haricots beurre d'aucy Extra-fins - 440g","p":1.8,"u":"4,09 €/KG","img":"https://fd13-photos.leclercdrive.fr/image.ashx?id=2431536&use=l&cat=p&typeid=i","cat":312606},{"id":5908,"n":"Tourteau fromagé du Poitou NRT 250g","p":2.85,"u":"11,40 €/KG","img":"https://fd13-photos.leclercdrive.fr/image.ashx?id=2040347&use=l&cat=p&typeid=i","cat":284419},{"id":5909,"n":"Mini gâches briochettes NRT Pur beurre x8 - 360g","p":2.07,"u":"5,75 €/KG","img":"https://fd13-photos.leclercdrive.fr/image.ashx?id=2670416&use=l&cat=p&typeid=i","cat":284478},{"id":5911,"n":"Sel fin Cérébos 250g","p":0.71,"u":"2,84 €/KG","img":"https://fd13-photos.leclercdrive.fr/image.ashx?id=2904173&use=l&cat=p&typeid=i","cat":284457},{"id":5912,"n":"Sel fin iodé Cérébos 500g","p":0.55,"u":"1,10 €/KG","img":"https://fd13-photos.leclercdrive.fr/image.ashx?id=2522095&use=l&cat=p&typeid=i","cat":284457},{"id":5951,"n":"Ravioli bolognaise   Panzani - 800g","p":3.45,"u":"4,31 €/KG","img":"https://fd13-photos.leclercdrive.fr/image.ashx?id=2876062&use=l&cat=p&typeid=i","cat":284442},{"id":5952,"n":"Couscous Grain Moyen Ferrero - 1kg","p":2.32,"u":"2,32 €/KG","img":"https://fd13-photos.leclercdrive.fr/image.ashx?id=2744740&use=l&cat=p&typeid=i","cat":284429},{"id":5954,"n":"Café moulu San Marco Arabica - 2x250g","p":10.49,"u":"20,98 €/KG","img":"https://fd13-photos.leclercdrive.fr/image.ashx?id=2645510&use=l&cat=p&typeid=i","cat":284750},{"id":6035,"n":"Sauce tomate bio Jardin Bio' Provençale - 200g","p":1.38,"u":"6,90 €/KG","img":"https://fd13-photos.leclercdrive.fr/image.ashx?id=3014494&use=l&cat=p&typeid=i","cat":287599},{"id":6037,"n":"Ratatouille Jardin Bio' A la provençale bio - 650g","p":2.63,"u":"4,05 €/KG","img":"https://fd13-photos.leclercdrive.fr/image.ashx?id=2903230&use=l&cat=p&typeid=i","cat":312612},{"id":6038,"n":"Lentilles corail bio Jardin Bio 500g","p":1.97,"u":"3,94 €/KG","img":"https://fd13-photos.leclercdrive.fr/image.ashx?id=2415999&use=l&cat=p&typeid=i","cat":284430},{"id":6039,"n":"Vinaigre de cidre Jardin Bio Bio - 75cl","p":2.77,"u":"3,69 €/L","img":"https://fd13-photos.leclercdrive.fr/image.ashx?id=2918295&use=l&cat=p&typeid=i","cat":298543},{"id":6048,"n":"Sauce tomate Jardin Bio' Bio Basilic - 200g","p":1.45,"u":"7,25 €/KG","img":"https://fd13-photos.leclercdrive.fr/image.ashx?id=2967848&use=l&cat=p&typeid=i","cat":287599},{"id":6049,"n":"Ravioli Jardin Bio Bio légumes - 675g","p":2.88,"u":"4,27 €/KG","img":"https://fd13-photos.leclercdrive.fr/image.ashx?id=2534878&use=l&cat=p&typeid=i","cat":284442},{"id":6050,"n":"Lentilles vertes Jardin Bio' Bio cuisinées - 400g","p":2.17,"u":"5,43 €/KG","img":"https://fd13-photos.leclercdrive.fr/image.ashx?id=2944831&use=l&cat=p&typeid=i","cat":312609},{"id":6054,"n":"Sauce tomate Jardin Bio Bio spaghetti - 200g","p":1.7,"u":"8,50 €/KG","img":"https://fd13-photos.leclercdrive.fr/image.ashx?id=3000192&use=l&cat=p&typeid=i","cat":287599},{"id":6058,"n":"Spaguetti Jardin Bio Bio quinoa tomate - 500g","p":1.9,"u":"3,80 €/KG","img":"https://fd13-photos.leclercdrive.fr/image.ashx?id=3002108&use=l&cat=p&typeid=i","cat":284427},{"id":6067,"n":"Huile d'olive Bio Village Bio Vierge extra - 75cl","p":7.47,"u":"9,96 €/L","img":"https://fd13-photos.leclercdrive.fr/image.ashx?id=3005697&use=l&cat=p&typeid=i","cat":284453},{"id":6068,"n":"Spaghetti Bio Village Bio - 500g","p":0.83,"u":"1,66 €/KG","img":"https://fd13-photos.leclercdrive.fr/image.ashx?id=2503284&use=l&cat=p&typeid=i","cat":284427},{"id":6069,"n":"Pâtes Coquillettes Bio Village Bio - 500g","p":0.84,"u":"1,68 €/KG","img":"https://fd13-photos.leclercdrive.fr/image.ashx?id=2625364&use=l&cat=p&typeid=i","cat":284427},{"id":6070,"n":"Pâtes tagliatelles Bio Village Bio - 250g","p":1.65,"u":"6,60 €/KG","img":"https://fd13-photos.leclercdrive.fr/image.ashx?id=1986832&use=l&cat=p&typeid=i","cat":284427},{"id":6073,"n":"Crème fraîche bio Bio village Epaisse - 30% MG - 20cl","p":1.17,"u":"5,85 €/L","img":"https://fd13-photos.leclercdrive.fr/image.ashx?id=1975047&use=l&cat=p&typeid=i","cat":284381},{"id":6075,"n":"Quinoa Bio Village Bio - 500g","p":3.25,"u":"6,50 €/KG","img":"https://fd13-photos.leclercdrive.fr/image.ashx?id=2245755&use=l&cat=p&typeid=i","cat":284429},{"id":6076,"n":"Cookies chocolat Bio Village Bio 200g","p":2.74,"u":"13,70 €/KG","img":"https://fd13-photos.leclercdrive.fr/image.ashx?id=2400523&use=l&cat=p&typeid=i","cat":325066},{"id":6077,"n":"Biscuits sésame Bio Village Bio - 230g","p":1.76,"u":"7,65 €/KG","img":"https://fd13-photos.leclercdrive.fr/image.ashx?id=2363808&use=l&cat=p&typeid=i","cat":284487},{"id":6089,"n":"Pâtes Blé complet Barilla Spaghetti Integrale - 500g","p":1.23,"u":"2,46 €/KG","img":"https://fd13-photos.leclercdrive.fr/image.ashx?id=2986951&use=l&cat=p&typeid=i","cat":284427},{"id":6105,"n":"Biscuits apéritif Lay's 3D's Goût Nature Sel - 85g","p":0.81,"u":"9,53 €/KG","img":"https://fd13-photos.leclercdrive.fr/image.ashx?id=2917417&use=l&cat=p&typeid=i","cat":284449},{"id":6106,"n":"Biscuits apéritif Lay's 3D's Goût Fromage - 85g","p":0.81,"u":"9,53 €/KG","img":"https://fd13-photos.leclercdrive.fr/image.ashx?id=2923672&use=l&cat=p&typeid=i","cat":284449},{"id":6145,"n":"Biscuits Goûters REM Chocolat - 3x125g","p":2.29,"u":"6,11 €/KG","img":"https://fd13-photos.leclercdrive.fr/image.ashx?id=2841193&use=l&cat=p&typeid=i","cat":284488},{"id":6147,"n":"Biscuits barres Pockitos Pépito Chocolat au lait - 162g","p":1.72,"u":"10,62 €/KG","img":"https://fd13-photos.leclercdrive.fr/image.ashx?id=3001964&use=l&cat=p&typeid=i","cat":284488},{"id":6151,"n":"Pâtes Coudes rayés Panzani 500g","p":1.17,"u":"2,34 €/KG","img":"https://fd13-photos.leclercdrive.fr/image.ashx?id=2876008&use=l&cat=p&typeid=i","cat":284427},{"id":6153,"n":"Pâtes Macaroni Panzani 1kg","p":1.75,"u":"1,75 €/KG","img":"https://fd13-photos.leclercdrive.fr/image.ashx?id=2876026&use=l&cat=p&typeid=i","cat":284427},{"id":6154,"n":"Pâtes farfalle Panzani 500g","p":1.05,"u":"2,10 €/KG","img":"https://fd13-photos.leclercdrive.fr/image.ashx?id=2884300&use=l&cat=p&typeid=i","cat":284427},{"id":6155,"n":"Pâtes Torti Panzani 3 Minutes - 500G","p":1.17,"u":"2,34 €/KG","img":"https://fd13-photos.leclercdrive.fr/image.ashx?id=2896084&use=l&cat=p&typeid=i","cat":284427},{"id":6165,"n":"Coquillettes Lustucru  3min - 500g","p":1.31,"u":"2,62 €/KG","img":"https://fd13-photos.leclercdrive.fr/image.ashx?id=2345697&use=l&cat=p&typeid=i","cat":284427},{"id":6169,"n":"Fromage apéritif Apéricube Nature 24 cubes","p":2.15,"u":"17,20 €/KG","img":"https://fd13-photos.leclercdrive.fr/image.ashx?id=2883447&use=l&cat=p&typeid=i","cat":314027},{"id":6175,"n":"Rasoirs jetables Bic Sensitive 2 lames - x10","p":2.49,"u":"0,25 €/P","img":"https://fd13-photos.leclercdrive.fr/image.ashx?id=2481553&use=l&cat=p&typeid=i","cat":284616},{"id":6179,"n":"Délices soufflés nature Ecochard - 4x120g","p":3.35,"u":"6,98 €/KG","img":"https://fd13-photos.leclercdrive.fr/image.ashx?id=2842633&use=l&cat=p&typeid=i","cat":333682},{"id":6185,"n":"Sucre glace Béghin Say 500g","p":1.9,"u":"3,80 €/KG","img":"https://fd13-photos.leclercdrive.fr/image.ashx?id=2593608&use=l&cat=p&typeid=i","cat":284502},{"id":6196,"n":"AOP Côtes du Rhône rouge Prestige Cellier Dauphins 75cl","p":3.03,"u":"4,04 €/L","img":"https://fd13-photos.leclercdrive.fr/image.ashx?id=2490533&use=l&cat=p&typeid=i","cat":289556},{"id":6199,"n":"Beurre Moulé Paysan Breton Demi-sel - 80%MG - 250g","p":3.23,"u":"12,92 €/KG","img":"https://fd13-photos.leclercdrive.fr/image.ashx?id=2947844&use=l&cat=p&typeid=i","cat":284379},{"id":6223,"n":"Fromage Maroilles AOP  Nos Régions ont du Talent 200g","p":2.69,"u":"13,45 €/KG","img":"https://fd13-photos.leclercdrive.fr/image.ashx?id=2411892&use=l&cat=p&typeid=i","cat":329558},{"id":6242,"n":"Café soluble Plantation Qualité filtre - 100g","p":2.75,"u":"27,50 €/KG","img":"https://fd13-photos.leclercdrive.fr/image.ashx?id=2834272&use=l&cat=p&typeid=i","cat":284843},{"id":6249,"n":"Céleri Menu Fraîcheur  Rémoulade - 500g","p":1.58,"u":"3,16 €/KG","img":"https://fd13-photos.leclercdrive.fr/image.ashx?id=2820107&use=l&cat=p&typeid=i","cat":333657},{"id":6254,"n":"Salade Coleslaw Menu Fraîcheur  300g","p":1.19,"u":"3,97 €/KG","img":"https://fd13-photos.leclercdrive.fr/image.ashx?id=2645891&use=l&cat=p&typeid=i","cat":333657},{"id":6256,"n":"Pizza Turini Jambon champignons - 450g","p":2.73,"u":"6,07 €/KG","img":"https://fd13-photos.leclercdrive.fr/image.ashx?id=2709734&use=l&cat=p&typeid=i","cat":333679},{"id":6291,"n":"Semoule fine Panzani 500g","p":1.13,"u":"2,26 €/KG","img":"https://fd13-photos.leclercdrive.fr/image.ashx?id=2745559&use=l&cat=p&typeid=i","cat":284429},{"id":6314,"n":"Pansements Primoplast Peaux sensibles x30","p":0.88,"img":"https://fd13-photos.leclercdrive.fr/image.ashx?id=2832918&use=l&cat=p&typeid=i","cat":284630},{"id":6316,"n":"Escalope de poulet Côté Croc À la Bolognaise x2 - 200g","p":2.13,"u":"10,65 €/KG","img":"https://fd13-photos.leclercdrive.fr/image.ashx?id=2814420&use=l&cat=p&typeid=i","cat":333683},{"id":6344,"n":"Boules soufflées Tokapi  Fromage - 50g","p":0.58,"u":"11,60 €/KG","img":"https://fd13-photos.leclercdrive.fr/image.ashx?id=2885762&use=l&cat=p&typeid=i","cat":284449},{"id":6346,"n":"Madeleines longues P'tit Déli  Pur beurre 250g","p":1.57,"u":"6,28 €/KG","img":"https://fd13-photos.leclercdrive.fr/image.ashx?id=2999487&use=l&cat=p&typeid=i","cat":284492},{"id":6350,"n":"Eponges Mamison couleur Super absorbantes x3","p":1.22,"u":"0,41 €/P","img":"https://fd13-photos.leclercdrive.fr/image.ashx?id=2458049&use=l&cat=p&typeid=i","cat":284667},{"id":6353,"n":"Pancetta italienne Saint Azay 10 tranches - 100g","p":2.89,"u":"28,90 €/KG","img":"https://fd13-photos.leclercdrive.fr/image.ashx?id=2665847&use=l&cat=p&typeid=i","cat":316007},{"id":6354,"n":"Miel Nid d'Abeille Crémeux - 500 g","p":3.92,"u":"7,84 €/KG","img":"https://fd13-photos.leclercdrive.fr/image.ashx?id=760198&use=l&cat=p&typeid=i","cat":287643},{"id":6355,"n":"AOC Clairette de Die doux Rives et Terrasses - 75cl","p":5.29,"u":"7,05 €/L","img":"https://fd13-photos.leclercdrive.fr/image.ashx?id=2753369&use=l&cat=p&typeid=i","cat":284544},{"id":6357,"n":"Chorizo doux Saint Azay 30 tranches - 150g","p":2.09,"u":"13,93 €/KG","img":"https://fd13-photos.leclercdrive.fr/image.ashx?id=1873710&use=l&cat=p&typeid=i","cat":316007},{"id":6358,"n":"Gel nettoyant wc javel Syphon Agrumes 750ml","p":0.89,"u":"1,19 €/L","img":"https://fd13-photos.leclercdrive.fr/image.ashx?id=2669696&use=l&cat=p&typeid=i","cat":284662},{"id":6361,"n":"Crème Dépilatoire Siliss Tous types de peaux - 200ml","p":1.79,"u":"8,95 €/L","img":"https://fd13-photos.leclercdrive.fr/image.ashx?id=2699678&use=l&cat=p&typeid=i","cat":325351},{"id":6362,"n":"Mélange Gourmand Tokapi  Graines et raisins - 120g","p":1.29,"u":"10,75 €/KG","img":"https://fd13-photos.leclercdrive.fr/image.ashx?id=2795547&use=l&cat=p&typeid=i","cat":284448},{"id":6364,"n":"Fromage Reblochon de Savoie NRT AOP - 450g","p":6.25,"u":"13,89 €/KG","img":"https://fd13-photos.leclercdrive.fr/image.ashx?id=2663809&use=l&cat=p&typeid=i","cat":314037},{"id":6365,"n":"Galettes sarrasin NRT de Bretagne 230g","p":1.79,"u":"7,78 €/KG","img":"https://fd13-photos.leclercdrive.fr/image.ashx?id=2770259&use=l&cat=p&typeid=i","cat":333672},{"id":6366,"n":"Crêpes de froment NRT de Bretagne 180g","p":1.99,"u":"11,06 €/KG","img":"https://fd13-photos.leclercdrive.fr/image.ashx?id=2771058&use=l&cat=p&typeid=i","cat":333672},{"id":6388,"n":"Confiture Bonne Maman Mirabelle 370g","p":1.99,"u":"5,38 €/KG","img":"https://fd13-photos.leclercdrive.fr/image.ashx?id=2991891&use=l&cat=p&typeid=i","cat":284480},{"id":6390,"n":"Compotes Andros Pomme banane 750g","p":1.72,"u":"2,29 €/KG","img":"https://fd13-photos.leclercdrive.fr/image.ashx?id=2396114&use=l&cat=p&typeid=i","cat":284508},{"id":6391,"n":"Compotes Andros Pomme poire 750g","p":1.78,"u":"2,37 €/KG","img":"https://fd13-photos.leclercdrive.fr/image.ashx?id=2396117&use=l&cat=p&typeid=i","cat":284508},{"id":6392,"n":"Compotes Andros Pomme vanille 750g","p":1.79,"u":"2,39 €/KG","img":"https://fd13-photos.leclercdrive.fr/image.ashx?id=2396120&use=l&cat=p&typeid=i","cat":284508},{"id":6434,"n":"Eau gazeuse Cristaline 6x1,5L","p":1.74,"u":"0,19 €/L","img":"https://fd13-photos.leclercdrive.fr/image.ashx?id=2694602&use=l&cat=p&typeid=i","cat":284536},{"id":6437,"n":"Fromage P'tit Louis  Filet 8 Portions - 160g","p":2.76,"u":"17,25 €/KG","img":"https://fd13-photos.leclercdrive.fr/image.ashx?id=2845994&use=l&cat=p&typeid=i","cat":314030},{"id":6448,"n":"Petits pois carottes Très fins  Notre Jardin -A l'étuvée - 265g","p":0.95,"u":"3,58 €/KG","img":"https://fd13-photos.leclercdrive.fr/image.ashx?id=2987973&use=l&cat=p&typeid=i","cat":312607},{"id":6451,"n":"Pavé au poivre Saint Azay 8 tranches - 150g","p":2.69,"u":"17,93 €/KG","img":"https://fd13-photos.leclercdrive.fr/image.ashx?id=2931766&use=l&cat=p&typeid=i","cat":316007},{"id":6452,"n":"Flan Délisse Vanille Caramel - 12x100g","p":1.89,"u":"1,58 €/KG","img":"https://fd13-photos.leclercdrive.fr/image.ashx?id=2851637&use=l&cat=p&typeid=i","cat":284420},{"id":6455,"n":"Soufflés Snacks Tokapi Bacon - 60g","p":0.48,"u":"8,00 €/KG","img":"https://fd13-photos.leclercdrive.fr/image.ashx?id=2625062&use=l&cat=p&typeid=i","cat":284449},{"id":6456,"n":"Haricots beurre d'aucy Extra-fins - 220g","p":1.25,"u":"5,68 €/KG","img":"https://fd13-photos.leclercdrive.fr/image.ashx?id=2438123&use=l&cat=p&typeid=i","cat":312606},{"id":6459,"n":"Rillettes Hénaff Porc cuisson lente - 3x78g","p":3.72,"u":"15,90 €/KG","img":"https://fd13-photos.leclercdrive.fr/image.ashx?id=2660601&use=l&cat=p&typeid=i","cat":305149},{"id":6460,"n":"Cassoulet Toulousain   Raynal Et Roquelaure - 420g","p":2.59,"u":"6,17 €/KG","img":"https://fd13-photos.leclercdrive.fr/image.ashx?id=2928390&use=l&cat=p&typeid=i","cat":284440},{"id":6461,"n":"Crème dessert Mont Blanc Riz au lait Vanille - 4x125g","p":2.94,"u":"5,88 €/KG","img":"https://fd13-photos.leclercdrive.fr/image.ashx?id=2979614&use=l&cat=p&typeid=i","cat":284506},{"id":6467,"n":"Pâtes Macaroni Turini 1kg","p":1.35,"u":"1,35 €/KG","img":"https://fd13-photos.leclercdrive.fr/image.ashx?id=2980432&use=l&cat=p&typeid=i","cat":284427},{"id":6471,"n":"Lingettes Individuelles Hygiène Intime Hamamélis Intima x16","p":2.24,"u":"0,14 €/P","img":"https://fd13-photos.leclercdrive.fr/image.ashx?id=2959859&use=l&cat=p&typeid=i","cat":284627},{"id":6472,"n":"Miel L'Apiculteur crémeux  et onctueux- 500g","p":5.68,"u":"11,36 €/KG","img":"https://fd13-photos.leclercdrive.fr/image.ashx?id=2854387&use=l&cat=p&typeid=i","cat":287643},{"id":6484,"n":"Alcool modifié Mercurochrome 70° - 200ml","p":1.99,"u":"9,95 €/L","img":"https://fd13-photos.leclercdrive.fr/image.ashx?id=2663974&use=l&cat=p&typeid=i","cat":284630},{"id":6486,"n":"Biscuits apéritif Lay's 3D's Goût Bacon - 85g","p":0.8,"u":"9,41 €/KG","img":"https://fd13-photos.leclercdrive.fr/image.ashx?id=2917414&use=l&cat=p&typeid=i","cat":284449},{"id":6488,"n":"Sucre cristal Béghin Say 5kg","p":8.89,"u":"1,78 €/KG","img":"https://fd13-photos.leclercdrive.fr/image.ashx?id=2866340&use=l&cat=p&typeid=i","cat":284502},{"id":6496,"n":"Sauce au Beurre Blan KNORR Échalote - Brique 30cl","p":1.38,"u":"4,60 €/L","img":"https://fd13-photos.leclercdrive.fr/image.ashx?id=2915991&use=l&cat=p&typeid=i","cat":288381},{"id":6500,"n":"Huile d'olive Lesieur Vierge extra - 1L","p":12.25,"u":"12,25 €/L","img":"https://fd13-photos.leclercdrive.fr/image.ashx?id=2190993&use=l&cat=p&typeid=i","cat":284453},{"id":6511,"n":"Pâtes Spaghetti Turini 1kg","p":1.35,"u":"1,35 €/KG","img":"https://fd13-photos.leclercdrive.fr/image.ashx?id=2980764&use=l&cat=p&typeid=i","cat":284427},{"id":6512,"n":"Riz long Comptoir du Grain Sachet cuisson rapide x4 - 500g","p":1.25,"u":"2,50 €/KG","img":"https://fd13-photos.leclercdrive.fr/image.ashx?id=2118454&use=l&cat=p&typeid=i","cat":284428},{"id":6513,"n":"Vinaigre de vin Rustica Aromatisé à l'échalote - 75cl","p":1.35,"u":"1,80 €/L","img":"https://fd13-photos.leclercdrive.fr/image.ashx?id=1659936&use=l&cat=p&typeid=i","cat":298543},{"id":6514,"n":"Margarine Nat & vie Idéal cuisson - 500g","p":1.29,"u":"2,58 €/KG","img":"https://fd13-photos.leclercdrive.fr/image.ashx?id=2903932&use=l&cat=p&typeid=i","cat":315229},{"id":6516,"n":"Gâteaux P'tit Déli Pépites au chocolat 5x30g","p":1.02,"u":"6,80 €/KG","img":"https://fd13-photos.leclercdrive.fr/image.ashx?id=1986647&use=l&cat=p&typeid=i","cat":284495},{"id":6519,"n":"Soufflés Frites Tokapi Salé - 80g","p":0.65,"u":"8,13 €/KG","img":"https://fd13-photos.leclercdrive.fr/image.ashx?id=2486074&use=l&cat=p&typeid=i","cat":284449},{"id":6521,"n":"Pâtes chinoises Tables du Monde 250g","p":1.19,"u":"4,76 €/KG","img":"https://fd13-photos.leclercdrive.fr/image.ashx?id=2572058&use=l&cat=p&typeid=i","cat":288992},{"id":6523,"n":"Champignons Paris Notre Jardin Emincés - 2x115g","p":1.71,"u":"7,43 €/KG","img":"https://fd13-photos.leclercdrive.fr/image.ashx?id=2991124&use=l&cat=p&typeid=i","cat":312610},{"id":6524,"n":"Dessert fruitier pomme Douceur du Verger 8x100g","p":1.69,"u":"2,11 €/KG","img":"https://fd13-photos.leclercdrive.fr/image.ashx?id=2566191&use=l&cat=p&typeid=i","cat":284416},{"id":6526,"n":"Serviette hygiénique Doulys Ultra - Spécial nuit - x10","p":1.29,"u":"0,13 €/P","img":"https://fd13-photos.leclercdrive.fr/image.ashx?id=2838921&use=l&cat=p&typeid=i","cat":284624},{"id":6579,"n":"Vinaigre d'alcool coloré Eco+ 1L","p":0.35,"u":"0,35 €/L","img":"https://fd13-photos.leclercdrive.fr/image.ashx?id=1701319&use=l&cat=p&typeid=i","cat":298543},{"id":6580,"n":"Fromage de chévre Les Croisés 150g","p":1.42,"u":"9,47 €/KG","img":"https://fd13-photos.leclercdrive.fr/image.ashx?id=2684823&use=l&cat=p&typeid=i","cat":314031},{"id":6581,"n":"Fromage : Le carrou Les croisés Authentique - 27% mg - 220g","p":2.43,"u":"11,05 €/KG","img":"https://fd13-photos.leclercdrive.fr/image.ashx?id=2084934&use=l&cat=p&typeid=i","cat":314033},{"id":6582,"n":"Coulommiers De pays  Les Croisés - 21% mg - 350g","p":2.55,"u":"7,29 €/KG","img":"https://fd13-photos.leclercdrive.fr/image.ashx?id=2463465&use=l&cat=p&typeid=i","cat":314033},{"id":6589,"n":"Fromage Chaource NRT AOP  250g","p":3.55,"u":"14,20 €/KG","img":"https://fd13-photos.leclercdrive.fr/image.ashx?id=2874768&use=l&cat=p&typeid=i","cat":329558},{"id":6630,"n":"Pâtes torsettes Turini Les 3 min - 500g","p":0.82,"u":"1,64 €/KG","img":"https://fd13-photos.leclercdrive.fr/image.ashx?id=2607467&use=l&cat=p&typeid=i","cat":284427},{"id":6687,"n":"Chou chinois 1p","p":2.75,"img":"https://fd13-photos.leclercdrive.fr/image.ashx?id=578704&use=l&cat=p&typeid=i","cat":284352},{"id":6711,"n":"Spray nettoyant vitres Clair Recharge 750ml","p":1.09,"u":"1,45 €/L","img":"https://fd13-photos.leclercdrive.fr/image.ashx?id=1647691&use=l&cat=p&typeid=i","cat":325363},{"id":6712,"n":"Spray nettoyant vitres Clair 750ml","p":1.29,"u":"1,72 €/L","img":"https://fd13-photos.leclercdrive.fr/image.ashx?id=2943623&use=l&cat=p&typeid=i","cat":325363},{"id":6714,"n":"Fromage raclette Entremont Saveur d'Antan 350g","p":4.62,"u":"13,20 €/KG","img":"https://fd13-photos.leclercdrive.fr/image.ashx?id=2984985&use=l&cat=p&typeid=i","cat":314037},{"id":6715,"n":"Assiette charcuterie Saint Azay 200g","p":3.11,"u":"15,55 €/KG","img":"https://fd13-photos.leclercdrive.fr/image.ashx?id=2417734&use=l&cat=p&typeid=i","cat":316007},{"id":6779,"n":"Sauce Olives Basilic Panzani 400g","p":1.59,"u":"3,98 €/KG","img":"https://fd13-photos.leclercdrive.fr/image.ashx?id=2880679&use=l&cat=p&typeid=i","cat":288384},{"id":6780,"n":"Ail semoule Ducros 60g","p":1.61,"u":"26,83 €/KG","img":"https://fd13-photos.leclercdrive.fr/image.ashx?id=2498672&use=l&cat=p&typeid=i","cat":298297},{"id":6782,"n":"Cannelle en bâton Ducros 10g","p":1.89,"u":"189,00 €/KG","img":"https://fd13-photos.leclercdrive.fr/image.ashx?id=1748573&use=l&cat=p&typeid=i","cat":298297},{"id":6788,"n":"Herbes de provence Ducros 18g","p":0.88,"u":"48,89 €/KG","img":"https://fd13-photos.leclercdrive.fr/image.ashx?id=2486533&use=l&cat=p&typeid=i","cat":298297},{"id":6791,"n":"Piment de cayenne moulu Ducros Extra fort - 38g","p":1.66,"u":"43,68 €/KG","img":"https://fd13-photos.leclercdrive.fr/image.ashx?id=2559433&use=l&cat=p&typeid=i","cat":298297},{"id":6797,"n":"Herbes de Provence Ducros 120g","p":3.06,"u":"25,50 €/KG","img":"https://fd13-photos.leclercdrive.fr/image.ashx?id=2383571&use=l&cat=p&typeid=i","cat":298297},{"id":6798,"n":"Safran en poudre Ducros 3 doses de 0.1g","p":4.23,"img":"https://fd13-photos.leclercdrive.fr/image.ashx?id=2490488&use=l&cat=p&typeid=i","cat":298297},{"id":6799,"n":"Poivre gris moulu et sel Ducros 2x34g","p":1.59,"u":"23,38 €/KG","img":"https://fd13-photos.leclercdrive.fr/image.ashx?id=2759457&use=l&cat=p&typeid=i","cat":284457},{"id":6800,"n":"Baies roses entières Ducros 20g","p":2.8,"u":"140,00 €/KG","img":"https://fd13-photos.leclercdrive.fr/image.ashx?id=2486575&use=l&cat=p&typeid=i","cat":284457},{"id":6803,"n":"Pralin Vahiné 100g","p":1.89,"u":"18,90 €/KG","img":"https://fd13-photos.leclercdrive.fr/image.ashx?id=2559775&use=l&cat=p&typeid=i","cat":284504},{"id":6804,"n":"Décor pour gateaux Vahiné Vermicelles Arc-en-ciel - 65g","p":1.39,"u":"21,38 €/KG","img":"https://fd13-photos.leclercdrive.fr/image.ashx?id=2524311&use=l&cat=p&typeid=i","cat":284504},{"id":6809,"n":"Arôme naturel de vanille Vahiné Liquide 50ml","p":3.95,"u":"79,00 €/L","img":"https://fd13-photos.leclercdrive.fr/image.ashx?id=2541193&use=l&cat=p&typeid=i","cat":284504},{"id":6810,"n":"Nappage chocolat Vahiné 350g","p":2.66,"u":"7,60 €/KG","img":"https://fd13-photos.leclercdrive.fr/image.ashx?id=2938656&use=l&cat=p&typeid=i","cat":284504},{"id":6829,"n":"Sucre Daddy n°4 Morceaux - 1kg","p":1.79,"u":"1,79 €/KG","img":"https://fd13-photos.leclercdrive.fr/image.ashx?id=2936056&use=l&cat=p&typeid=i","cat":284502},{"id":6830,"n":"Sucre Cristal Daddy 1kg","p":1.61,"u":"1,61 €/KG","img":"https://fd13-photos.leclercdrive.fr/image.ashx?id=2975855&use=l&cat=p&typeid=i","cat":284502},{"id":6831,"n":"Sucre en poudre Daddy 1kg","p":1.61,"u":"1,61 €/KG","img":"https://fd13-photos.leclercdrive.fr/image.ashx?id=2936062&use=l&cat=p&typeid=i","cat":284502},{"id":6837,"n":"Madeleines longues P'tit Déli 440g","p":2.55,"u":"5,80 €/KG","img":"https://fd13-photos.leclercdrive.fr/image.ashx?id=2540310&use=l&cat=p&typeid=i","cat":284492},{"id":6843,"n":"AOP Champagne Alfred Rothschild Brut 12.5%vol - 75cl","p":22.15,"u":"29,53 €/L","img":"https://fd13-photos.leclercdrive.fr/image.ashx?id=2979683&use=l&cat=p&typeid=i","cat":284542},{"id":6873,"n":"Saucisson cuit à l'ail Herta 300g","p":2.83,"u":"9,43 €/KG","img":"https://fd13-photos.leclercdrive.fr/image.ashx?id=2731342&use=l&cat=p&typeid=i","cat":316006},{"id":6879,"n":"Fromage Gouda Les Croisés En tranche - 200g","p":1.97,"u":"9,85 €/KG","img":"https://fd13-photos.leclercdrive.fr/image.ashx?id=2028173&use=l&cat=p&typeid=i","cat":314028},{"id":6880,"n":"Fromage Mimolette Les Croisés En tranche x8 - 200g","p":1.85,"u":"9,25 €/KG","img":"https://fd13-photos.leclercdrive.fr/image.ashx?id=2028176&use=l&cat=p&typeid=i","cat":314028},{"id":6881,"n":"Fromage Maasdam Les Croisés En tranche x8 - 200g","p":1.91,"u":"9,55 €/KG","img":"https://fd13-photos.leclercdrive.fr/image.ashx?id=1990673&use=l&cat=p&typeid=i","cat":314028},{"id":6892,"n":"Pâtes Piccolini Barilla Mini Pipe Rigate- 500g","p":1.24,"u":"2,48 €/KG","img":"https://fd13-photos.leclercdrive.fr/image.ashx?id=2964108&use=l&cat=p&typeid=i","cat":284427},{"id":6905,"n":"GROUPE DE VARIANTES Multicoloris","p":1.79,"img":"https://fd13-photos.leclercdrive.fr/image.ashx?id=1706598&use=l&cat=p&typeid=i","cat":284745},{"id":6928,"n":"Préparation pour fondue Les Croisés 18%mg 400g","p":3.42,"u":"8,55 €/KG","img":"https://fd13-photos.leclercdrive.fr/image.ashx?id=2791761&use=l&cat=p&typeid=i","cat":314037},{"id":7000,"n":"Céréales Babybio Bio 6 mois Vanille - 220g","p":4.23,"u":"19,23 €/KG","img":"https://fd13-photos.leclercdrive.fr/image.ashx?id=2733250&use=l&cat=p&typeid=i","cat":312225},{"id":7001,"n":"Céréales Babybio - Dès 8 mois Bio Cacao  - 220g","p":5.14,"u":"23,36 €/KG","img":"https://fd13-photos.leclercdrive.fr/image.ashx?id=2837751&use=l&cat=p&typeid=i","cat":312225},{"id":7010,"n":"Repas bébé Babybio - 4 mois Panais Bio - 2x130g","p":2.08,"u":"8,00 €/KG","img":"https://fd13-photos.leclercdrive.fr/image.ashx?id=2827452&use=l&cat=p&typeid=i","cat":312234},{"id":7011,"n":"Compote bébé bio Babybio Pomme - 4 mois - 2x130g","p":1.71,"u":"6,58 €/KG","img":"https://fd13-photos.leclercdrive.fr/image.ashx?id=2838317&use=l&cat=p&typeid=i","cat":312387},{"id":7012,"n":"Compote bébé Babybio - 4 mois Bio Poire williams - 2x130g","p":1.82,"u":"7,00 €/KG","img":"https://fd13-photos.leclercdrive.fr/image.ashx?id=2834515&use=l&cat=p&typeid=i","cat":312387},{"id":7013,"n":"Compote bébé Babybio Bio 4 mois Pomme / Pêche - 2x130g","p":1.95,"u":"7,50 €/KG","img":"https://fd13-photos.leclercdrive.fr/image.ashx?id=2859362&use=l&cat=p&typeid=i","cat":312387},{"id":7014,"n":"Compote bébé bio Babybio Pomme abricot - 4 mois - 2x130g","p":2.2,"u":"8,46 €/KG","img":"https://fd13-photos.leclercdrive.fr/image.ashx?id=2838320&use=l&cat=p&typeid=i","cat":312387},{"id":7015,"n":"Compote bébé bio Babybio Pomme coing - 4 mois - 2x130g","p":1.87,"u":"7,19 €/KG","img":"https://fd13-photos.leclercdrive.fr/image.ashx?id=2838323&use=l&cat=p&typeid=i","cat":312387},{"id":7016,"n":"Compote bébé Babybio Bio 4 mois Pomme / Pruneau - 2x130g","p":1.82,"u":"7,00 €/KG","img":"https://fd13-photos.leclercdrive.fr/image.ashx?id=2838326&use=l&cat=p&typeid=i","cat":312387},{"id":7017,"n":"Compote bébé Babybio Bio 4 mois Pomme / Banane - 2x130g","p":1.69,"u":"6,50 €/KG","img":"https://fd13-photos.leclercdrive.fr/image.ashx?id=2832011&use=l&cat=p&typeid=i","cat":312387},{"id":7025,"n":"Pizza Cuite sur pierre Turini Jambon fromage - 400g","p":2.85,"u":"7,13 €/KG","img":"https://fd13-photos.leclercdrive.fr/image.ashx?id=2815223&use=l&cat=p&typeid=i","cat":284256},{"id":7029,"n":"Velouté de carotte Régal A la Crème fraîche - 1L","p":1.41,"u":"1,41 €/L","img":"https://fd13-photos.leclercdrive.fr/image.ashx?id=2905889&use=l&cat=p&typeid=i","cat":284462},{"id":7030,"n":"Sauce Tomate cuisinée Turini Aux petits légumes - 180g","p":0.84,"u":"4,67 €/KG","img":"https://fd13-photos.leclercdrive.fr/image.ashx?id=2490034&use=l&cat=p&typeid=i","cat":288384},{"id":7057,"n":"Rouille méditerranéenne NRT 90g","p":2.05,"u":"22,78 €/KG","img":"https://fd13-photos.leclercdrive.fr/image.ashx?id=2991157&use=l&cat=p&typeid=i","cat":285192},{"id":7071,"n":"Petits Boudoirs Babybio Bio - Orange Douce - 120g","p":2.63,"u":"21,92 €/KG","img":"https://fd13-photos.leclercdrive.fr/image.ashx?id=2733262&use=l&cat=p&typeid=i","cat":312227},{"id":7085,"n":"Vin mousseux d'Union Européenne  Demi-sec -75cl","p":2.89,"u":"3,85 €/L","img":"https://fd13-photos.leclercdrive.fr/image.ashx?id=1951019&use=l&cat=p&typeid=i","cat":284544},{"id":7088,"n":"AOC Crémant de Bourgogne brut rosé Antoine Barrier - 75cl","p":6.95,"u":"9,27 €/L","img":"https://fd13-photos.leclercdrive.fr/image.ashx?id=2667571&use=l&cat=p&typeid=i","cat":284545},{"id":7126,"n":"Riz cantonais  Traditions d'Asie - 400g","p":3.6,"u":"9,00 €/KG","img":"https://fd13-photos.leclercdrive.fr/image.ashx?id=2505043&use=l&cat=p&typeid=i","cat":333673},{"id":7127,"n":"Sauce soja Jardin Bio' Bio - 125ml","p":2.44,"u":"19,52 €/L","img":"https://fd13-photos.leclercdrive.fr/image.ashx?id=2740118&use=l&cat=p&typeid=i","cat":288992},{"id":7128,"n":"Porc au caramel Tables du Monde Riz thaï 300g","p":3.05,"u":"10,17 €/KG","img":"https://fd13-photos.leclercdrive.fr/image.ashx?id=2700957&use=l&cat=p&typeid=i","cat":333665},{"id":7191,"n":"Nouilles chinoises Tanoshi blé tendre - 250g","p":1.75,"u":"7,00 €/KG","img":"https://fd13-photos.leclercdrive.fr/image.ashx?id=2850892&use=l&cat=p&typeid=i","cat":288992},{"id":7199,"n":"Crème noix coco Kara - brique de 200ml","p":1.75,"u":"8,75 €/KG","img":"https://fd13-photos.leclercdrive.fr/image.ashx?id=2906892&use=l&cat=p&typeid=i","cat":288992},{"id":7216,"n":"Talc bébé Mots d'Enfants 250g","p":1.89,"u":"7,56 €/KG","img":"https://fd13-photos.leclercdrive.fr/image.ashx?id=3015033&use=l&cat=p&typeid=i","cat":284741},{"id":7264,"n":"Secret de mousse La laitière Café - 4x59g","p":1.69,"u":"7,16 €/KG","img":"https://fd13-photos.leclercdrive.fr/image.ashx?id=2651378&use=l&cat=p&typeid=i","cat":284417},{"id":7282,"n":"Compote Douceur du Verger  Pomme Poire - 4x100g","p":1.09,"u":"2,73 €/KG","img":"https://fd13-photos.leclercdrive.fr/image.ashx?id=2956903&use=l&cat=p&typeid=i","cat":284416},{"id":7283,"n":"Compote Douceur du Verger Pomme banane - 4x100g","p":1.25,"u":"3,13 €/KG","img":"https://fd13-photos.leclercdrive.fr/image.ashx?id=2956906&use=l&cat=p&typeid=i","cat":284416},{"id":7284,"n":"Compote Douceur du Verger Pomme Fraise - 4x100g","p":1.09,"u":"2,73 €/KG","img":"https://fd13-photos.leclercdrive.fr/image.ashx?id=3009779&use=l&cat=p&typeid=i","cat":284416},{"id":7289,"n":"Crème Dépilatoire Siliss Peaux sensibles - 200ml","p":1.79,"u":"8,95 €/L","img":"https://fd13-photos.leclercdrive.fr/image.ashx?id=2699675&use=l&cat=p&typeid=i","cat":325351},{"id":7293,"n":"Râpé 3 fromages Les Croisés 200g","p":1.79,"u":"8,95 €/KG","img":"https://fd13-photos.leclercdrive.fr/image.ashx?id=2860067&use=l&cat=p&typeid=i","cat":314035},{"id":7294,"n":"Huile de tournesol Bio Village Bio - 75cl","p":3.59,"u":"4,79 €/L","img":"https://fd13-photos.leclercdrive.fr/image.ashx?id=2814447&use=l&cat=p&typeid=i","cat":284453},{"id":7315,"n":"Concentré de tomates Eco+ 2x140g","p":1.28,"u":"4,57 €/KG","img":"https://fd13-photos.leclercdrive.fr/image.ashx?id=3013564&use=l&cat=p&typeid=i","cat":288384},{"id":7316,"n":"Concentré de tomates Eco+ 3x70g","p":1.75,"u":"8,33 €/KG","img":"https://fd13-photos.leclercdrive.fr/image.ashx?id=2681571&use=l&cat=p&typeid=i","cat":288384},{"id":7339,"n":"Soupe déshydratée Knorr  Douceur d'asperges - 96g","p":1.04,"u":"10,83 €/KG","img":"https://fd13-photos.leclercdrive.fr/image.ashx?id=2790588&use=l&cat=p&typeid=i","cat":284463},{"id":7343,"n":"Pâtes Panzani Penne rigate - 500g","p":1.02,"u":"2,04 €/KG","img":"https://fd13-photos.leclercdrive.fr/image.ashx?id=2876011&use=l&cat=p&typeid=i","cat":284427},{"id":7344,"n":"Pâtes petits paniers Panzani 500g","p":1.17,"u":"2,34 €/KG","img":"https://fd13-photos.leclercdrive.fr/image.ashx?id=2876014&use=l&cat=p&typeid=i","cat":284427},{"id":7345,"n":"Pâtes serpentini Panzani 500g","p":0.99,"u":"1,98 €/KG","img":"https://fd13-photos.leclercdrive.fr/image.ashx?id=2876044&use=l&cat=p&typeid=i","cat":284427},{"id":7349,"n":"Croquettes chat One Purina Stérilisé - Boeuf/Blé - 450g","p":2.5,"u":"5,56 €/KG","img":"https://fd13-photos.leclercdrive.fr/image.ashx?id=2681044&use=l&cat=p&typeid=i","cat":284680},{"id":7352,"n":"Lapin chasseur individuel William Saurin - 280g","p":2.73,"u":"9,75 €/KG","img":"https://fd13-photos.leclercdrive.fr/image.ashx?id=2528922&use=l&cat=p&typeid=i","cat":284953},{"id":7359,"n":"Gorgonzola AOP Les Croisés -150g","p":2.47,"u":"16,47 €/KG","img":"https://fd13-photos.leclercdrive.fr/image.ashx?id=2796037&use=l&cat=p&typeid=i","cat":314032},{"id":7360,"n":"Mortadelle Italienne Saint Azay 12 tranches 150g","p":2.14,"u":"14,27 €/KG","img":"https://fd13-photos.leclercdrive.fr/image.ashx?id=2704481&use=l&cat=p&typeid=i","cat":316009},{"id":7361,"n":"Fromage Edam Les Croisés En tranche x8 - 200g","p":1.97,"u":"9,85 €/KG","img":"https://fd13-photos.leclercdrive.fr/image.ashx?id=2041351&use=l&cat=p&typeid=i","cat":314028},{"id":7362,"n":"Riz Basmati Comptoir du Grain Express 2 min - 250g","p":0.99,"u":"3,96 €/KG","img":"https://fd13-photos.leclercdrive.fr/image.ashx?id=2441192&use=l&cat=p&typeid=i","cat":287600},{"id":7363,"n":"Riz Express Comptoir du Grain A la méditerranéenne - 250g","p":1.2,"u":"4,80 €/KG","img":"https://fd13-photos.leclercdrive.fr/image.ashx?id=2856474&use=l&cat=p&typeid=i","cat":287600},{"id":7369,"n":"Chiffonades de rosette Saint Azay - 100g","p":2.0,"u":"20,00 €/KG","img":"https://fd13-photos.leclercdrive.fr/image.ashx?id=2401891&use=l&cat=p&typeid=i","cat":316007},{"id":7375,"n":"Lunettes de Romans NRT Fraise - 350g","p":2.75,"u":"7,86 €/KG","img":"https://fd13-photos.leclercdrive.fr/image.ashx?id=2791920&use=l&cat=p&typeid=i","cat":284489},{"id":7379,"n":"Jambon de Savoie NRT x6 - 90g","p":2.66,"u":"29,56 €/KG","img":"https://fd13-photos.leclercdrive.fr/image.ashx?id=2670422&use=l&cat=p&typeid=i","cat":316007},{"id":7381,"n":"Sachet repas chats Gourmet 4 variétés poissons - 4x85g","p":1.83,"u":"5,38 €/KG","img":"https://fd13-photos.leclercdrive.fr/image.ashx?id=2867788&use=l&cat=p&typeid=i","cat":285286},{"id":7424,"n":"Bouillon Cubes bouquet garni Knorr - thym persil laurier -x9","p":1.3,"u":"13,13 €/KG","img":"https://fd13-photos.leclercdrive.fr/image.ashx?id=2915667&use=l&cat=p&typeid=i","cat":288379},{"id":7425,"n":"Jus de rôti Knorr 8 tablettes 72g","p":1.48,"u":"20,56 €/KG","img":"https://fd13-photos.leclercdrive.fr/image.ashx?id=2770353&use=l&cat=p&typeid=i","cat":288379},{"id":7427,"n":"Huile d'olive Puget Vierge extra - 50cl","p":6.49,"u":"12,98 €/L","img":"https://fd13-photos.leclercdrive.fr/image.ashx?id=2915877&use=l&cat=p&typeid=i","cat":284453},{"id":7432,"n":"Huile de friture Frial Lesieur 2L","p":6.15,"u":"3,08 €/L","img":"https://fd13-photos.leclercdrive.fr/image.ashx?id=2916857&use=l&cat=p&typeid=i","cat":284453},{"id":7436,"n":"Assortiment biscuits P'tit Déli Biscuits fins - 750g","p":7.8,"u":"10,40 €/KG","img":"https://fd13-photos.leclercdrive.fr/image.ashx?id=2535643&use=l&cat=p&typeid=i","cat":284490},{"id":7437,"n":"Pâte brisée Tablier Blanc Au beurre - 230g","p":1.19,"u":"5,17 €/KG","img":"https://fd13-photos.leclercdrive.fr/image.ashx?id=2635892&use=l&cat=p&typeid=i","cat":333681},{"id":7439,"n":"Vinaigrette Rustica Nature - 1L","p":1.76,"u":"1,76 €/L","img":"https://fd13-photos.leclercdrive.fr/image.ashx?id=1972904&use=l&cat=p&typeid=i","cat":284456},{"id":7441,"n":"Huile de friture Rustica 1L","p":2.75,"u":"2,75 €/L","img":"https://fd13-photos.leclercdrive.fr/image.ashx?id=2900331&use=l&cat=p&typeid=i","cat":284453},{"id":7443,"n":"Dessert fruitier pomme poire Douceur du Verger s/sucre 4x97g","p":1.25,"u":"3,22 €/KG","img":"https://fd13-photos.leclercdrive.fr/image.ashx?id=2956912&use=l&cat=p&typeid=i","cat":284416},{"id":7444,"n":"Dessert fruitier pomme Douceur du Verger s/sucre 4x97g","p":1.05,"u":"2,71 €/KG","img":"https://fd13-photos.leclercdrive.fr/image.ashx?id=2979340&use=l&cat=p&typeid=i","cat":284416},{"id":7448,"n":"Compote Douceur du Verger Coupelle pomme pruneau - 4x100g","p":1.36,"u":"3,40 €/KG","img":"https://fd13-photos.leclercdrive.fr/image.ashx?id=2663479&use=l&cat=p&typeid=i","cat":284508},{"id":7450,"n":"Gâteaux fourrés P'tit Déli Fraise x7 - 196g","p":2.8,"u":"14,29 €/KG","img":"https://fd13-photos.leclercdrive.fr/image.ashx?id=2659777&use=l&cat=p&typeid=i","cat":284495},{"id":7451,"n":"Biscuits P'tit Déli Goûters Fourrés au chocolat 2x300g","p":2.3,"u":"3,83 €/KG","img":"https://fd13-photos.leclercdrive.fr/image.ashx?id=2116182&use=l&cat=p&typeid=i","cat":284488},{"id":7452,"n":"Tubes Fromage blanc Délisse 3 parfums - 12 x40g","p":2.38,"u":"4,96 €/KG","img":"https://fd13-photos.leclercdrive.fr/image.ashx?id=2884231&use=l&cat=p&typeid=i","cat":284415},{"id":7455,"n":"Fromage Bleu des Causses NRT  AOP - 125g","p":1.99,"u":"15,92 €/KG","img":"https://fd13-photos.leclercdrive.fr/image.ashx?id=2771043&use=l&cat=p&typeid=i","cat":314032},{"id":7459,"n":"Pâtes Barilla Spaghetti n°5 - 500g","p":0.93,"u":"1,86 €/KG","img":"https://fd13-photos.leclercdrive.fr/image.ashx?id=2392200&use=l&cat=p&typeid=i","cat":284427},{"id":7465,"n":"Actifidus Délisse Citron - 4x125g","p":1.36,"u":"2,72 €/KG","img":"https://fd13-photos.leclercdrive.fr/image.ashx?id=2501673&use=l&cat=p&typeid=i","cat":315000},{"id":7466,"n":"Pain grillé Epi d'or Brioché x26 - 300g","p":2.15,"u":"7,17 €/KG","img":"https://fd13-photos.leclercdrive.fr/image.ashx?id=2532835&use=l&cat=p&typeid=i","cat":284479},{"id":7508,"n":"Glace Tyrolia Eskiss Cappuccino - 340g","p":2.69,"u":"7,91 €/KG","img":"https://fd13-photos.leclercdrive.fr/image.ashx?id=2085218&use=l&cat=p&typeid=i","cat":284266},{"id":7529,"n":"Fromage Comté Entremont 200g","p":3.1,"u":"15,50 €/KG","img":"https://fd13-photos.leclercdrive.fr/image.ashx?id=2983144&use=l&cat=p&typeid=i","cat":314034},{"id":7530,"n":"Crème fraîche épaisse Bridélice 15%mg 20cl","p":0.82,"u":"4,10 €/L","img":"https://fd13-photos.leclercdrive.fr/image.ashx?id=2970873&use=l&cat=p&typeid=i","cat":284381},{"id":7536,"n":"Cervelas rémoulade P. Martinet Moutarde de dijon - 300g","p":2.99,"u":"9,97 €/KG","img":"https://fd13-photos.leclercdrive.fr/image.ashx?id=2733079&use=l&cat=p&typeid=i","cat":333657},{"id":7541,"n":"Barquette chiens Lydog Au Boeuf et Coeur - 300g","p":1.63,"u":"5,43 €/KG","img":"https://fd13-photos.leclercdrive.fr/image.ashx?id=2042430&use=l&cat=p&typeid=i","cat":284673},{"id":7542,"n":"Barquette chien Lydog au Foie et Volailles - 300g","p":1.45,"u":"4,83 €/KG","img":"https://fd13-photos.leclercdrive.fr/image.ashx?id=2042436&use=l&cat=p&typeid=i","cat":284673},{"id":7548,"n":"Ail Rustica 100g","p":1.69,"u":"16,90 €/KG","img":"https://fd13-photos.leclercdrive.fr/image.ashx?id=2365451&use=l&cat=p&typeid=i","cat":319804},{"id":7549,"n":"Persil Rustica 50g","p":0.99,"u":"19,80 €/KG","img":"https://fd13-photos.leclercdrive.fr/image.ashx?id=2365454&use=l&cat=p&typeid=i","cat":319804},{"id":7557,"n":"Olives à l'ail Couleurs Vives 150g","p":1.99,"u":"13,27 €/KG","img":"https://fd13-photos.leclercdrive.fr/image.ashx?id=2518508&use=l&cat=p&typeid=i","cat":316002},{"id":7560,"n":"Barquettes chats Tous mes amis Mousselines 4 variétés - 4x85g","p":1.75,"u":"5,15 €/KG","img":"https://fd13-photos.leclercdrive.fr/image.ashx?id=2815749&use=l&cat=p&typeid=i","cat":285286},{"id":7563,"n":"Coulis de tomate bio Jardin Bio 500g","p":1.68,"u":"3,36 €/KG","img":"https://fd13-photos.leclercdrive.fr/image.ashx?id=2918841&use=l&cat=p&typeid=i","cat":288384},{"id":7578,"n":"Thé vert bio orange Jardin Bio' Bergamote Max Havelaar x20 30g","p":2.31,"u":"77,00 €/KG","img":"https://fd13-photos.leclercdrive.fr/image.ashx?id=2792666&use=l&cat=p&typeid=i","cat":293233},{"id":7585,"n":"Echalote Rustica 100g","p":1.69,"u":"16,90 €/KG","img":"https://fd13-photos.leclercdrive.fr/image.ashx?id=2365457&use=l&cat=p&typeid=i","cat":319804},{"id":7586,"n":"Fond de veau Rustica 110g","p":2.11,"u":"19,18 €/KG","img":"https://fd13-photos.leclercdrive.fr/image.ashx?id=2188679&use=l&cat=p&typeid=i","cat":288379},{"id":7589,"n":"Biscuits Mikado LU Chocolat au lait - 3x39g","p":2.15,"u":"18,38 €/KG","img":"https://fd13-photos.leclercdrive.fr/image.ashx?id=3001970&use=l&cat=p&typeid=i","cat":284488},{"id":7598,"n":"Ravioli de volaille Jardin Bio' Bio - 700g","p":3.74,"u":"5,34 €/KG","img":"https://fd13-photos.leclercdrive.fr/image.ashx?id=2950183&use=l&cat=p&typeid=i","cat":284442},{"id":7599,"n":"Haricots verts Jardin Bio' Bio extra fin coupés - 360g","p":2.36,"u":"6,56 €/KG","img":"https://fd13-photos.leclercdrive.fr/image.ashx?id=2967151&use=l&cat=p&typeid=i","cat":312606},{"id":7600,"n":"Petits pois carottes JardinBio' Bio - 420g","p":2.25,"u":"5,36 €/KG","img":"https://fd13-photos.leclercdrive.fr/image.ashx?id=2947958&use=l&cat=p&typeid=i","cat":312607},{"id":7601,"n":"Dessert fruitier Jardin Bio' bio Pomme vanille bourbon 680g","p":2.37,"u":"3,49 €/KG","img":"https://fd13-photos.leclercdrive.fr/image.ashx?id=2967786&use=l&cat=p&typeid=i","cat":284508},{"id":7610,"n":"Préparation crêpes Francine 380g","p":1.69,"u":"4,45 €/KG","img":"https://fd13-photos.leclercdrive.fr/image.ashx?id=2989120&use=l&cat=p&typeid=i","cat":284505},{"id":7646,"n":"Spaghetti Jardin Bio Bio quinoa persil ail - 500g","p":1.79,"u":"3,58 €/KG","img":"https://fd13-photos.leclercdrive.fr/image.ashx?id=3014542&use=l&cat=p&typeid=i","cat":284427},{"id":7693,"n":"Magret de canard Sud Ouest NRT Séché - 90g","p":3.99,"u":"44,33 €/KG","img":"https://fd13-photos.leclercdrive.fr/image.ashx?id=2966842&use=l&cat=p&typeid=i","cat":316007},{"id":7707,"n":"Eau minérale naturelle 50cl","p":0.33,"u":"0,66 €/L","img":"https://fd13-photos.leclercdrive.fr/image.ashx?id=2691111&use=l&cat=p&typeid=i","cat":284535},{"id":7713,"n":"Dessert fruitier pomme pruneaux Douceur du Verger s/sucre4x100g","p":1.54,"u":"3,85 €/KG","img":"https://fd13-photos.leclercdrive.fr/image.ashx?id=1962960&use=l&cat=p&typeid=i","cat":284416},{"id":7717,"n":"Papier toilette Mimosa Décoré - Ultra doux - x6","p":2.65,"u":"0,44 €/P","img":"https://fd13-photos.leclercdrive.fr/image.ashx?id=2778749&use=l&cat=p&typeid=i","cat":284634},{"id":7772,"n":"Galette bio Céréal Bio  Millet champignons x2 - 200g","p":1.92,"u":"9,60 €/KG","img":"https://fd13-photos.leclercdrive.fr/image.ashx?id=2573543&use=l&cat=p&typeid=i","cat":284953},{"id":7857,"n":"Croquettes chiens Fido Au boeuf 1kg","p":2.84,"u":"2,84 €/KG","img":"https://fd13-photos.leclercdrive.fr/image.ashx?id=2972964&use=l&cat=p&typeid=i","cat":294526},{"id":7862,"n":"Petit pot de crème Délisse Café - 4x100g","p":1.8,"u":"4,50 €/KG","img":"https://fd13-photos.leclercdrive.fr/image.ashx?id=2550372&use=l&cat=p&typeid=i","cat":285041},{"id":7864,"n":"Yaourts sucrés Délisse Nature  - 4x125g","p":0.99,"u":"1,98 €/KG","img":"https://fd13-photos.leclercdrive.fr/image.ashx?id=2590415&use=l&cat=p&typeid=i","cat":284409},{"id":7866,"n":"Beurre Tendre Les Croisés Demi-sel - 80% MG - 250g","p":2.51,"u":"10,04 €/KG","img":"https://fd13-photos.leclercdrive.fr/image.ashx?id=2778027&use=l&cat=p&typeid=i","cat":284379},{"id":7869,"n":"Yaourts aromatisés Délisse Citron - 4x125g","p":1.45,"u":"2,90 €/KG","img":"https://fd13-photos.leclercdrive.fr/image.ashx?id=2134515&use=l&cat=p&typeid=i","cat":286006},{"id":7881,"n":"Camembert Les Croisés 8 portions - 22% mg - 8x30g","p":2.19,"u":"9,13 €/KG","img":"https://fd13-photos.leclercdrive.fr/image.ashx?id=2974798&use=l&cat=p&typeid=i","cat":314033},{"id":7882,"n":"Actifidus Délisse Coco Citron Vanille - 12x125g","p":3.5,"u":"2,33 €/KG","img":"https://fd13-photos.leclercdrive.fr/image.ashx?id=2441842&use=l&cat=p&typeid=i","cat":315000},{"id":7885,"n":"Chabichou du Poitou NRT Fromage de chèvre - 150g","p":3.45,"u":"23,00 €/KG","img":"https://fd13-photos.leclercdrive.fr/image.ashx?id=2449577&use=l&cat=p&typeid=i","cat":314031},{"id":7886,"n":"Diots fumés de Savoie NRT 4x90g","p":4.22,"u":"11,72 €/KG","img":"https://fd13-photos.leclercdrive.fr/image.ashx?id=2991467&use=l&cat=p&typeid=i","cat":316012},{"id":7887,"n":"Selles-sur-Cher NRT AOP  Fromage de chèvre - 150g","p":3.49,"u":"23,27 €/KG","img":"https://fd13-photos.leclercdrive.fr/image.ashx?id=2586031&use=l&cat=p&typeid=i","cat":314031},{"id":7889,"n":"Fromage Reblochon NRT AOP 240g","p":3.7,"u":"15,42 €/KG","img":"https://fd13-photos.leclercdrive.fr/image.ashx?id=2933337&use=l&cat=p&typeid=i","cat":314037},{"id":7965,"n":"Matière grasse Bridelight à tartiner 15% MG - 250g","p":2.09,"u":"8,36 €/KG","img":"https://fd13-photos.leclercdrive.fr/image.ashx?id=2643884&use=l&cat=p&typeid=i","cat":284379},{"id":7972,"n":"Beurre Moulé Paysan Breton Doux - 82%MG - 250g","p":3.23,"u":"12,92 €/KG","img":"https://fd13-photos.leclercdrive.fr/image.ashx?id=2946943&use=l&cat=p&typeid=i","cat":284379},{"id":7993,"n":"Beurre d'escargot Rustica Ail et persil - 250g","p":3.49,"u":"13,96 €/KG","img":"https://fd13-photos.leclercdrive.fr/image.ashx?id=1915569&use=l&cat=p&typeid=i","cat":319775},{"id":7996,"n":"Poireaux Notre Jardin En rondelles 1kg","p":1.28,"u":"1,28 €/KG","img":"https://fd13-photos.leclercdrive.fr/image.ashx?id=2873126&use=l&cat=p&typeid=i","cat":319805},{"id":7997,"n":"Mascarpone Galbani 250g","p":2.66,"u":"10,64 €/KG","img":"https://fd13-photos.leclercdrive.fr/image.ashx?id=3009173&use=l&cat=p&typeid=i","cat":314026},{"id":8000,"n":"Cordon Bleu Poulet Père Dodu  Bacon de Dinde x2 - 200g","p":2.49,"u":"12,45 €/KG","img":"https://fd13-photos.leclercdrive.fr/image.ashx?id=2956987&use=l&cat=p&typeid=i","cat":333683},{"id":8003,"n":"Fromage Enfant Kiri Goûter 5 portions barquettes - 175g","p":2.27,"u":"12,97 €/KG","img":"https://fd13-photos.leclercdrive.fr/image.ashx?id=2972883&use=l&cat=p&typeid=i","cat":314030},{"id":8007,"n":"Fromage fondu allégé Bridelight saveur emmental - 3% mg - 200g","p":2.27,"u":"11,35 €/KG","img":"https://fd13-photos.leclercdrive.fr/image.ashx?id=1559290&use=l&cat=p&typeid=i","cat":314029},{"id":8008,"n":"Pizza Cuite sur pierre Turini Fruits de Mer - 400g","p":3.15,"u":"7,88 €/KG","img":"https://fd13-photos.leclercdrive.fr/image.ashx?id=2815202&use=l&cat=p&typeid=i","cat":284256},{"id":8011,"n":"Crème glacée Menthe Eskiss Copeaux de Chocolat - 494g","p":2.79,"u":"5,65 €/KG","img":"https://fd13-photos.leclercdrive.fr/image.ashx?id=2982583&use=l&cat=p&typeid=i","cat":284263},{"id":8012,"n":"Friandises pour chien Lydog Biscuits fourrés Viande - 500g","p":1.29,"u":"2,58 €/KG","img":"https://fd13-photos.leclercdrive.fr/image.ashx?id=2191114&use=l&cat=p&typeid=i","cat":294527},{"id":8013,"n":"Friandises pour chien Lydog Biscuits croquants - 500g","p":1.29,"u":"2,58 €/KG","img":"https://fd13-photos.leclercdrive.fr/image.ashx?id=1954353&use=l&cat=p&typeid=i","cat":294527},{"id":8017,"n":"Pâtes Penne Regate Turini 500g","p":0.6,"u":"1,20 €/KG","img":"https://fd13-photos.leclercdrive.fr/image.ashx?id=2980773&use=l&cat=p&typeid=i","cat":284427},{"id":8024,"n":"Barquette chiens Lydog 3 saveurs - 3x300g","p":3.78,"u":"4,20 €/KG","img":"https://fd13-photos.leclercdrive.fr/image.ashx?id=2050639&use=l&cat=p&typeid=i","cat":284673},{"id":8025,"n":"Barquette chiens Lydog 3 saveurs - 3x300g","p":3.79,"u":"4,21 €/KG","img":"https://fd13-photos.leclercdrive.fr/image.ashx?id=2050642&use=l&cat=p&typeid=i","cat":284673},{"id":8029,"n":"Barquettes chats Tous mes amis Menus saveurs - 4x100g","p":2.29,"u":"5,73 €/KG","img":"https://fd13-photos.leclercdrive.fr/image.ashx?id=2042445&use=l&cat=p&typeid=i","cat":285286},{"id":8032,"n":"Nougat tendre de Montélimar NRT Barre 200g","p":3.99,"u":"19,95 €/KG","img":"https://fd13-photos.leclercdrive.fr/image.ashx?id=2991151&use=l&cat=p&typeid=i","cat":304249},{"id":8120,"n":"Cassoulet Saucisse de Toulouse Côté Table - 840g","p":3.63,"u":"4,32 €/KG","img":"https://fd13-photos.leclercdrive.fr/image.ashx?id=2977129&use=l&cat=p&typeid=i","cat":284440},{"id":8121,"n":"Glace Cône Mini Smicy Vanille Chocolat x10 - 175g","p":2.49,"u":"14,23 €/KG","img":"https://fd13-photos.leclercdrive.fr/image.ashx?id=2698168&use=l&cat=p&typeid=i","cat":285250},{"id":8125,"n":"Spaghetti Frais Turini 350g","p":1.49,"u":"4,26 €/KG","img":"https://fd13-photos.leclercdrive.fr/image.ashx?id=2840470&use=l&cat=p&typeid=i","cat":333682},{"id":8129,"n":"Soupe Mouliné Régal Soupe 10 légumes variés - 2x30cl","p":1.45,"u":"2,42 €/L","img":"https://fd13-photos.leclercdrive.fr/image.ashx?id=2607476&use=l&cat=p&typeid=i","cat":284462},{"id":8136,"n":"Biscuits raisin GERBLE  - 4x5, 360g","p":1.57,"u":"4,36 €/KG","img":"https://fd13-photos.leclercdrive.fr/image.ashx?id=2578726&use=l&cat=p&typeid=i","cat":318651},{"id":8178,"n":"Infusion Tisea Douce soirée 25 sachets","p":0.99,"u":"28,29 €/KG","img":"https://fd13-photos.leclercdrive.fr/image.ashx?id=2553902&use=l&cat=p&typeid=i","cat":293234},{"id":8181,"n":"Mini Paniers Côté Table x20 - 280g","p":5.29,"u":"18,89 €/KG","img":"https://fd13-photos.leclercdrive.fr/image.ashx?id=2228280&use=l&cat=p&typeid=i","cat":319774},{"id":8182,"n":"Mini Feuilletés Côté Table Saucisse x20 - 350g","p":4.19,"u":"11,97 €/KG","img":"https://fd13-photos.leclercdrive.fr/image.ashx?id=2622016&use=l&cat=p&typeid=i","cat":319774},{"id":8191,"n":"Colin d'Alaska Pêche Océan À la Florentine - MSC - 400g","p":3.49,"u":"8,73 €/KG","img":"https://fd13-photos.leclercdrive.fr/image.ashx?id=2930108&use=l&cat=p&typeid=i","cat":319786},{"id":8322,"n":"Coeurs artichauts Florelli Grillés - 170g","p":4.49,"u":"26,41 €/KG","img":"https://fd13-photos.leclercdrive.fr/image.ashx?id=2690003&use=l&cat=p&typeid=i","cat":289010},{"id":8324,"n":"Tomates séchées Florelli 270g","p":3.27,"u":"12,11 €/KG","img":"https://fd13-photos.leclercdrive.fr/image.ashx?id=2633094&use=l&cat=p&typeid=i","cat":289010},{"id":8329,"n":"Crème de vinaigre de Modène Toscoro - 250ml","p":3.39,"u":"13,56 €/L","img":"https://fd13-photos.leclercdrive.fr/image.ashx?id=2767401&use=l&cat=p&typeid=i","cat":289010},{"id":8335,"n":"Sauce pâtes artichaut Florelli Tomate mascarpone - 190g","p":2.38,"u":"12,53 €/KG","img":"https://fd13-photos.leclercdrive.fr/image.ashx?id=3011668&use=l&cat=p&typeid=i","cat":289010},{"id":8337,"n":"Tapenade d'Olives noires  Les Tartinables Florelli 190g","p":1.95,"u":"10,26 €/KG","img":"https://fd13-photos.leclercdrive.fr/image.ashx?id=2884690&use=l&cat=p&typeid=i","cat":289010},{"id":8375,"n":"Sauce Déshydratée KNORR Aux Trois Poivres - 32g","p":0.68,"u":"24,29 €/KG","img":"https://fd13-photos.leclercdrive.fr/image.ashx?id=2875933&use=l&cat=p&typeid=i","cat":288381},{"id":8381,"n":"Soupe instantanée Royco  Bouillon à la Chinoise 3x200ml","p":1.57,"u":"33,40 €/KG","img":"https://fd13-photos.leclercdrive.fr/image.ashx?id=2650976&use=l&cat=p&typeid=i","cat":288992},{"id":8382,"n":"Pâtes spaghetti plat Panzani 500g","p":1.02,"u":"2,04 €/KG","img":"https://fd13-photos.leclercdrive.fr/image.ashx?id=2876041&use=l&cat=p&typeid=i","cat":284427},{"id":8383,"n":"Pâtes Coquillettes Panzani 3 Minutes - 500G","p":1.18,"u":"2,36 €/KG","img":"https://fd13-photos.leclercdrive.fr/image.ashx?id=2867945&use=l&cat=p&typeid=i","cat":284427},{"id":8388,"n":"Pâtes Lustucru macaroni Aux oeufs - 250g","p":0.88,"u":"3,52 €/KG","img":"https://fd13-photos.leclercdrive.fr/image.ashx?id=2519471&use=l&cat=p&typeid=i","cat":284427},{"id":8392,"n":"Torti Weight Watchers St Jacques - 300g","p":4.0,"u":"13,33 €/KG","img":"https://fd13-photos.leclercdrive.fr/image.ashx?id=2610861&use=l&cat=p&typeid=i","cat":333665},{"id":8393,"n":"Escalope Milanaise Marie 300g","p":3.37,"u":"11,23 €/KG","img":"https://fd13-photos.leclercdrive.fr/image.ashx?id=2317408&use=l&cat=p&typeid=i","cat":333665},{"id":8396,"n":"Biscuits apéritif Lay's 3D's Goût Paprika - 85g","p":0.87,"u":"10,24 €/KG","img":"https://fd13-photos.leclercdrive.fr/image.ashx?id=2166311&use=l&cat=p&typeid=i","cat":284449},{"id":8397,"n":"Madeleine Bonne Maman Pur beurre tradition 300g","p":2.7,"u":"9,00 €/KG","img":"https://fd13-photos.leclercdrive.fr/image.ashx?id=2936137&use=l&cat=p&typeid=i","cat":284492},{"id":8413,"n":"Biscuits Crackers Tokapi  Nature - 3x100g","p":1.38,"u":"4,60 €/KG","img":"https://fd13-photos.leclercdrive.fr/image.ashx?id=2660550&use=l&cat=p&typeid=i","cat":297000},{"id":8414,"n":"Chocolat au lait Equador Doux et fondant - 100g","p":1.65,"u":"16,50 €/KG","img":"https://fd13-photos.leclercdrive.fr/image.ashx?id=2758344&use=l&cat=p&typeid=i","cat":284497},{"id":8415,"n":"Pâtes coquillettes Turini Les 3 min - 500g","p":0.72,"u":"1,44 €/KG","img":"https://fd13-photos.leclercdrive.fr/image.ashx?id=2607461&use=l&cat=p&typeid=i","cat":284427},{"id":8419,"n":"Biscuits Crackers Tokapi Emmental - 100g","p":0.68,"u":"6,80 €/KG","img":"https://fd13-photos.leclercdrive.fr/image.ashx?id=2351226&use=l&cat=p&typeid=i","cat":297000},{"id":8420,"n":"Chocolat blanc Tablette D'Or Noix de coco - 200g","p":2.69,"u":"13,45 €/KG","img":"https://fd13-photos.leclercdrive.fr/image.ashx?id=2753472&use=l&cat=p&typeid=i","cat":284957},{"id":8424,"n":"Biscottes Heudebert  Fibres plus - 280g","p":2.02,"u":"7,21 €/KG","img":"https://fd13-photos.leclercdrive.fr/image.ashx?id=2679503&use=l&cat=p&typeid=i","cat":284479},{"id":8428,"n":"Biscuits sablés Granola Chocolat au lait - 225g","p":1.62,"u":"7,20 €/KG","img":"https://fd13-photos.leclercdrive.fr/image.ashx?id=2346675&use=l&cat=p&typeid=i","cat":284488},{"id":8433,"n":"Pâtes Coquillettes Panzani Prêt en 3 min - 1kg","p":2.21,"u":"2,21 €/KG","img":"https://fd13-photos.leclercdrive.fr/image.ashx?id=2896093&use=l&cat=p&typeid=i","cat":284427},{"id":8447,"n":"Pommes Pink Lady Barquette x6","p":2.49,"u":"0,42 €/P","img":"https://fd13-photos.leclercdrive.fr/image.ashx?id=2121671&use=l&cat=p&typeid=i","cat":284356},{"id":8474,"n":"Terrines Tous Mes Amis Les délices de la mer - 3x400g","p":3.69,"u":"3,08 €/KG","img":"https://fd13-photos.leclercdrive.fr/image.ashx?id=1671547&use=l&cat=p&typeid=i","cat":285601},{"id":8475,"n":"Serviette hygiénique Doulys Maxi confort - Normal - x18","p":0.99,"u":"0,06 €/P","img":"https://fd13-photos.leclercdrive.fr/image.ashx?id=2838909&use=l&cat=p&typeid=i","cat":284624},{"id":8476,"n":"AOP Côtes de Provence vin rosé Terres Ocrées - BIB 3L","p":16.99,"u":"5,66 €/L","img":"https://fd13-photos.leclercdrive.fr/image.ashx?id=2923393&use=l&cat=p&typeid=i","cat":289558},{"id":8494,"n":"Biscuits déli matin P'tit Déli Chocolat/pépites - 600g","p":3.18,"u":"5,30 €/KG","img":"https://fd13-photos.leclercdrive.fr/image.ashx?id=2999496&use=l&cat=p&typeid=i","cat":284491},{"id":8504,"n":"Biscottes bio Bio Village Complètes x36 - 300g","p":2.2,"u":"7,33 €/KG","img":"https://fd13-photos.leclercdrive.fr/image.ashx?id=2590460&use=l&cat=p&typeid=i","cat":284479},{"id":8515,"n":"Bâtonnets Dentastix Pedigree Moyen chien x28 - 720g","p":7.06,"u":"9,81 €/KG","img":"https://fd13-photos.leclercdrive.fr/image.ashx?id=2980094&use=l&cat=p&typeid=i","cat":294527},{"id":8521,"n":"Café Soluble Nescafé Spécial Filtre Original - 100g","p":5.05,"u":"50,50 €/KG","img":"https://fd13-photos.leclercdrive.fr/image.ashx?id=2866753&use=l&cat=p&typeid=i","cat":284843},{"id":8528,"n":"Sel fin La Baleine Iodé et fluoré - 750g","p":0.9,"u":"1,20 €/KG","img":"https://fd13-photos.leclercdrive.fr/image.ashx?id=2790612&use=l&cat=p&typeid=i","cat":284457},{"id":8533,"n":"Flageolets verts Notre Jardin Extra Fins - 420g","p":1.72,"u":"4,10 €/KG","img":"https://fd13-photos.leclercdrive.fr/image.ashx?id=2371536&use=l&cat=p&typeid=i","cat":312606},{"id":8535,"n":"Olives noires Rustica Entières - 225g","p":0.99,"u":"4,40 €/KG","img":"https://fd13-photos.leclercdrive.fr/image.ashx?id=2499076&use=l&cat=p&typeid=i","cat":284458},{"id":8536,"n":"Savon mains en crème Manava Perles d'oranger - 300ml","p":1.25,"u":"4,17 €/L","img":"https://fd13-photos.leclercdrive.fr/image.ashx?id=2935480&use=l&cat=p&typeid=i","cat":284597},{"id":8538,"n":"100% Pur jus d'orange Jafaden  Avec pulpe - 1L","p":1.99,"u":"1,99 €/L","img":"https://fd13-photos.leclercdrive.fr/image.ashx?id=2796043&use=l&cat=p&typeid=i","cat":284521},{"id":8539,"n":"Nectar Jafaden Pêche - 1L","p":1.99,"u":"1,99 €/L","img":"https://fd13-photos.leclercdrive.fr/image.ashx?id=2919607&use=l&cat=p&typeid=i","cat":284915},{"id":8540,"n":"Nectar Jafaden Fraise - 1L","p":2.63,"u":"2,63 €/L","img":"https://fd13-photos.leclercdrive.fr/image.ashx?id=2895768&use=l&cat=p&typeid=i","cat":284915},{"id":8541,"n":"Nectar Jafaden Mangue - 1L","p":2.15,"u":"2,15 €/L","img":"https://fd13-photos.leclercdrive.fr/image.ashx?id=2955710&use=l&cat=p&typeid=i","cat":284916},{"id":8544,"n":"Spray Cheveux L'Oréal Paris Fixation Ultra Forte - 300ml","p":3.81,"u":"12,70 €/L","img":"https://fd13-photos.leclercdrive.fr/image.ashx?id=2445331&use=l&cat=p&typeid=i","cat":284609},{"id":8553,"n":"Sauce Barbecue AMORA 490g","p":1.96,"u":"4,00 €/KG","img":"https://fd13-photos.leclercdrive.fr/image.ashx?id=2877298&use=l&cat=p&typeid=i","cat":318431},{"id":8559,"n":"Biscuits Bjorg Fourrés Chocolat noir bio 225g","p":2.9,"u":"12,89 €/KG","img":"https://fd13-photos.leclercdrive.fr/image.ashx?id=2970912&use=l&cat=p&typeid=i","cat":284488},{"id":8564,"n":"Pâtes Barilla  Linguine - 500g","p":1.08,"u":"2,16 €/KG","img":"https://fd13-photos.leclercdrive.fr/image.ashx?id=3004444&use=l&cat=p&typeid=i","cat":284427},{"id":8566,"n":"Chocolat noir Bio Village Bio -Dégustation 74% cacao 100g","p":1.59,"u":"15,90 €/KG","img":"https://fd13-photos.leclercdrive.fr/image.ashx?id=2045623&use=l&cat=p&typeid=i","cat":284956},{"id":8572,"n":"Tablette chocolat Côte d'Or Chocolat au lait - 200g","p":3.06,"u":"15,30 €/KG","img":"https://fd13-photos.leclercdrive.fr/image.ashx?id=2944362&use=l&cat=p&typeid=i","cat":284497},{"id":8575,"n":"Tablette chocolat Milka Tendre au lait - 2x100g","p":3.16,"u":"15,80 €/KG","img":"https://fd13-photos.leclercdrive.fr/image.ashx?id=2382330&use=l&cat=p&typeid=i","cat":284497},{"id":8576,"n":"Pâtes Barilla Torsades - 500g","p":0.96,"u":"1,92 €/KG","img":"https://fd13-photos.leclercdrive.fr/image.ashx?id=2392224&use=l&cat=p&typeid=i","cat":284427},{"id":8603,"n":"Cocktail Punch Old Nick Planteur 16%vol - 70cl","p":5.64,"u":"8,06 €/L","img":"https://fd13-photos.leclercdrive.fr/image.ashx?id=2999207&use=l&cat=p&typeid=i","cat":284551},{"id":8605,"n":"Liqueur Cointreau 40%vol. - 70cl","p":19.0,"u":"27,14 €/L","img":"https://fd13-photos.leclercdrive.fr/image.ashx?id=2998904&use=l&cat=p&typeid=i","cat":286032},{"id":8640,"n":"Croque Baby Fromage Cité Marine MSC - 200g","p":2.99,"u":"14,95 €/KG","img":"https://fd13-photos.leclercdrive.fr/image.ashx?id=2844145&use=l&cat=p&typeid=i","cat":284344},{"id":8642,"n":"Dentifrice Dentamyl Anti-tartre 75ml","p":0.74,"u":"9,87 €/L","img":"https://fd13-photos.leclercdrive.fr/image.ashx?id=2489098&use=l&cat=p&typeid=i","cat":284612},{"id":8643,"n":"Amandes en poudre Tablier Blanc 125g","p":1.6,"u":"12,80 €/KG","img":"https://fd13-photos.leclercdrive.fr/image.ashx?id=2460577&use=l&cat=p&typeid=i","cat":284504},{"id":8645,"n":"Pepites de chocolat Tablier Blanc - 100g","p":1.43,"u":"14,30 €/KG","img":"https://fd13-photos.leclercdrive.fr/image.ashx?id=2723138&use=l&cat=p&typeid=i","cat":284504},{"id":8646,"n":"Noix de Coco Râpée  Tablier Blanc - 125g","p":1.41,"u":"11,28 €/KG","img":"https://fd13-photos.leclercdrive.fr/image.ashx?id=2460583&use=l&cat=p&typeid=i","cat":284504},{"id":8647,"n":"Gélatine alimentaire Tablier 9 feuilles - 17g","p":1.07,"u":"62,94 €/KG","img":"https://fd13-photos.leclercdrive.fr/image.ashx?id=2487446&use=l&cat=p&typeid=i","cat":284504},{"id":8648,"n":"Amandes effilées Tablier Blanc 125g","p":1.9,"u":"15,20 €/KG","img":"https://fd13-photos.leclercdrive.fr/image.ashx?id=2460586&use=l&cat=p&typeid=i","cat":284504},{"id":8649,"n":"Raisins Secs Tablier Blanc 250g","p":1.98,"u":"7,92 €/KG","img":"https://fd13-photos.leclercdrive.fr/image.ashx?id=2460589&use=l&cat=p&typeid=i","cat":284504},{"id":8650,"n":"Arôme fleur d'Oranger Tablier Blanc - 200ml","p":1.24,"u":"6,20 €/L","img":"https://fd13-photos.leclercdrive.fr/image.ashx?id=2487449&use=l&cat=p&typeid=i","cat":284504},{"id":8651,"n":"Arôme naturel de vanille Tablier Blanc 20ml","p":1.15,"u":"57,50 €/L","img":"https://fd13-photos.leclercdrive.fr/image.ashx?id=2487452&use=l&cat=p&typeid=i","cat":284504},{"id":8672,"n":"Nappage Tablier Blanc Caramel - 210g","p":1.25,"u":"5,95 €/KG","img":"https://fd13-photos.leclercdrive.fr/image.ashx?id=2487455&use=l&cat=p&typeid=i","cat":284504},{"id":8673,"n":"Fromage Le Pavé Les Croisés Lait pasteurisé 22% MG - 220g","p":2.36,"u":"10,73 €/KG","img":"https://fd13-photos.leclercdrive.fr/image.ashx?id=2775887&use=l&cat=p&typeid=i","cat":314033},{"id":8674,"n":"Sucre Tablier Blanc Spécial confiture - 1kg","p":1.92,"u":"1,92 €/KG","img":"https://fd13-photos.leclercdrive.fr/image.ashx?id=3010416&use=l&cat=p&typeid=i","cat":284502},{"id":8675,"n":"Sucre Tablier Blanc 100 dosettes - 500g","p":2.31,"u":"4,62 €/KG","img":"https://fd13-photos.leclercdrive.fr/image.ashx?id=3010419&use=l&cat=p&typeid=i","cat":284502},{"id":8679,"n":"Truite fumée d'Aquitaine NRT x4 - 120g","p":5.26,"u":"43,83 €/KG","img":"https://fd13-photos.leclercdrive.fr/image.ashx?id=2663836&use=l&cat=p&typeid=i","cat":285188},{"id":8681,"n":"Quenelles au Brochet Nos Régions ont du Talent 4x80g","p":3.64,"u":"11,38 €/KG","img":"https://fd13-photos.leclercdrive.fr/image.ashx?id=2657280&use=l&cat=p&typeid=i","cat":333682},{"id":8682,"n":"Quenelles nature NRT - 4x80g","p":3.0,"u":"9,38 €/KG","img":"https://fd13-photos.leclercdrive.fr/image.ashx?id=2858051&use=l&cat=p&typeid=i","cat":333682},{"id":8683,"n":"Saucisson sec d'Ardèche IGP NRT - 280g","p":5.0,"u":"17,86 €/KG","img":"https://fd13-photos.leclercdrive.fr/image.ashx?id=2753502&use=l&cat=p&typeid=i","cat":316006},{"id":8684,"n":"Saucisse sèche d'Ardèche IGP Nos Régions ont du Talent 250g","p":5.19,"u":"20,76 €/KG","img":"https://fd13-photos.leclercdrive.fr/image.ashx?id=2753505&use=l&cat=p&typeid=i","cat":316006},{"id":8687,"n":"Fromage Emmental râpé NRT IGP Est-Central - 200g","p":3.49,"u":"17,45 €/KG","img":"https://fd13-photos.leclercdrive.fr/image.ashx?id=2771067&use=l&cat=p&typeid=i","cat":314035},{"id":8698,"n":"Assiette soir bébé bio Babybio Légumes riz - 12 mois - 230g","p":2.23,"u":"9,70 €/KG","img":"https://fd13-photos.leclercdrive.fr/image.ashx?id=2859356&use=l&cat=p&typeid=i","cat":312239},{"id":8734,"n":"AOC Champagne brut blanc  Premier cru Pol Carson - 75cl","p":22.99,"u":"30,65 €/L","img":"https://fd13-photos.leclercdrive.fr/image.ashx?id=2984649&use=l&cat=p&typeid=i","cat":284542},{"id":8746,"n":"Sauce Beurre blanc Gastromer 200g","p":1.99,"u":"9,95 €/KG","img":"https://fd13-photos.leclercdrive.fr/image.ashx?id=2504653&use=l&cat=p&typeid=i","cat":284382},{"id":8749,"n":"Flask Whisky Label 5 40%vol - 20cl","p":4.27,"u":"21,35 €/L","img":"https://fd13-photos.leclercdrive.fr/image.ashx?id=2519720&use=l&cat=p&typeid=i","cat":284547},{"id":8754,"n":"Sacs congélation Elembal Moyen Zip 20 Sacs","p":1.49,"u":"0,07 €/P","img":"https://fd13-photos.leclercdrive.fr/image.ashx?id=2751886&use=l&cat=p&typeid=i","cat":334134},{"id":8796,"n":"Saucisse fine de Lyon NRT 120g","p":1.85,"u":"15,42 €/KG","img":"https://fd13-photos.leclercdrive.fr/image.ashx?id=2743870&use=l&cat=p&typeid=i","cat":316012},{"id":8804,"n":"Brownie P'tit Déli Chocolat pépites 285g","p":1.85,"u":"6,49 €/KG","img":"https://fd13-photos.leclercdrive.fr/image.ashx?id=2663365&use=l&cat=p&typeid=i","cat":294776},{"id":8825,"n":"Barres de céréales Coco Pops Kellogg's - 6x20g","p":1.89,"u":"15,75 €/KG","img":"https://fd13-photos.leclercdrive.fr/image.ashx?id=2677291&use=l&cat=p&typeid=i","cat":285869},{"id":8831,"n":"Nouille Alsacienne Lustucru 250g","p":0.94,"u":"3,76 €/KG","img":"https://fd13-photos.leclercdrive.fr/image.ashx?id=2503942&use=l&cat=p&typeid=i","cat":284427},{"id":8832,"n":"Pâtes Lustucru collerettes 250g","p":0.9,"u":"3,60 €/KG","img":"https://fd13-photos.leclercdrive.fr/image.ashx?id=1943562&use=l&cat=p&typeid=i","cat":284427},{"id":8842,"n":"Couscous poulet bœuf Garbit - 980g","p":4.47,"u":"4,56 €/KG","img":"https://fd13-photos.leclercdrive.fr/image.ashx?id=2677930&use=l&cat=p&typeid=i","cat":325094},{"id":8846,"n":"Jardinière Notre Jardin  De 3 légumes - 420g","p":3.45,"u":"8,21 €/KG","img":"https://fd13-photos.leclercdrive.fr/image.ashx?id=2190005&use=l&cat=p&typeid=i","cat":312607},{"id":8854,"n":"Café soluble Plantation  Qualité décaféiné - 200g","p":6.55,"u":"32,75 €/KG","img":"https://fd13-photos.leclercdrive.fr/image.ashx?id=2834275&use=l&cat=p&typeid=i","cat":284843},{"id":8855,"n":"Sauce Champignons Turini 420g","p":1.15,"u":"2,74 €/KG","img":"https://fd13-photos.leclercdrive.fr/image.ashx?id=2494189&use=l&cat=p&typeid=i","cat":287599},{"id":8857,"n":"Café soluble Plantation Qualité filtre - x25 - 50g","p":2.09,"u":"41,80 €/KG","img":"https://fd13-photos.leclercdrive.fr/image.ashx?id=2834278&use=l&cat=p&typeid=i","cat":284843},{"id":8859,"n":"Café soluble Plantation Chicorée - 100g","p":2.35,"u":"23,50 €/KG","img":"https://fd13-photos.leclercdrive.fr/image.ashx?id=2856468&use=l&cat=p&typeid=i","cat":284843},{"id":8861,"n":"Café soluble Plantation Expresso - x25 - 45g","p":2.29,"u":"50,89 €/KG","img":"https://fd13-photos.leclercdrive.fr/image.ashx?id=2834287&use=l&cat=p&typeid=i","cat":284843},{"id":8864,"n":"Pain de Mie Epi d'or - Nature Longue Conservation - 280g","p":0.74,"u":"2,64 €/KG","img":"https://fd13-photos.leclercdrive.fr/image.ashx?id=1913643&use=l&cat=p&typeid=i","cat":284477},{"id":8865,"n":"Toasts Brioches Epi D'Or x13 - 125g","p":0.94,"u":"7,52 €/KG","img":"https://fd13-photos.leclercdrive.fr/image.ashx?id=2896018&use=l&cat=p&typeid=i","cat":284479},{"id":8869,"n":"Riz complet Comptoir du Grain 10min - 500g","p":1.49,"u":"2,98 €/KG","img":"https://fd13-photos.leclercdrive.fr/image.ashx?id=2909386&use=l&cat=p&typeid=i","cat":284428},{"id":8870,"n":"Dés fromage Herbes de Provence Poivrons Les Croisés - 300g","p":2.11,"u":"7,03 €/KG","img":"https://fd13-photos.leclercdrive.fr/image.ashx?id=776166&use=l&cat=p&typeid=i","cat":314027},{"id":8908,"n":"Crépes Fourrées P'tit Déli Céréales et chocolat x8 - 256g","p":1.81,"u":"7,07 €/KG","img":"https://fd13-photos.leclercdrive.fr/image.ashx?id=2656338&use=l&cat=p&typeid=i","cat":284494},{"id":8910,"n":"Jus 3 agrumes Jafaden Pur jus - 1L","p":2.42,"u":"2,42 €/L","img":"https://fd13-photos.leclercdrive.fr/image.ashx?id=2956047&use=l&cat=p&typeid=i","cat":284917},{"id":8912,"n":"Préparation fraises NRT Sud-Ouest - 315g","p":2.64,"u":"8,38 €/KG","img":"https://fd13-photos.leclercdrive.fr/image.ashx?id=2590472&use=l&cat=p&typeid=i","cat":284480},{"id":8932,"n":"Gin Gibson's 37.5%vol - 1L","p":16.65,"u":"16,65 €/L","img":"https://fd13-photos.leclercdrive.fr/image.ashx?id=2766244&use=l&cat=p&typeid=i","cat":284550},{"id":8963,"n":"Fromage à tartiner Madame Loïk Fouetté Ech. Ciboulette - 150g","p":1.74,"u":"11,60 €/KG","img":"https://fd13-photos.leclercdrive.fr/image.ashx?id=2986356&use=l&cat=p&typeid=i","cat":314029},{"id":8966,"n":"Biscuits chien Pedigree Biscrok - 500g","p":1.59,"u":"3,18 €/KG","img":"https://fd13-photos.leclercdrive.fr/image.ashx?id=2983456&use=l&cat=p&typeid=i","cat":294527},{"id":8968,"n":"Chocolat poudre Banania 400g","p":2.7,"u":"6,75 €/KG","img":"https://fd13-photos.leclercdrive.fr/image.ashx?id=2225276&use=l&cat=p&typeid=i","cat":293235},{"id":8970,"n":"Riz long blanc de Camargue NRT 500g","p":1.59,"u":"3,18 €/KG","img":"https://fd13-photos.leclercdrive.fr/image.ashx?id=2663803&use=l&cat=p&typeid=i","cat":284428},{"id":8977,"n":"Cacahuètes  Benenuts Grillées à sec - 200g","p":1.38,"u":"6,90 €/KG","img":"https://fd13-photos.leclercdrive.fr/image.ashx?id=2389616&use=l&cat=p&typeid=i","cat":284448},{"id":8987,"n":"Pâté Hénaff 156g","p":2.41,"u":"15,45 €/KG","img":"https://fd13-photos.leclercdrive.fr/image.ashx?id=2298361&use=l&cat=p&typeid=i","cat":305149},{"id":9007,"n":"Lait concentré sucré Régilait Écrémé - 397g","p":1.66,"u":"4,18 €/KG","img":"https://fd13-photos.leclercdrive.fr/image.ashx?id=2018652&use=l&cat=p&typeid=i","cat":299162},{"id":9035,"n":"Scotch Whisky Label 5 40%vol - 1L","p":17.66,"u":"17,66 €/L","img":"https://fd13-photos.leclercdrive.fr/image.ashx?id=2519714&use=l&cat=p&typeid=i","cat":284547},{"id":9055,"n":"Fondue 3 fromages Président  450g","p":5.24,"u":"11,64 €/KG","img":"https://fd13-photos.leclercdrive.fr/image.ashx?id=2632990&use=l&cat=p&typeid=i","cat":314037},{"id":9065,"n":"Fromage tartiflette Ermitage 27%mg - 500g","p":6.08,"u":"12,16 €/KG","img":"https://fd13-photos.leclercdrive.fr/image.ashx?id=2966011&use=l&cat=p&typeid=i","cat":314037},{"id":9080,"n":"Fromage à Tartiner St Môret  Nature 9 Portions - 180g","p":2.2,"u":"12,22 €/KG","img":"https://fd13-photos.leclercdrive.fr/image.ashx?id=2763319&use=l&cat=p&typeid=i","cat":314029},{"id":9091,"n":"Sandwich XXL Daunat Poulet rôti - 230g","p":2.07,"u":"9,00 €/KG","img":"https://fd13-photos.leclercdrive.fr/image.ashx?id=2894260&use=l&cat=p&typeid=i","cat":333658},{"id":9105,"n":"Pate Brisée Eco+ A dérouler - 230g","p":0.53,"u":"2,30 €/KG","img":"https://fd13-photos.leclercdrive.fr/image.ashx?id=2249411&use=l&cat=p&typeid=i","cat":333681},{"id":9110,"n":"Bûche de chèvre allégée Soignon Lait pasteurisé 29%mg - 180g","p":2.26,"u":"12,56 €/KG","img":"https://fd13-photos.leclercdrive.fr/image.ashx?id=2886987&use=l&cat=p&typeid=i","cat":314031},{"id":9123,"n":"Café soluble Plantation Café Au Lait Chicorée - 400g","p":3.59,"u":"8,98 €/KG","img":"https://fd13-photos.leclercdrive.fr/image.ashx?id=2834232&use=l&cat=p&typeid=i","cat":284843},{"id":9124,"n":"Croquettes chiens Lydog Senior - 3kg","p":5.18,"u":"1,73 €/KG","img":"https://fd13-photos.leclercdrive.fr/image.ashx?id=2047025&use=l&cat=p&typeid=i","cat":284672},{"id":9130,"n":"Mouchoirs blancs 2 plis Caresse Boîte mouchoirs en papier -x110","p":1.33,"u":"0,01 €/P","img":"https://fd13-photos.leclercdrive.fr/image.ashx?id=1993571&use=l&cat=p&typeid=i","cat":284638},{"id":9131,"n":"Gel douche et shampooing Carré Homme Tonifiante - 250ml","p":1.27,"u":"5,08 €/L","img":"https://fd13-photos.leclercdrive.fr/image.ashx?id=2927848&use=l&cat=p&typeid=i","cat":284619},{"id":9139,"n":"Bouchées chiens Lydog Boeuf - 1.5kg","p":2.79,"u":"1,86 €/KG","img":"https://fd13-photos.leclercdrive.fr/image.ashx?id=2895759&use=l&cat=p&typeid=i","cat":284672},{"id":9162,"n":"Croquettes chat Plénima Premium Chatons - 450g","p":2.24,"u":"4,98 €/KG","img":"https://fd13-photos.leclercdrive.fr/image.ashx?id=1943364&use=l&cat=p&typeid=i","cat":284680},{"id":9163,"n":"Croquettes chat Plénima Premium Saumon riz - Chat adulte - 450g","p":2.15,"u":"4,78 €/KG","img":"https://fd13-photos.leclercdrive.fr/image.ashx?id=1943367&use=l&cat=p&typeid=i","cat":284680},{"id":9164,"n":"Crevettes natures Pêche Océan 125g","p":3.99,"u":"31,92 €/KG","img":"https://fd13-photos.leclercdrive.fr/image.ashx?id=3015242&use=l&cat=p&typeid=i","cat":284343},{"id":9167,"n":"Fromage Edam Mimolette Les Croisés dés 150g","p":1.85,"u":"12,33 €/KG","img":"https://fd13-photos.leclercdrive.fr/image.ashx?id=2365472&use=l&cat=p&typeid=i","cat":314027},{"id":9170,"n":"Spaetzles d'Alsace NRT 250g","p":1.39,"u":"5,56 €/KG","img":"https://fd13-photos.leclercdrive.fr/image.ashx?id=2839962&use=l&cat=p&typeid=i","cat":284427},{"id":9173,"n":"Ravioles Label Rouge NRT Dauphiné - 240g","p":2.99,"u":"12,46 €/KG","img":"https://fd13-photos.leclercdrive.fr/image.ashx?id=1671265&use=l&cat=p&typeid=i","cat":333682},{"id":9183,"n":"Boules soufflées Tokapi Tomate - 42g","p":0.57,"u":"13,57 €/KG","img":"https://fd13-photos.leclercdrive.fr/image.ashx?id=2898832&use=l&cat=p&typeid=i","cat":284449},{"id":9223,"n":"Pâtes Capellini Turini 500g","p":0.85,"u":"1,70 €/KG","img":"https://fd13-photos.leclercdrive.fr/image.ashx?id=2607482&use=l&cat=p&typeid=i","cat":284427},{"id":9262,"n":"Matière grasse Rustica Tournesol -60%MG -Doux -500G","p":1.53,"u":"3,06 €/KG","img":"https://fd13-photos.leclercdrive.fr/image.ashx?id=1071108&use=l&cat=p&typeid=i","cat":315229},{"id":9265,"n":"Pêche poire ananas  Douceur du verger - 4x70g","p":2.59,"u":"9,25 €/KG","img":"https://fd13-photos.leclercdrive.fr/image.ashx?id=2349100&use=l&cat=p&typeid=i","cat":284507},{"id":9266,"n":"Ananas papaye mangue DDV Sirop léger - 4x70g","p":2.75,"u":"9,82 €/KG","img":"https://fd13-photos.leclercdrive.fr/image.ashx?id=2100775&use=l&cat=p&typeid=i","cat":284507},{"id":9276,"n":"Biscuits Sprits P'tit Déli Chocolat au lait - 150g","p":1.09,"u":"7,27 €/KG","img":"https://fd13-photos.leclercdrive.fr/image.ashx?id=2081053&use=l&cat=p&typeid=i","cat":284488},{"id":9322,"n":"Tartelette Choco Caramel St Michel Bonne Maman 135g","p":1.39,"u":"10,30 €/KG","img":"https://fd13-photos.leclercdrive.fr/image.ashx?id=2949931&use=l&cat=p&typeid=i","cat":284488},{"id":9415,"n":"Eau Minérale Wattwiller 1.5L","p":0.6,"u":"0,40 €/L","img":"https://fd13-photos.leclercdrive.fr/image.ashx?id=2801135&use=l&cat=p&typeid=i","cat":284535},{"id":9435,"n":"AOP Champagne Mercier  Brut - 75cl","p":24.85,"u":"33,13 €/L","img":"https://fd13-photos.leclercdrive.fr/image.ashx?id=1867174&use=l&cat=p&typeid=i","cat":284542},{"id":9587,"n":"Tube de peinture Esquisse Gouache - 5x10ml","p":1.5,"u":"30,00 €/L","img":"https://fd13-photos.leclercdrive.fr/image.ashx?id=2131185&use=l&cat=p&typeid=i","cat":334133},{"id":9593,"n":"AOP Côtes du Rhône vin rouge Combes Saint Sauveur 75cl","p":4.15,"u":"5,53 €/L","img":"https://fd13-photos.leclercdrive.fr/image.ashx?id=2755414&use=l&cat=p&typeid=i","cat":289556},{"id":9602,"n":"Copies doubles Esquisse - x300 21x29.7cm","p":2.49,"img":"https://fd13-photos.leclercdrive.fr/image.ashx?id=1698667&use=l&cat=p&typeid=i","cat":284697},{"id":9605,"n":"Ruban adhésif Esquisse super transparent - 25m","p":0.82,"u":"0,03 €/MT","img":"https://fd13-photos.leclercdrive.fr/image.ashx?id=2943217&use=l&cat=p&typeid=i","cat":334133},{"id":9632,"n":"IGP Pays d'Oc rouge Les Ormes De Cambras 12.5% vol - 75cl","p":2.86,"u":"3,81 €/L","img":"https://fd13-photos.leclercdrive.fr/image.ashx?id=2445121&use=l&cat=p&typeid=i","cat":289556},{"id":9634,"n":"Scotch Whisky Baird's 40%vol - 1L","p":15.49,"u":"15,49 €/L","img":"https://fd13-photos.leclercdrive.fr/image.ashx?id=2907168&use=l&cat=p&typeid=i","cat":284547},{"id":9635,"n":"Rhum blanc Charrette 49%vol - 1L","p":16.29,"u":"16,29 €/L","img":"https://fd13-photos.leclercdrive.fr/image.ashx?id=1946417&use=l&cat=p&typeid=i","cat":284550},{"id":9638,"n":"AOC Rhum agricole blanc Dillon Martinique 55%vol - 1L","p":19.34,"u":"19,34 €/L","img":"https://fd13-photos.leclercdrive.fr/image.ashx?id=2650946&use=l&cat=p&typeid=i","cat":284550},{"id":9641,"n":"Whisky Ballantine's Finest Blended Scotch 40% vol - 1L","p":20.95,"pp":19.45,"u":"19,45 €/L","img":"https://fd13-photos.leclercdrive.fr/image.ashx?id=2816964&use=l&cat=p&typeid=i","cat":284547},{"id":9689,"n":"Muffin complet Epi d'Or x4 - 250g","p":1.7,"u":"6,80 €/KG","img":"https://fd13-photos.leclercdrive.fr/image.ashx?id=2939058&use=l&cat=p&typeid=i","cat":284985},{"id":9690,"n":"Carré à Langer Mots d'Enfants Jetables x10","p":4.1,"u":"0,41 €/P","img":"https://fd13-photos.leclercdrive.fr/image.ashx?id=3014191&use=l&cat=p&typeid=i","cat":284737},{"id":9700,"n":"Serviette incontinence Chorys Extra plus - x16","p":4.99,"u":"0,31 €/P","img":"https://fd13-photos.leclercdrive.fr/image.ashx?id=2691171&use=l&cat=p&typeid=i","cat":284628},{"id":9708,"n":"Crème aux oeufs Délisse Vanille - 4x100g","p":1.49,"u":"3,73 €/KG","img":"https://fd13-photos.leclercdrive.fr/image.ashx?id=1956631&use=l&cat=p&typeid=i","cat":284419},{"id":9709,"n":"Mini brownies P'tit Déli Chocolat pépites x8 - 240g","p":1.49,"u":"6,21 €/KG","img":"https://fd13-photos.leclercdrive.fr/image.ashx?id=2888938&use=l&cat=p&typeid=i","cat":294776},{"id":9861,"n":"White spirit sans odeur Mieuxa - 1L","p":4.1,"u":"4,10 €/L","img":"https://fd13-photos.leclercdrive.fr/image.ashx?id=2500102&use=l&cat=p&typeid=i","cat":300576},{"id":9864,"n":"Alcool à brûler Mieuxa 90° - 1L","p":3.8,"u":"3,80 €/L","img":"https://fd13-photos.leclercdrive.fr/image.ashx?id=2446020&use=l&cat=p&typeid=i","cat":300576},{"id":9894,"n":"Moutarde de Bourgogne IGP NRT 200g","p":1.5,"u":"7,50 €/KG","img":"https://fd13-photos.leclercdrive.fr/image.ashx?id=2644918&use=l&cat=p&typeid=i","cat":288850},{"id":9898,"n":"Culotte absorbante Chorys Taille L - x10","p":6.99,"u":"0,70 €/P","img":"https://fd13-photos.leclercdrive.fr/image.ashx?id=2623004&use=l&cat=p&typeid=i","cat":284628},{"id":9899,"n":"Culotte absorbante Chorys Taille M - Plus - x12","p":7.99,"u":"0,67 €/P","img":"https://fd13-photos.leclercdrive.fr/image.ashx?id=2623001&use=l&cat=p&typeid=i","cat":284628},{"id":9915,"n":"Oignons émincés Notre Jardin 1kg","p":1.75,"u":"1,75 €/KG","img":"https://fd13-photos.leclercdrive.fr/image.ashx?id=2873120&use=l&cat=p&typeid=i","cat":319805},{"id":9916,"n":"Epinards Notre Jardin Feuilles à cuire - 600g","p":1.35,"u":"2,25 €/KG","img":"https://fd13-photos.leclercdrive.fr/image.ashx?id=2916677&use=l&cat=p&typeid=i","cat":319805},{"id":9917,"n":"Whisky J&B Rare 40%vol - 1L","p":21.85,"u":"21,85 €/L","img":"https://fd13-photos.leclercdrive.fr/image.ashx?id=2497638&use=l&cat=p&typeid=i","cat":284547},{"id":9920,"n":"Riz rond blanc de Camargue NRT 500g","p":1.79,"u":"3,58 €/KG","img":"https://fd13-photos.leclercdrive.fr/image.ashx?id=2663839&use=l&cat=p&typeid=i","cat":284428},{"id":9933,"n":"Mouchoirs blancs 4 plis Caresse Mouchoirs papier - 24 étuis","p":2.51,"u":"0,10 €/P","img":"https://fd13-photos.leclercdrive.fr/image.ashx?id=2870017&use=l&cat=p&typeid=i","cat":284638},{"id":9937,"n":"Eau de source de Montagne Bouchon sport - 12x33cl","p":2.89,"u":"0,73 €/L","img":"https://fd13-photos.leclercdrive.fr/image.ashx?id=2909879&use=l&cat=p&typeid=i","cat":284535},{"id":10063,"n":"Whisky Bourbon Four Roses 40%vol - 1L","p":28.87,"u":"28,87 €/L","img":"https://fd13-photos.leclercdrive.fr/image.ashx?id=2929476&use=l&cat=p&typeid=i","cat":284547},{"id":10069,"n":"Gâteaux moelleux Pépito  Pépites de chocolat - 150g","p":1.21,"u":"8,07 €/KG","img":"https://fd13-photos.leclercdrive.fr/image.ashx?id=2374396&use=l&cat=p&typeid=i","cat":284495},{"id":10072,"n":"Navettes NRT Fleur d'oranger - 400g","p":2.89,"u":"7,23 €/KG","img":"https://fd13-photos.leclercdrive.fr/image.ashx?id=2679792&use=l&cat=p&typeid=i","cat":284487},{"id":10073,"n":"Tablette chocolat Bio Village Bio Chocolat au lait - 100g","p":1.89,"u":"18,90 €/KG","img":"https://fd13-photos.leclercdrive.fr/image.ashx?id=2861899&use=l&cat=p&typeid=i","cat":284497},{"id":10074,"n":"Tablette de chocolat Equador Noir et menthe 100g","p":1.19,"u":"11,90 €/KG","img":"https://fd13-photos.leclercdrive.fr/image.ashx?id=2834296&use=l&cat=p&typeid=i","cat":284956},{"id":10076,"n":"Tablette chocolat Equador Noir framboise 100g","p":1.82,"u":"18,20 €/KG","img":"https://fd13-photos.leclercdrive.fr/image.ashx?id=2834290&use=l&cat=p&typeid=i","cat":284956},{"id":10086,"n":"Fondants Autour du Dessert Chocolat x2 - 180g","p":1.99,"u":"11,06 €/KG","img":"https://fd13-photos.leclercdrive.fr/image.ashx?id=2886540&use=l&cat=p&typeid=i","cat":284267},{"id":10092,"n":"Palets de légumes Notre Jardin Courgettes Carottes - x8 300g","p":1.74,"u":"5,80 €/KG","img":"https://fd13-photos.leclercdrive.fr/image.ashx?id=2878711&use=l&cat=p&typeid=i","cat":319802},{"id":10093,"n":"Palets légumes Notre Jardin Poireaux Carottes - x8 300g","p":1.99,"u":"6,63 €/KG","img":"https://fd13-photos.leclercdrive.fr/image.ashx?id=2878708&use=l&cat=p&typeid=i","cat":319802},{"id":10108,"n":"Croquants aux amandes NRT 300g","p":2.74,"u":"9,13 €/KG","img":"https://fd13-photos.leclercdrive.fr/image.ashx?id=2622311&use=l&cat=p&typeid=i","cat":284487},{"id":10114,"n":"Essuie-tout Uni Vert Compact Ecologique - x2","p":2.7,"u":"1,35 €/P","img":"https://fd13-photos.leclercdrive.fr/image.ashx?id=2571929&use=l&cat=p&typeid=i","cat":284635},{"id":10122,"n":"Mini gratins Côté Table Aux 3 légumes - x4 480g","p":3.12,"u":"6,50 €/KG","img":"https://fd13-photos.leclercdrive.fr/image.ashx?id=2074419&use=l&cat=p&typeid=i","cat":319802},{"id":10124,"n":"Bâtonnets poulet Pic'Express x18 400g","p":5.13,"u":"12,83 €/KG","img":"https://fd13-photos.leclercdrive.fr/image.ashx?id=2054954&use=l&cat=p&typeid=i","cat":319780},{"id":10125,"n":"Rösti Pom'Lisse 600g","p":1.39,"u":"2,32 €/KG","img":"https://fd13-photos.leclercdrive.fr/image.ashx?id=2704648&use=l&cat=p&typeid=i","cat":319792},{"id":10126,"n":"Pomme de terre Patato Rigolo Pom'Lisse 750g","p":1.94,"u":"2,59 €/KG","img":"https://fd13-photos.leclercdrive.fr/image.ashx?id=2699672&use=l&cat=p&typeid=i","cat":319792},{"id":10163,"n":"Palets légumes Notre Jardin Choux-fleurs Brocolis - x8 300g","p":2.2,"u":"7,33 €/KG","img":"https://fd13-photos.leclercdrive.fr/image.ashx?id=2878714&use=l&cat=p&typeid=i","cat":319802},{"id":10192,"n":"Olives Vertes Tramier  Dénoyautées 160g","p":1.68,"u":"10,50 €/KG","img":"https://fd13-photos.leclercdrive.fr/image.ashx?id=2363829&use=l&cat=p&typeid=i","cat":284458},{"id":10211,"n":"Pâtes Nouilles Turini 1kg","p":1.35,"u":"1,35 €/KG","img":"https://fd13-photos.leclercdrive.fr/image.ashx?id=2980444&use=l&cat=p&typeid=i","cat":284427},{"id":10212,"n":"Rubans anti-mouches Insectivor x4","p":0.85,"u":"0,21 €/P","img":"https://fd13-photos.leclercdrive.fr/image.ashx?id=2555077&use=l&cat=p&typeid=i","cat":298368},{"id":10215,"n":"Sauce Basquaise Rustica Aux 2 poivrons - 400g","p":1.29,"u":"3,23 €/KG","img":"https://fd13-photos.leclercdrive.fr/image.ashx?id=2887398&use=l&cat=p&typeid=i","cat":287599},{"id":10216,"n":"Sauce Aigre Douce Rustica Légumes croquants - 400g","p":1.28,"u":"3,20 €/KG","img":"https://fd13-photos.leclercdrive.fr/image.ashx?id=2887401&use=l&cat=p&typeid=i","cat":287599},{"id":10217,"n":"Sauce Curry Rustica Légumes et lait de coco - 400g","p":1.31,"u":"3,28 €/KG","img":"https://fd13-photos.leclercdrive.fr/image.ashx?id=2887404&use=l&cat=p&typeid=i","cat":287599},{"id":10220,"n":"Tampons Doulys Compact Normal - x20","p":2.24,"u":"0,11 €/P","img":"https://fd13-photos.leclercdrive.fr/image.ashx?id=2965464&use=l&cat=p&typeid=i","cat":284626},{"id":10223,"n":"Framboises entières  Douceur du Verger 1kg","p":9.61,"u":"9,61 €/KG","img":"https://fd13-photos.leclercdrive.fr/image.ashx?id=2620881&use=l&cat=p&typeid=i","cat":284268},{"id":10227,"n":"Mini gratins Côté Table Dauphinois - x4 480g","p":2.99,"u":"6,23 €/KG","img":"https://fd13-photos.leclercdrive.fr/image.ashx?id=2627640&use=l&cat=p&typeid=i","cat":319802},{"id":10231,"n":"Confiture Douceur du verger Framboises - Allégée - 340g","p":1.24,"u":"3,65 €/KG","img":"https://fd13-photos.leclercdrive.fr/image.ashx?id=2965473&use=l&cat=p&typeid=i","cat":284480},{"id":10232,"n":"Confiture Douceur du Verger Allégée Pêche 340g","p":1.32,"u":"3,88 €/KG","img":"https://fd13-photos.leclercdrive.fr/image.ashx?id=2965476&use=l&cat=p&typeid=i","cat":284480},{"id":10244,"n":"Thon entier Pêche Océan Naturel - 280g","p":3.72,"u":"13,29 €/KG","img":"https://fd13-photos.leclercdrive.fr/image.ashx?id=2941414&use=l&cat=p&typeid=i","cat":303867},{"id":10324,"n":"Pommes de terre Bio Bio Village Vapeur et sautées  - 1.5kg","p":2.99,"u":"1,99 €/KG","img":"https://fd13-photos.leclercdrive.fr/image.ashx?id=2960535&use=l&cat=p&typeid=i","cat":284352},{"id":10344,"n":"Petit Beurre Pocket P'ti Déli 3x12 sachets 300g","p":1.68,"u":"5,60 €/KG","img":"https://fd13-photos.leclercdrive.fr/image.ashx?id=1965518&use=l&cat=p&typeid=i","cat":284487},{"id":10346,"n":"Vinaigrette allégée Rustica Balsamique huile d'olive - 50cl","p":2.49,"u":"4,98 €/L","img":"https://fd13-photos.leclercdrive.fr/image.ashx?id=1972913&use=l&cat=p&typeid=i","cat":284456},{"id":10348,"n":"Huile de noix Rustica 50cl","p":4.68,"u":"9,36 €/L","img":"https://fd13-photos.leclercdrive.fr/image.ashx?id=2523703&use=l&cat=p&typeid=i","cat":284453},{"id":10351,"n":"Sacs à couche Mots d'Enfant Parfumés - x50","p":1.6,"u":"0,03 €/P","img":"https://fd13-photos.leclercdrive.fr/image.ashx?id=1886564&use=l&cat=p&typeid=i","cat":284737},{"id":10356,"n":"Bloc bureau Esquisse - 80 pages Seyes - 21x31.5cm","p":2.79,"img":"https://fd13-photos.leclercdrive.fr/image.ashx?id=2943187&use=l&cat=p&typeid=i","cat":284697},{"id":10382,"n":"Choucroute Royale Côté Table 400g","p":1.99,"u":"4,98 €/KG","img":"https://fd13-photos.leclercdrive.fr/image.ashx?id=2977147&use=l&cat=p&typeid=i","cat":284441},{"id":10384,"n":"Sauce Chasseur Knorr 23g","p":0.71,"u":"30,87 €/KG","img":"https://fd13-photos.leclercdrive.fr/image.ashx?id=1936770&use=l&cat=p&typeid=i","cat":288381},{"id":10386,"n":"Recharge Aromat Knorr 90g","p":1.31,"u":"14,56 €/KG","img":"https://fd13-photos.leclercdrive.fr/image.ashx?id=2875942&use=l&cat=p&typeid=i","cat":298297},{"id":10387,"n":"Sauce liée rôti Knorr 20g","p":0.78,"u":"39,00 €/KG","img":"https://fd13-photos.leclercdrive.fr/image.ashx?id=2915670&use=l&cat=p&typeid=i","cat":288381},{"id":10398,"n":"Biscuit apéritif ancel Bretzels Maxi - 200g","p":0.83,"u":"4,15 €/KG","img":"https://fd13-photos.leclercdrive.fr/image.ashx?id=2991813&use=l&cat=p&typeid=i","cat":297000},{"id":10406,"n":"Vinaigre d'alcool doux Melfor Miel et infusion plantes - 1L","p":1.61,"u":"1,61 €/L","img":"https://fd13-photos.leclercdrive.fr/image.ashx?id=2289909&use=l&cat=p&typeid=i","cat":298543},{"id":10408,"n":"Boisson végétale Riz nature Bjorg Bio - 1L","p":1.91,"u":"1,91 €/L","img":"https://fd13-photos.leclercdrive.fr/image.ashx?id=2970915&use=l&cat=p&typeid=i","cat":316067},{"id":10417,"n":"AOP Fitou rouge Réserve Saint Esteve - 75cl","p":3.99,"pp":2.79,"u":"3,72 €/L","img":"https://fd13-photos.leclercdrive.fr/image.ashx?id=2407295&use=l&cat=p&typeid=i","cat":289556},{"id":10465,"n":"Adoucissant Hyperdou Pure caresse - 3x250ml","p":1.19,"u":"1,59 €/L","img":"https://fd13-photos.leclercdrive.fr/image.ashx?id=2809078&use=l&cat=p&typeid=i","cat":284650},{"id":10591,"n":"Spray vitrocéramique Clair 500ml","p":3.42,"u":"6,84 €/L","img":"https://fd13-photos.leclercdrive.fr/image.ashx?id=2860073&use=l&cat=p&typeid=i","cat":325363},{"id":10629,"n":"Saucisse Isla Délice Halal - Goût boeuf - 500g","p":2.19,"u":"4,38 €/KG","img":"https://fd13-photos.leclercdrive.fr/image.ashx?id=1747082&use=l&cat=p&typeid=i","cat":316013},{"id":10637,"n":"Crème entière Délisse Fluide - 30% MG - 2x25cl","p":2.72,"u":"5,44 €/L","img":"https://fd13-photos.leclercdrive.fr/image.ashx?id=3002560&use=l&cat=p&typeid=i","cat":284381},{"id":10641,"n":"Yaourts lait entier nature Bio Bio village - 4x125g","p":0.95,"u":"1,90 €/KG","img":"https://fd13-photos.leclercdrive.fr/image.ashx?id=2743831&use=l&cat=p&typeid=i","cat":284409},{"id":10655,"n":"IGP Pays d'Oc rouge Cabernet Sauvignon 12.5% vol - 75cl","p":2.86,"u":"3,81 €/L","img":"https://fd13-photos.leclercdrive.fr/image.ashx?id=2189904&use=l&cat=p&typeid=i","cat":289556},{"id":10674,"n":"Soda Coca-Cola Bouteille - 6x50cl","p":6.39,"u":"2,13 €/L","img":"https://fd13-photos.leclercdrive.fr/image.ashx?id=2885414&use=l&cat=p&typeid=i","cat":284530},{"id":10697,"n":"Sardines huile olive Connétable Sans arrêtes 115g","p":2.65,"u":"23,04 €/KG","img":"https://fd13-photos.leclercdrive.fr/image.ashx?id=2139046&use=l&cat=p&typeid=i","cat":305146},{"id":10703,"n":"Thon blanc entier Connétable Huile d'olive - 160g","p":3.19,"u":"19,94 €/KG","img":"https://fd13-photos.leclercdrive.fr/image.ashx?id=2910127&use=l&cat=p&typeid=i","cat":303867},{"id":10719,"n":"AOP Côtes du Marmandais rouge Vieille Eglise - 6x75cl","p":13.87,"u":"3,08 €/L","img":"https://fd13-photos.leclercdrive.fr/image.ashx?id=1726727&use=l&cat=p&typeid=i","cat":289556},{"id":10720,"n":"Vin mousseux Charles Volner Demi-sec - 11%vol. - 75cl","p":4.05,"u":"5,40 €/L","img":"https://fd13-photos.leclercdrive.fr/image.ashx?id=1592055&use=l&cat=p&typeid=i","cat":284544},{"id":10727,"n":"IGP Pays d'oc blanc Roche Mazet Sauvignon 12% vol - 75 cl","p":3.1,"u":"4,13 €/L","img":"https://fd13-photos.leclercdrive.fr/image.ashx?id=2342024&use=l&cat=p&typeid=i","cat":289557},{"id":10766,"n":"Pain d'épices P'tit Déli 350g","p":1.81,"u":"5,17 €/KG","img":"https://fd13-photos.leclercdrive.fr/image.ashx?id=1938852&use=l&cat=p&typeid=i","cat":284493},{"id":10767,"n":"Riz cantonais Comptoir du Grain Express 2 min - 250g","p":1.19,"u":"4,76 €/KG","img":"https://fd13-photos.leclercdrive.fr/image.ashx?id=2441198&use=l&cat=p&typeid=i","cat":287600},{"id":10781,"n":"Chair de tomate Notre Jardin Nature - 400g","p":1.99,"u":"4,98 €/KG","img":"https://fd13-photos.leclercdrive.fr/image.ashx?id=2590436&use=l&cat=p&typeid=i","cat":312608},{"id":10787,"n":"Huile de colza Bio Village Bio - 75cl","p":3.79,"u":"5,05 €/L","img":"https://fd13-photos.leclercdrive.fr/image.ashx?id=2814450&use=l&cat=p&typeid=i","cat":284453},{"id":10788,"n":"Moutarde de Dijon Bio Village Bio - 200g","p":1.54,"u":"7,70 €/KG","img":"https://fd13-photos.leclercdrive.fr/image.ashx?id=2607954&use=l&cat=p&typeid=i","cat":288850},{"id":10795,"n":"Moutarde de Dijon NRT À l'ancienne - 200g","p":1.39,"u":"6,95 €/KG","img":"https://fd13-photos.leclercdrive.fr/image.ashx?id=2644921&use=l&cat=p&typeid=i","cat":288850},{"id":10796,"n":"Terrine Côté Table Sanglier cognac - 180g","p":2.99,"u":"16,61 €/KG","img":"https://fd13-photos.leclercdrive.fr/image.ashx?id=2519423&use=l&cat=p&typeid=i","cat":305149},{"id":10927,"n":"Noix de cajou grilées Eco+ Salées - 125g","p":1.34,"u":"10,72 €/KG","img":"https://fd13-photos.leclercdrive.fr/image.ashx?id=2839815&use=l&cat=p&typeid=i","cat":284448},{"id":10928,"n":"Mélange Eco+ Graines et raisin - 200g","p":1.45,"u":"7,25 €/KG","img":"https://fd13-photos.leclercdrive.fr/image.ashx?id=2780713&use=l&cat=p&typeid=i","cat":284448},{"id":10929,"n":"Madeleines longues Eco+ 250g","p":0.89,"u":"3,56 €/KG","img":"https://fd13-photos.leclercdrive.fr/image.ashx?id=2875672&use=l&cat=p&typeid=i","cat":284492},{"id":10930,"n":"Chocolat pâtissier Eco+ Spécial dessert 200g","p":1.59,"u":"7,95 €/KG","img":"https://fd13-photos.leclercdrive.fr/image.ashx?id=2793140&use=l&cat=p&typeid=i","cat":285562},{"id":10932,"n":"Sauce tomate cuisinée Eco+ 420g","p":0.8,"u":"1,90 €/KG","img":"https://fd13-photos.leclercdrive.fr/image.ashx?id=2739715&use=l&cat=p&typeid=i","cat":288384},{"id":10933,"n":"Huile olive Eco+ Extra vierge - 1L","p":6.67,"u":"6,67 €/L","img":"https://fd13-photos.leclercdrive.fr/image.ashx?id=3002500&use=l&cat=p&typeid=i","cat":284453},{"id":10938,"n":"Barquette chien Eco+ Au boeuf - 300g","p":0.52,"u":"1,73 €/KG","img":"https://fd13-photos.leclercdrive.fr/image.ashx?id=2052829&use=l&cat=p&typeid=i","cat":284673},{"id":10945,"n":"Boules de graisse Eco+ x6 - 540g","p":0.79,"u":"1,46 €/KG","img":"https://fd13-photos.leclercdrive.fr/image.ashx?id=2220275&use=l&cat=p&typeid=i","cat":284678},{"id":10955,"n":"Blocs WC Eco+ Eau bleue - x2","p":0.65,"u":"0,33 €/P","img":"https://fd13-photos.leclercdrive.fr/image.ashx?id=2399126&use=l&cat=p&typeid=i","cat":284662},{"id":10979,"n":"Haricots Verts Bonduelle Extra-fins 1kg","p":2.73,"u":"2,73 €/KG","img":"https://fd13-photos.leclercdrive.fr/image.ashx?id=2876152&use=l&cat=p&typeid=i","cat":319805},{"id":10994,"n":"Gâteaux P'tit Déli Pépites de chocolat 10x30g","p":1.89,"u":"6,30 €/KG","img":"https://fd13-photos.leclercdrive.fr/image.ashx?id=1947354&use=l&cat=p&typeid=i","cat":284495},{"id":11003,"n":"Compote Douceur du Verger Coupelle pomme poire - 4x100g","p":1.34,"u":"3,35 €/KG","img":"https://fd13-photos.leclercdrive.fr/image.ashx?id=2663488&use=l&cat=p&typeid=i","cat":284508},{"id":11033,"n":"Compote Douceur du Verger Gourdes pomme - 4x90g","p":0.99,"u":"2,75 €/KG","img":"https://fd13-photos.leclercdrive.fr/image.ashx?id=2837042&use=l&cat=p&typeid=i","cat":284508},{"id":11034,"n":"Terrine de campagne Côté Table Porc confit - 2x180g","p":2.79,"u":"7,75 €/KG","img":"https://fd13-photos.leclercdrive.fr/image.ashx?id=2519426&use=l&cat=p&typeid=i","cat":305149},{"id":11037,"n":"Sauce tomate Italienne Zapetti - 3x190g","p":3.52,"u":"6,18 €/KG","img":"https://fd13-photos.leclercdrive.fr/image.ashx?id=2579975&use=l&cat=p&typeid=i","cat":288384},{"id":11042,"n":"Crêpes Côté Table Fromage fondu x20 1kg","p":3.29,"u":"3,29 €/KG","img":"https://fd13-photos.leclercdrive.fr/image.ashx?id=2756849&use=l&cat=p&typeid=i","cat":319776},{"id":11046,"n":"Duo de riz Camargue Bio village Bio  - 500g","p":3.9,"u":"7,80 €/KG","img":"https://fd13-photos.leclercdrive.fr/image.ashx?id=2477008&use=l&cat=p&typeid=i","cat":284428},{"id":11070,"n":"Soupe instantanée Royco  Oignons & Croûtons - 4x200ml","p":1.6,"u":"20,00 €/KG","img":"https://fd13-photos.leclercdrive.fr/image.ashx?id=2650985&use=l&cat=p&typeid=i","cat":293527},{"id":11079,"n":"Brioches fourrées Epi d'Or Chocolat x8 - 310g","p":1.64,"u":"5,29 €/KG","img":"https://fd13-photos.leclercdrive.fr/image.ashx?id=2860730&use=l&cat=p&typeid=i","cat":293505},{"id":11152,"n":"Pomme de terre Ratte du Touquet Nos Régions ont du Talent 1kg","p":1.99,"u":"1,99 €/KG","img":"https://fd13-photos.leclercdrive.fr/image.ashx?id=2581857&use=l&cat=p&typeid=i","cat":284352},{"id":11153,"n":"Truite fumée Ovive Pyrénées 4 tranches - 120g","p":5.73,"u":"47,75 €/KG","img":"https://fd13-photos.leclercdrive.fr/image.ashx?id=2887848&use=l&cat=p&typeid=i","cat":285188},{"id":11178,"n":"Plat bébé soir Blédiner 12 mois Pâtes tomate courgette - 2x200g","p":2.29,"u":"5,73 €/KG","img":"https://fd13-photos.leclercdrive.fr/image.ashx?id=2902966&use=l&cat=p&typeid=i","cat":312239},{"id":11225,"n":"AOP Blaye Côtes de Bordeaux vin rouge Chantet Blanet - BIB 3L","p":11.99,"u":"4,00 €/L","img":"https://fd13-photos.leclercdrive.fr/image.ashx?id=2780719&use=l&cat=p&typeid=i","cat":289560},{"id":11292,"n":"AOC Clairette de Die Jaillance Esprit de terroirTradition 75cl","p":5.95,"u":"7,93 €/L","img":"https://fd13-photos.leclercdrive.fr/image.ashx?id=2453499&use=l&cat=p&typeid=i","cat":284545},{"id":11308,"n":"Couscous Tipiak - Grain moyen Prêt en 4 min - 1kg","p":1.82,"u":"1,82 €/KG","img":"https://fd13-photos.leclercdrive.fr/image.ashx?id=2947826&use=l&cat=p&typeid=i","cat":284429},{"id":11309,"n":"Fromage de Brebis Le Brebiou  Des Pyrénées - 180g","p":3.16,"u":"17,56 €/KG","img":"https://fd13-photos.leclercdrive.fr/image.ashx?id=2472855&use=l&cat=p&typeid=i","cat":314031},{"id":11365,"n":"Crème aux oeufs La Laitière Vanille - 4x100g","p":1.77,"u":"4,43 €/KG","img":"https://fd13-photos.leclercdrive.fr/image.ashx?id=3007987&use=l&cat=p&typeid=i","cat":284419},{"id":11367,"n":"Yaourt à la grecque YAOS Nature - 4x150g","p":2.1,"u":"3,50 €/KG","img":"https://fd13-photos.leclercdrive.fr/image.ashx?id=2365006&use=l&cat=p&typeid=i","cat":314999},{"id":11391,"n":"Crème caramel Bonne Maman Aux oeufs frais - 4x100g","p":2.03,"u":"5,08 €/KG","img":"https://fd13-photos.leclercdrive.fr/image.ashx?id=1987563&use=l&cat=p&typeid=i","cat":284419},{"id":11455,"n":"Pasta Box Sodebo Tortellini Ricotta Épinards - 280g","p":2.76,"u":"9,86 €/KG","img":"https://fd13-photos.leclercdrive.fr/image.ashx?id=2919778&use=l&cat=p&typeid=i","cat":334983},{"id":11464,"n":"Pointe de brie Président Crémeux - 200g","p":1.99,"u":"9,95 €/KG","img":"https://fd13-photos.leclercdrive.fr/image.ashx?id=2029841&use=l&cat=p&typeid=i","cat":314033},{"id":11465,"n":"Beurre La Motte Président Demi-sel - 80%MG - 250g","p":3.19,"u":"12,76 €/KG","img":"https://fd13-photos.leclercdrive.fr/image.ashx?id=2896970&use=l&cat=p&typeid=i","cat":284379},{"id":11481,"n":"Salade Coleslaw Pierre Martinet Chou et carottes rapées - 500g","p":2.2,"u":"4,40 €/KG","img":"https://fd13-photos.leclercdrive.fr/image.ashx?id=2733076&use=l&cat=p&typeid=i","cat":333657},{"id":11490,"n":"Taboulé Pierre Martinet 5 légumes - 500g","p":2.59,"u":"5,18 €/KG","img":"https://fd13-photos.leclercdrive.fr/image.ashx?id=2877901&use=l&cat=p&typeid=i","cat":333657},{"id":11508,"n":"Lait céréales Blédidej 6 mois Biscuit  - 4x250ml","p":3.23,"u":"3,23 €/L","img":"https://fd13-photos.leclercdrive.fr/image.ashx?id=2921040&use=l&cat=p&typeid=i","cat":312226},{"id":11509,"n":"Feuille de brick Tablier Blanc 8 feuilles - 136g","p":0.77,"u":"5,66 €/KG","img":"https://fd13-photos.leclercdrive.fr/image.ashx?id=1938558&use=l&cat=p&typeid=i","cat":333681},{"id":11527,"n":"Essuie-tout blanc Mimosa Super absorbant - x6","p":3.74,"u":"0,62 €/P","img":"https://fd13-photos.leclercdrive.fr/image.ashx?id=2713262&use=l&cat=p&typeid=i","cat":284635},{"id":11587,"n":"Papier toilette Mimosa Rose - Ultra doux - x12","p":2.82,"u":"0,24 €/P","img":"https://fd13-photos.leclercdrive.fr/image.ashx?id=2790919&use=l&cat=p&typeid=i","cat":284634},{"id":11795,"n":"Confiture Andros Fraises - 1kg","p":3.3,"u":"3,30 €/KG","img":"https://fd13-photos.leclercdrive.fr/image.ashx?id=2946892&use=l&cat=p&typeid=i","cat":284480},{"id":11827,"n":"Chewing-gum Regular Hollywood Chlorophylle - 155g","p":2.61,"u":"16,84 €/KG","img":"https://fd13-photos.leclercdrive.fr/image.ashx?id=2682848&use=l&cat=p&typeid=i","cat":304251},{"id":11879,"n":"AOC Côtes du Rhône vin rouge Grégoire XI - BIB 3L","p":9.99,"u":"3,33 €/L","img":"https://fd13-photos.leclercdrive.fr/image.ashx?id=2714980&use=l&cat=p&typeid=i","cat":289560},{"id":11880,"n":"AOC Vouvray brut Les Caractères - 75cl","p":5.99,"u":"7,99 €/L","img":"https://fd13-photos.leclercdrive.fr/image.ashx?id=2801043&use=l&cat=p&typeid=i","cat":284544},{"id":11886,"n":"IGP Pays d'Oc Gris vin rosé Rives & Terrasses 12.5% BIB 3L","p":8.49,"u":"2,83 €/L","img":"https://fd13-photos.leclercdrive.fr/image.ashx?id=2909383&use=l&cat=p&typeid=i","cat":289560},{"id":11895,"n":"AOC Côtes du Rhône vin rouge Grégoire XI - BIB 5L","p":16.49,"u":"3,30 €/L","img":"https://fd13-photos.leclercdrive.fr/image.ashx?id=2710774&use=l&cat=p&typeid=i","cat":289560},{"id":11900,"n":"Arôme naturel de vanille Vahiné 20ml","p":2.2,"u":"110,00 €/L","img":"https://fd13-photos.leclercdrive.fr/image.ashx?id=2559766&use=l&cat=p&typeid=i","cat":284504},{"id":11902,"n":"Arôme amande amère Vahiné 20ml","p":1.18,"u":"59,00 €/L","img":"https://fd13-photos.leclercdrive.fr/image.ashx?id=2559769&use=l&cat=p&typeid=i","cat":284504},{"id":11903,"n":"Arôme naturel de citron Vahiné 20ml","p":1.32,"u":"66,00 €/L","img":"https://fd13-photos.leclercdrive.fr/image.ashx?id=2559772&use=l&cat=p&typeid=i","cat":284504},{"id":11906,"n":"Nappage caramel Vahiné 700g","p":3.46,"u":"4,94 €/KG","img":"https://fd13-photos.leclercdrive.fr/image.ashx?id=2983234&use=l&cat=p&typeid=i","cat":284504},{"id":11908,"n":"Perles multicolores Vahiné 80g","p":1.42,"u":"17,75 €/KG","img":"https://fd13-photos.leclercdrive.fr/image.ashx?id=2524308&use=l&cat=p&typeid=i","cat":284504},{"id":11910,"n":"Colorant alimentaire Vahiné Assortiment x3","p":1.25,"u":"0,42 €/P","img":"https://fd13-photos.leclercdrive.fr/image.ashx?id=2939352&use=l&cat=p&typeid=i","cat":284504},{"id":11917,"n":"Crayon pâtissier Vahiné x1","p":1.63,"img":"https://fd13-photos.leclercdrive.fr/image.ashx?id=2983240&use=l&cat=p&typeid=i","cat":284504},{"id":12000,"n":"Couscous Comptoir du Grain Grain moyen - 5x100g","p":0.84,"u":"1,68 €/KG","img":"https://fd13-photos.leclercdrive.fr/image.ashx?id=3012815&use=l&cat=p&typeid=i","cat":284429},{"id":12012,"n":"Riz Vivien Paille superfino Spécial risotto - 1kg","p":2.87,"u":"2,87 €/KG","img":"https://fd13-photos.leclercdrive.fr/image.ashx?id=2280296&use=l&cat=p&typeid=i","cat":284428},{"id":12014,"n":"Riz Basmati Vivien Paille 1kg","p":3.46,"u":"3,46 €/KG","img":"https://fd13-photos.leclercdrive.fr/image.ashx?id=2326361&use=l&cat=p&typeid=i","cat":284428},{"id":12023,"n":"Préparation brioche Mon Fournil Levure boulangère 1kg","p":2.0,"u":"2,00 €/KG","img":"https://fd13-photos.leclercdrive.fr/image.ashx?id=2378036&use=l&cat=p&typeid=i","cat":284506},{"id":12063,"n":"Rasoirs jetables Bic sensitive 3 lames - x12","p":4.48,"u":"0,37 €/P","img":"https://fd13-photos.leclercdrive.fr/image.ashx?id=2768502&use=l&cat=p&typeid=i","cat":284616},{"id":12078,"n":"Pâte à tartiner Nustikao 400g","p":1.83,"u":"4,58 €/KG","img":"https://fd13-photos.leclercdrive.fr/image.ashx?id=2856411&use=l&cat=p&typeid=i","cat":284481},{"id":12080,"n":"Boisson énergisante X-tense Canette - 25cl","p":0.39,"u":"1,56 €/L","img":"https://fd13-photos.leclercdrive.fr/image.ashx?id=2956041&use=l&cat=p&typeid=i","cat":284533},{"id":12102,"n":"Roquette Notre Jardin  - 125g","p":1.42,"u":"11,36 €/KG","img":"https://fd13-photos.leclercdrive.fr/image.ashx?id=2654465&use=l&cat=p&typeid=i","cat":284353},{"id":12116,"n":"Sauce aigre douce Suzi Wan 400g","p":1.5,"u":"3,75 €/KG","img":"https://fd13-photos.leclercdrive.fr/image.ashx?id=2024300&use=l&cat=p&typeid=i","cat":288992},{"id":12122,"n":"Vermicelles de riz Suzi Wan 250g","p":2.07,"u":"8,28 €/KG","img":"https://fd13-photos.leclercdrive.fr/image.ashx?id=3002183&use=l&cat=p&typeid=i","cat":288992},{"id":12131,"n":"Crème coco Suzi Wan 200ml","p":1.29,"u":"6,45 €/L","img":"https://fd13-photos.leclercdrive.fr/image.ashx?id=2886250&use=l&cat=p&typeid=i","cat":288992},{"id":12236,"n":"Spaghetti d'Alsace NRT 250g","p":1.39,"u":"5,56 €/KG","img":"https://fd13-photos.leclercdrive.fr/image.ashx?id=2839983&use=l&cat=p&typeid=i","cat":284427},{"id":12241,"n":"Pâte à pizza Tablier Blanc Herbes de Provence - 500g","p":1.99,"u":"3,98 €/KG","img":"https://fd13-photos.leclercdrive.fr/image.ashx?id=1731164&use=l&cat=p&typeid=i","cat":333681},{"id":12243,"n":"Rillettes de thon MSC Ronde des mers - 150g","p":1.99,"u":"13,27 €/KG","img":"https://fd13-photos.leclercdrive.fr/image.ashx?id=2644873&use=l&cat=p&typeid=i","cat":285191},{"id":12249,"n":"Torsades d'Alsace NRT 250g","p":1.39,"u":"5,56 €/KG","img":"https://fd13-photos.leclercdrive.fr/image.ashx?id=2839980&use=l&cat=p&typeid=i","cat":284427},{"id":12258,"n":"Gros sel de l'Ile de Ré NRT Sachet -1kg","p":1.69,"u":"1,69 €/KG","img":"https://fd13-photos.leclercdrive.fr/image.ashx?id=2644912&use=l&cat=p&typeid=i","cat":284457},{"id":12259,"n":"Fromage Mimolette vieille NRT  Label Rouge  - 200g","p":3.65,"u":"18,25 €/KG","img":"https://fd13-photos.leclercdrive.fr/image.ashx?id=2934829&use=l&cat=p&typeid=i","cat":314034},{"id":12261,"n":"Double concentré tomates Turini 3X70g","p":2.15,"u":"10,24 €/KG","img":"https://fd13-photos.leclercdrive.fr/image.ashx?id=3012394&use=l&cat=p&typeid=i","cat":288384},{"id":12342,"n":"Sucettes Chupa Chups Fresh cola - 192g","p":1.99,"u":"10,36 €/KG","img":"https://fd13-photos.leclercdrive.fr/image.ashx?id=2149489&use=l&cat=p&typeid=i","cat":304252},{"id":12362,"n":"Thon entier Pêche Océan Naturel - 2x140g","p":3.75,"u":"13,39 €/KG","img":"https://fd13-photos.leclercdrive.fr/image.ashx?id=2941423&use=l&cat=p&typeid=i","cat":303867},{"id":12363,"n":"Thon entier Pêche Océan Naturel - 3x93g","p":3.99,"u":"14,30 €/KG","img":"https://fd13-photos.leclercdrive.fr/image.ashx?id=2941411&use=l&cat=p&typeid=i","cat":303867},{"id":12365,"n":"Couscous royal Côté Table Volaille et merguez 980g","p":3.69,"u":"3,77 €/KG","img":"https://fd13-photos.leclercdrive.fr/image.ashx?id=2977144&use=l&cat=p&typeid=i","cat":325094},{"id":12373,"n":"Moutarde Rustica Mi-forte - 415g","p":1.28,"u":"3,08 €/KG","img":"https://fd13-photos.leclercdrive.fr/image.ashx?id=1961437&use=l&cat=p&typeid=i","cat":288850},{"id":12374,"n":"Purée de tomates Turini 3x200g","p":1.19,"u":"1,98 €/KG","img":"https://fd13-photos.leclercdrive.fr/image.ashx?id=2174684&use=l&cat=p&typeid=i","cat":288384},{"id":12376,"n":"Pâtes Alphabet Turini 500g","p":0.99,"u":"1,98 €/KG","img":"https://fd13-photos.leclercdrive.fr/image.ashx?id=2980797&use=l&cat=p&typeid=i","cat":284427},{"id":12380,"n":"Infusion Tiséa Digestion facilitée x25","p":0.99,"u":"24,75 €/KG","img":"https://fd13-photos.leclercdrive.fr/image.ashx?id=2696253&use=l&cat=p&typeid=i","cat":293234},{"id":12391,"n":"Sirop Frucci Fraise - 1L","p":3.5,"u":"3,50 €/L","img":"https://fd13-photos.leclercdrive.fr/image.ashx?id=2954076&use=l&cat=p&typeid=i","cat":295020},{"id":12394,"n":"Nectar Jafaden Abricot - 4x20cl","p":2.68,"u":"3,35 €/L","img":"https://fd13-photos.leclercdrive.fr/image.ashx?id=2955674&use=l&cat=p&typeid=i","cat":284524},{"id":12397,"n":"Vin mousseux d'Union Européenne Brut Blazer - 75 cl","p":3.15,"u":"4,20 €/L","img":"https://fd13-photos.leclercdrive.fr/image.ashx?id=2623950&use=l&cat=p&typeid=i","cat":284544},{"id":12398,"n":"Vin mousseux d'Union Européenne  Demi-sec Blazer - 75cl","p":3.19,"u":"4,25 €/L","img":"https://fd13-photos.leclercdrive.fr/image.ashx?id=2623953&use=l&cat=p&typeid=i","cat":284544},{"id":12402,"n":"Crème de mûres Auguste Muniot 15%vol. - 50cl","p":4.58,"u":"9,16 €/L","img":"https://fd13-photos.leclercdrive.fr/image.ashx?id=2541525&use=l&cat=p&typeid=i","cat":286032},{"id":12422,"n":"Jus de citron vert Rustica 2x12,5cll","p":1.31,"u":"5,24 €/L","img":"https://fd13-photos.leclercdrive.fr/image.ashx?id=794007&use=l&cat=p&typeid=i","cat":288383},{"id":12426,"n":"Pâtes Cheveux d'anges Turini 1kg","p":1.61,"u":"1,61 €/KG","img":"https://fd13-photos.leclercdrive.fr/image.ashx?id=2980791&use=l&cat=p&typeid=i","cat":284427},{"id":12437,"n":"Sel fin de l'île de Ré NRT 250g","p":1.35,"u":"5,40 €/KG","img":"https://fd13-photos.leclercdrive.fr/image.ashx?id=2644909&use=l&cat=p&typeid=i","cat":284457},{"id":12438,"n":"Vinaigre Balsamique MAILLE Velours de Modène - 25cl","p":3.33,"u":"13,32 €/L","img":"https://fd13-photos.leclercdrive.fr/image.ashx?id=2889994&use=l&cat=p&typeid=i","cat":298543},{"id":12441,"n":"Moutarde Amora Fine et douce  - 435g","p":1.74,"u":"4,00 €/KG","img":"https://fd13-photos.leclercdrive.fr/image.ashx?id=2507608&use=l&cat=p&typeid=i","cat":288850},{"id":12451,"n":"Thé glacé Fresh Tea Pêche - Brique - 6x20cl","p":2.43,"u":"2,03 €/L","img":"https://fd13-photos.leclercdrive.fr/image.ashx?id=2622248&use=l&cat=p&typeid=i","cat":295019},{"id":12453,"n":"Soda Jean's Cola sans Caféine Zéro - Bouteille - 1,5L","p":0.96,"u":"0,64 €/L","img":"https://fd13-photos.leclercdrive.fr/image.ashx?id=2637865&use=l&cat=p&typeid=i","cat":284530},{"id":12464,"n":"Soda Jean's Cola Zéro Bouteille - 1,5L","p":0.45,"u":"0,30 €/L","img":"https://fd13-photos.leclercdrive.fr/image.ashx?id=2637883&use=l&cat=p&typeid=i","cat":284530},{"id":12467,"n":"Jus multifruits Jafaden Pur jus - 1L","p":1.99,"u":"1,99 €/L","img":"https://fd13-photos.leclercdrive.fr/image.ashx?id=2958705&use=l&cat=p&typeid=i","cat":284917},{"id":12469,"n":"100% Pur jus d'orange Jafaden  Sans pulpe - 1L","p":1.99,"u":"1,99 €/L","img":"https://fd13-photos.leclercdrive.fr/image.ashx?id=2842477&use=l&cat=p&typeid=i","cat":284521},{"id":12470,"n":"Pur Jus de raisin Bio Village Bio - 1L","p":2.29,"u":"2,29 €/L","img":"https://fd13-photos.leclercdrive.fr/image.ashx?id=2901518&use=l&cat=p&typeid=i","cat":284915},{"id":12471,"n":"Thon entier Pêche Océan Huile de tournesol - 160g","p":1.63,"u":"10,19 €/KG","img":"https://fd13-photos.leclercdrive.fr/image.ashx?id=2941399&use=l&cat=p&typeid=i","cat":303867},{"id":12477,"n":"Cassoulet Saucisse de Toulouse Côté Table - 420g","p":2.11,"u":"5,02 €/KG","img":"https://fd13-photos.leclercdrive.fr/image.ashx?id=2977861&use=l&cat=p&typeid=i","cat":284440},{"id":12501,"n":"Café soluble Plantation Sélection - 200g","p":4.53,"u":"22,65 €/KG","img":"https://fd13-photos.leclercdrive.fr/image.ashx?id=2834266&use=l&cat=p&typeid=i","cat":284843},{"id":12506,"n":"Marshmallows Copains Copines Vanille 300g","p":1.25,"u":"4,17 €/KG","img":"https://fd13-photos.leclercdrive.fr/image.ashx?id=2934646&use=l&cat=p&typeid=i","cat":304250},{"id":12512,"n":"Vinaigre de vin aux noix Maille - 50cl","p":1.88,"u":"3,76 €/L","img":"https://fd13-photos.leclercdrive.fr/image.ashx?id=2875999&use=l&cat=p&typeid=i","cat":298543},{"id":12513,"n":"Cornichons Maille Malossol A la russe 440g","p":3.78,"u":"8,59 €/KG","img":"https://fd13-photos.leclercdrive.fr/image.ashx?id=2076023&use=l&cat=p&typeid=i","cat":284458},{"id":12521,"n":"Miettes de thon Pêche Océan Huile de tournesol - 3x80g","p":2.35,"u":"9,79 €/KG","img":"https://fd13-photos.leclercdrive.fr/image.ashx?id=2943608&use=l&cat=p&typeid=i","cat":303867},{"id":12527,"n":"Chocolat Pâtissier Tablette dOr Noir - 200g","p":1.79,"u":"8,95 €/KG","img":"https://fd13-photos.leclercdrive.fr/image.ashx?id=2723356&use=l&cat=p&typeid=i","cat":285562},{"id":12532,"n":"Café en grains Plantation Tradition - 1kg","p":10.15,"u":"10,15 €/KG","img":"https://fd13-photos.leclercdrive.fr/image.ashx?id=2856405&use=l&cat=p&typeid=i","cat":293237},{"id":12549,"n":"Rasoirs jetables Venus Gillette Simply Venus 2 - x10","p":3.5,"u":"0,35 €/P","img":"https://fd13-photos.leclercdrive.fr/image.ashx?id=2881789&use=l&cat=p&typeid=i","cat":325352},{"id":12551,"n":"Raviolis légumes Bio Village Bio - 700g","p":2.53,"u":"3,61 €/KG","img":"https://fd13-photos.leclercdrive.fr/image.ashx?id=2717252&use=l&cat=p&typeid=i","cat":284442},{"id":12555,"n":"Mogette cuite au naturel NRT De Vendée - 530g","p":3.19,"u":"6,02 €/KG","img":"https://fd13-photos.leclercdrive.fr/image.ashx?id=2771025&use=l&cat=p&typeid=i","cat":312606},{"id":12557,"n":"Vinaigrette Rustica Echalote - 50cl","p":1.27,"u":"2,54 €/L","img":"https://fd13-photos.leclercdrive.fr/image.ashx?id=1972901&use=l&cat=p&typeid=i","cat":284456},{"id":12564,"n":"Châtaignes Notre Jardin Entières - 420g","p":5.09,"u":"12,12 €/KG","img":"https://fd13-photos.leclercdrive.fr/image.ashx?id=1965527&use=l&cat=p&typeid=i","cat":312612},{"id":12573,"n":"Eponges Mamison salle de bain Décorées x2","p":0.99,"u":"0,50 €/P","img":"https://fd13-photos.leclercdrive.fr/image.ashx?id=2199055&use=l&cat=p&typeid=i","cat":284667},{"id":12581,"n":"Soupe Déshydratée Thaï KNORR Nouilles & Champignons - 70cl","p":1.35,"u":"1,93 €/L","img":"https://fd13-photos.leclercdrive.fr/image.ashx?id=2772554&use=l&cat=p&typeid=i","cat":284463},{"id":12584,"n":"Pain grillé bio Bio Village Blé complet x12 - 250g","p":1.77,"u":"7,08 €/KG","img":"https://fd13-photos.leclercdrive.fr/image.ashx?id=2619749&use=l&cat=p&typeid=i","cat":284479},{"id":12587,"n":"Compote Douceur du Verger Gourdes multivariétés - 12x90g","p":3.93,"u":"3,64 €/KG","img":"https://fd13-photos.leclercdrive.fr/image.ashx?id=2837039&use=l&cat=p&typeid=i","cat":284508},{"id":12588,"n":"Sel régénérant Visior Lave-vaisselle - 4x1kg","p":2.69,"u":"0,67 €/KG","img":"https://fd13-photos.leclercdrive.fr/image.ashx?id=2463401&use=l&cat=p&typeid=i","cat":284657},{"id":12591,"n":"Soupe déshydratée Knorr 9 légumes - 75cl","p":0.94,"u":"1,25 €/L","img":"https://fd13-photos.leclercdrive.fr/image.ashx?id=2790585&use=l&cat=p&typeid=i","cat":284463},{"id":12593,"n":"Soupe déshydratée Knorr 9 légumes - 105g","p":0.93,"u":"8,86 €/KG","img":"https://fd13-photos.leclercdrive.fr/image.ashx?id=2875930&use=l&cat=p&typeid=i","cat":284463},{"id":12601,"n":"Oignon Rustica Coupés - 100g","p":2.14,"u":"21,40 €/KG","img":"https://fd13-photos.leclercdrive.fr/image.ashx?id=2365466&use=l&cat=p&typeid=i","cat":319804},{"id":12602,"n":"Ciboulette Rustica Coupé - 50g","p":1.65,"u":"33,00 €/KG","img":"https://fd13-photos.leclercdrive.fr/image.ashx?id=2365460&use=l&cat=p&typeid=i","cat":319804},{"id":12605,"n":"Cornichons Maille Le Mini 210g","p":2.97,"u":"14,14 €/KG","img":"https://fd13-photos.leclercdrive.fr/image.ashx?id=2877310&use=l&cat=p&typeid=i","cat":284458},{"id":12606,"n":"Marmite bouillon Knorr Poule - 224g","p":2.09,"u":"9,33 €/KG","img":"https://fd13-photos.leclercdrive.fr/image.ashx?id=2960288&use=l&cat=p&typeid=i","cat":288379},{"id":12611,"n":"Crozets au Sarrasin NRT 400g","p":2.3,"u":"5,75 €/KG","img":"https://fd13-photos.leclercdrive.fr/image.ashx?id=2856220&use=l&cat=p&typeid=i","cat":284427},{"id":12627,"n":"Crème Nourrissante Karité Dop Cheveux très sec, frisé - 300ml","p":2.87,"u":"9,57 €/L","img":"https://fd13-photos.leclercdrive.fr/image.ashx?id=590700&use=l&cat=p&typeid=i","cat":284608},{"id":12634,"n":"Olives de Nyons AOP NRT Noires - 230g","p":3.48,"u":"15,13 €/KG","img":"https://fd13-photos.leclercdrive.fr/image.ashx?id=2704888&use=l&cat=p&typeid=i","cat":284458},{"id":12668,"n":"Pizza Cuite sur pierre Turini Jambon fromage - 3x350g","p":6.22,"u":"5,92 €/KG","img":"https://fd13-photos.leclercdrive.fr/image.ashx?id=2815232&use=l&cat=p&typeid=i","cat":284256},{"id":12669,"n":"Sauce Burger AMORA 260g","p":1.57,"u":"6,04 €/KG","img":"https://fd13-photos.leclercdrive.fr/image.ashx?id=2893853&use=l&cat=p&typeid=i","cat":318431},{"id":12670,"n":"Basilic Rustica Coupé - 50g","p":1.69,"u":"33,80 €/KG","img":"https://fd13-photos.leclercdrive.fr/image.ashx?id=2365463&use=l&cat=p&typeid=i","cat":319804},{"id":12674,"n":"Nids d'Alsace NRT 250g","p":1.39,"u":"5,56 €/KG","img":"https://fd13-photos.leclercdrive.fr/image.ashx?id=2839968&use=l&cat=p&typeid=i","cat":284427},{"id":12675,"n":"Pizza Cuite sur pierre Turini 4 fromages - 400g","p":2.71,"u":"6,78 €/KG","img":"https://fd13-photos.leclercdrive.fr/image.ashx?id=2815229&use=l&cat=p&typeid=i","cat":284256},{"id":12676,"n":"Pizza Cuite sur pierre Turini Chorizo - 400g","p":2.69,"u":"6,73 €/KG","img":"https://fd13-photos.leclercdrive.fr/image.ashx?id=2815226&use=l&cat=p&typeid=i","cat":284256},{"id":12684,"n":"Filets d'Anchois Pêche Océan Marinés à la provençale - 100g","p":1.99,"u":"19,90 €/KG","img":"https://fd13-photos.leclercdrive.fr/image.ashx?id=2993567&use=l&cat=p&typeid=i","cat":285190},{"id":12685,"n":"Biscuit P'tit Beurres chocolait P'tit Déli 268g","p":2.69,"u":"10,04 €/KG","img":"https://fd13-photos.leclercdrive.fr/image.ashx?id=2473975&use=l&cat=p&typeid=i","cat":284488},{"id":12691,"n":"Pizza Familiale 4 from. Turini Cuite sur pierre - 570g","p":3.7,"u":"6,49 €/KG","img":"https://fd13-photos.leclercdrive.fr/image.ashx?id=2815220&use=l&cat=p&typeid=i","cat":284256},{"id":12702,"n":"Poisson pané Pêche Océan Tomate - MSC - x8 - 600g","p":4.29,"u":"7,15 €/KG","img":"https://fd13-photos.leclercdrive.fr/image.ashx?id=2930111&use=l&cat=p&typeid=i","cat":319788},{"id":12706,"n":"Dentifrice Dentamyl Soin complet 75ml","p":0.76,"u":"10,13 €/L","img":"https://fd13-photos.leclercdrive.fr/image.ashx?id=2276480&use=l&cat=p&typeid=i","cat":284612},{"id":12733,"n":"Bacon Herta superposé x15 150g","p":2.07,"u":"13,80 €/KG","img":"https://fd13-photos.leclercdrive.fr/image.ashx?id=2889325&use=l&cat=p&typeid=i","cat":316007},{"id":12739,"n":"Friand viande Côté Table 2x110g","p":1.65,"u":"7,50 €/KG","img":"https://fd13-photos.leclercdrive.fr/image.ashx?id=2820436&use=l&cat=p&typeid=i","cat":333671},{"id":12752,"n":"Filet Poulet blanc LR X2  IGP Volailles du Maine  - 240g","p":6.36,"u":"26,50 €/KG","img":"https://fd13-photos.leclercdrive.fr/image.ashx?id=2250558&use=l&cat=p&typeid=i","cat":284336},{"id":12816,"n":"Dentifrice blancheur Dentamyl Soin complet 75ml","p":0.98,"u":"13,07 €/L","img":"https://fd13-photos.leclercdrive.fr/image.ashx?id=2489110&use=l&cat=p&typeid=i","cat":284612},{"id":12916,"n":"Infusion bio Bio Village Digestion x20 - 30g","p":1.55,"u":"51,67 €/KG","img":"https://fd13-photos.leclercdrive.fr/image.ashx?id=2696286&use=l&cat=p&typeid=i","cat":293234},{"id":12917,"n":"Infusion bio Bio Village Pour le soir x20 - 30g","p":1.75,"u":"58,33 €/KG","img":"https://fd13-photos.leclercdrive.fr/image.ashx?id=2646020&use=l&cat=p&typeid=i","cat":293234},{"id":12927,"n":"Tapenade verte NRT à la provençale - 90g","p":2.5,"u":"27,78 €/KG","img":"https://fd13-photos.leclercdrive.fr/image.ashx?id=2991154&use=l&cat=p&typeid=i","cat":315999},{"id":12928,"n":"Tapenade noire NRT à la provençale - 90g","p":2.5,"u":"27,78 €/KG","img":"https://fd13-photos.leclercdrive.fr/image.ashx?id=2991085&use=l&cat=p&typeid=i","cat":315999},{"id":12932,"n":"Escargots Maître Coquilles Préparés moyens x48 - 270g","p":10.99,"u":"40,70 €/KG","img":"https://fd13-photos.leclercdrive.fr/image.ashx?id=1979677&use=l&cat=p&typeid=i","cat":319775},{"id":12965,"n":"Crêpes dentelles chocolat NRT 100g","p":1.82,"u":"18,20 €/KG","img":"https://fd13-photos.leclercdrive.fr/image.ashx?id=2770265&use=l&cat=p&typeid=i","cat":284490},{"id":12966,"n":"Assortiment biscuits fins P'tit Déli 200g","p":2.39,"u":"11,95 €/KG","img":"https://fd13-photos.leclercdrive.fr/image.ashx?id=2554578&use=l&cat=p&typeid=i","cat":284490},{"id":13206,"n":"Feuilles simples Esquisse Perforées 17x22cm x200","p":1.4,"u":"0,01 €/P","img":"https://fd13-photos.leclercdrive.fr/image.ashx?id=1928761&use=l&cat=p&typeid=i","cat":284697},{"id":13207,"n":"Crayon à papier HB Eco+ x10","p":0.41,"img":"https://fd13-photos.leclercdrive.fr/image.ashx?id=1929747&use=l&cat=p&typeid=i","cat":284696},{"id":13253,"n":"Crayons de couleur Esquisse x18","p":1.45,"u":"0,08 €/P","img":"https://fd13-photos.leclercdrive.fr/image.ashx?id=2943169&use=l&cat=p&typeid=i","cat":284696},{"id":13300,"n":"Tube de colle liquide Esquisse Transparente gel - 30ml","p":1.1,"u":"36,67 €/L","img":"https://fd13-photos.leclercdrive.fr/image.ashx?id=1928779&use=l&cat=p&typeid=i","cat":334133},{"id":13308,"n":"Chemises Esquisse 24x32cm x15","p":3.3,"img":"https://fd13-photos.leclercdrive.fr/image.ashx?id=1678706&use=l&cat=p&typeid=i","cat":284745},{"id":13342,"n":"Thon entier Le Savoureux Huile d'olive - 160g","p":3.23,"u":"20,19 €/KG","img":"https://fd13-photos.leclercdrive.fr/image.ashx?id=2960159&use=l&cat=p&typeid=i","cat":303867},{"id":13356,"n":"IGP Fleur de sel Le Guérandais Tradition -  125g","p":2.68,"u":"21,44 €/KG","img":"https://fd13-photos.leclercdrive.fr/image.ashx?id=2457881&use=l&cat=p&typeid=i","cat":284457},{"id":13425,"n":"Beurre Moulé Paysan Breton Demi-sel - 80% MG - 500g","p":6.24,"u":"12,48 €/KG","img":"https://fd13-photos.leclercdrive.fr/image.ashx?id=2774499&use=l&cat=p&typeid=i","cat":284379},{"id":13428,"n":"Beurre Moulé Paysan Breton Demi-sel - 80% MG - 125g","p":1.76,"u":"14,08 €/KG","img":"https://fd13-photos.leclercdrive.fr/image.ashx?id=2939766&use=l&cat=p&typeid=i","cat":284379},{"id":13503,"n":"Biscottes bio Bio Village Au germe de blé x36 - 300g","p":1.99,"u":"6,63 €/KG","img":"https://fd13-photos.leclercdrive.fr/image.ashx?id=2634881&use=l&cat=p&typeid=i","cat":284479},{"id":13532,"n":"Purée pomme de terre Pom'lisse Saveur d'antan - 4x125g - 500g","p":2.49,"u":"4,98 €/KG","img":"https://fd13-photos.leclercdrive.fr/image.ashx?id=2929867&use=l&cat=p&typeid=i","cat":284431},{"id":13585,"n":"Fleur de sel de l'Ile de Ré NRT 125g","p":2.49,"u":"19,92 €/KG","img":"https://fd13-photos.leclercdrive.fr/image.ashx?id=2644915&use=l&cat=p&typeid=i","cat":284457},{"id":13589,"n":"Fromage Brillat Savarin NRT  IGP - 200g","p":3.39,"u":"16,95 €/KG","img":"https://fd13-photos.leclercdrive.fr/image.ashx?id=2771064&use=l&cat=p&typeid=i","cat":329558},{"id":13604,"n":"Poissons panés au fromage Pêche Océan MSC - 180g","p":1.89,"u":"10,50 €/KG","img":"https://fd13-photos.leclercdrive.fr/image.ashx?id=2953608&use=l&cat=p&typeid=i","cat":284344},{"id":13613,"n":"Feuilles blanches A4 Eco+ x500 - 80g","p":3.99,"u":"49,88 €/KG","img":"https://fd13-photos.leclercdrive.fr/image.ashx?id=2943130&use=l&cat=p&typeid=i","cat":284697},{"id":13637,"n":"Aiguillette poulet Le Gaulois Blanc - 210g","p":3.99,"u":"19,00 €/KG","img":"https://fd13-photos.leclercdrive.fr/image.ashx?id=2239564&use=l&cat=p&typeid=i","cat":284336},{"id":13639,"n":"Nougat tendre de Montélimar NRT  sachet 200g","p":3.49,"u":"17,45 €/KG","img":"https://fd13-photos.leclercdrive.fr/image.ashx?id=1072714&use=l&cat=p&typeid=i","cat":304249},{"id":13648,"n":"Biscuit Croc Break P'tit Déli Lait et goût chocolat - 300g","p":1.24,"u":"4,13 €/KG","img":"https://fd13-photos.leclercdrive.fr/image.ashx?id=719346&use=l&cat=p&typeid=i","cat":284488},{"id":13649,"n":"Pansement Primoplast Cicatrisant hydrocolloïde x8","p":5.95,"img":"https://fd13-photos.leclercdrive.fr/image.ashx?id=2856480&use=l&cat=p&typeid=i","cat":284630},{"id":13650,"n":"Gel à l'arnica Primoplast 50g","p":1.62,"u":"32,40 €/KG","img":"https://fd13-photos.leclercdrive.fr/image.ashx?id=2856477&use=l&cat=p&typeid=i","cat":284630},{"id":13663,"n":"Mini-crêpes fourrées Tokapi  Comté - 65g","p":1.96,"u":"30,15 €/KG","img":"https://fd13-photos.leclercdrive.fr/image.ashx?id=2853892&use=l&cat=p&typeid=i","cat":297000},{"id":13681,"n":"Pâté pur porc Côtés Table 2 Foie 1 campagne - 3x78g","p":1.9,"u":"8,12 €/KG","img":"https://fd13-photos.leclercdrive.fr/image.ashx?id=2518505&use=l&cat=p&typeid=i","cat":305149},{"id":13682,"n":"Pâté de campagne Côté Table Pur porc - 3x78g","p":1.85,"u":"7,91 €/KG","img":"https://fd13-photos.leclercdrive.fr/image.ashx?id=2478763&use=l&cat=p&typeid=i","cat":305149},{"id":13683,"n":"Pâté de foie Côté Table Pur porc - 3x78g","p":1.99,"u":"8,50 €/KG","img":"https://fd13-photos.leclercdrive.fr/image.ashx?id=2518502&use=l&cat=p&typeid=i","cat":305149},{"id":13684,"n":"Bouillon de légumes Rustica Cubes - 12x10g","p":0.67,"u":"5,58 €/KG","img":"https://fd13-photos.leclercdrive.fr/image.ashx?id=1753198&use=l&cat=p&typeid=i","cat":288379},{"id":13685,"n":"Bouillon de volaille Rustica Cubes - 12x10g","p":0.8,"u":"6,67 €/KG","img":"https://fd13-photos.leclercdrive.fr/image.ashx?id=1880027&use=l&cat=p&typeid=i","cat":288379},{"id":13686,"n":"Bouillon Pot au feu Rustica Cubes - 12x10g","p":1.39,"u":"11,58 €/KG","img":"https://fd13-photos.leclercdrive.fr/image.ashx?id=1880024&use=l&cat=p&typeid=i","cat":288379},{"id":13693,"n":"Gaufrettes fourrées Tokapi Chèvre et poivre - 75g","p":1.29,"u":"17,20 €/KG","img":"https://fd13-photos.leclercdrive.fr/image.ashx?id=2067944&use=l&cat=p&typeid=i","cat":297000},{"id":13694,"n":"Riz long Comptoir du Grain 500g","p":1.47,"u":"2,94 €/KG","img":"https://fd13-photos.leclercdrive.fr/image.ashx?id=2886534&use=l&cat=p&typeid=i","cat":284428},{"id":13696,"n":"Soufflés Snack's Tokapi Cacahuète - 90g","p":0.47,"u":"5,22 €/KG","img":"https://fd13-photos.leclercdrive.fr/image.ashx?id=2677026&use=l&cat=p&typeid=i","cat":284449},{"id":13698,"n":"Légumes couscous Notre Jardin 400g","p":1.43,"u":"3,58 €/KG","img":"https://fd13-photos.leclercdrive.fr/image.ashx?id=2854216&use=l&cat=p&typeid=i","cat":312612},{"id":13703,"n":"Petits pois Notre Jardin A l'étuvée - Très fins - 560g","p":1.29,"u":"2,30 €/KG","img":"https://fd13-photos.leclercdrive.fr/image.ashx?id=2691018&use=l&cat=p&typeid=i","cat":312607},{"id":13711,"n":"Croquettes chat Ultima Stérilisé - Poulet - 1.5kg","p":6.33,"u":"4,22 €/KG","img":"https://fd13-photos.leclercdrive.fr/image.ashx?id=2886385&use=l&cat=p&typeid=i","cat":284680},{"id":13715,"n":"Croquettes chat Purina One Stérilisé - Boeuf/Blé-1.5kg","p":7.03,"u":"4,69 €/KG","img":"https://fd13-photos.leclercdrive.fr/image.ashx?id=2488040&use=l&cat=p&typeid=i","cat":284680},{"id":13719,"n":"Croquettes chat Purina One Adulte - Poulet/Céréales -1.5kg","p":6.51,"u":"4,34 €/KG","img":"https://fd13-photos.leclercdrive.fr/image.ashx?id=2537682&use=l&cat=p&typeid=i","cat":284680},{"id":13722,"n":"Croquettes chat Ultima Stérilisé - Saumon - 1.5kg","p":6.33,"u":"4,22 €/KG","img":"https://fd13-photos.leclercdrive.fr/image.ashx?id=2921897&use=l&cat=p&typeid=i","cat":284680},{"id":13731,"n":"Barquettes chats Gourmet Gold Les mousselines - 12x85g","p":5.48,"u":"5,37 €/KG","img":"https://fd13-photos.leclercdrive.fr/image.ashx?id=2967046&use=l&cat=p&typeid=i","cat":285286},{"id":13733,"n":"Barquettes chats Gourmet Gold Les terrines - 12x85g","p":5.42,"u":"5,31 €/KG","img":"https://fd13-photos.leclercdrive.fr/image.ashx?id=2979069&use=l&cat=p&typeid=i","cat":285286},{"id":13742,"n":"Tablette chocolat Côte d'Or Truffé noir - 190g","p":3.67,"u":"19,32 €/KG","img":"https://fd13-photos.leclercdrive.fr/image.ashx?id=2938932&use=l&cat=p&typeid=i","cat":284956},{"id":13770,"n":"Croissants surgelés Epi d'Or Cuisson four - 6x60g","p":2.58,"u":"7,17 €/KG","img":"https://fd13-photos.leclercdrive.fr/image.ashx?id=2900088&use=l&cat=p&typeid=i","cat":284267},{"id":13776,"n":"Mouchoirs blancs 3 plis Caresse Boîte - x110","p":1.35,"u":"0,01 €/P","img":"https://fd13-photos.leclercdrive.fr/image.ashx?id=2858784&use=l&cat=p&typeid=i","cat":284638},{"id":13777,"n":"Lingettes bébé Eco+ Epaisses - x72","p":0.72,"u":"0,01 €/P","img":"https://fd13-photos.leclercdrive.fr/image.ashx?id=2874672&use=l&cat=p&typeid=i","cat":284738},{"id":13781,"n":"Salade Notre Jardin Laitue iceberg - 450g","p":1.33,"u":"2,96 €/KG","img":"https://fd13-photos.leclercdrive.fr/image.ashx?id=2938409&use=l&cat=p&typeid=i","cat":284353},{"id":13782,"n":"Déodorant Manava anti-traces 200ml","p":1.29,"u":"6,45 €/L","img":"https://fd13-photos.leclercdrive.fr/image.ashx?id=2692952&use=l&cat=p&typeid=i","cat":284595},{"id":13784,"n":"Gel douche et shampooing Carré Homme Energisante - 250ml","p":1.15,"u":"4,60 €/L","img":"https://fd13-photos.leclercdrive.fr/image.ashx?id=2927845&use=l&cat=p&typeid=i","cat":284619},{"id":13785,"n":"Shampooing Vitanove Réparateur - 250ml","p":1.45,"u":"5,80 €/L","img":"https://fd13-photos.leclercdrive.fr/image.ashx?id=1879257&use=l&cat=p&typeid=i","cat":284606},{"id":13787,"n":"Shampooing Vitanove Extra Color - 250ml","p":1.56,"u":"6,24 €/L","img":"https://fd13-photos.leclercdrive.fr/image.ashx?id=1889779&use=l&cat=p&typeid=i","cat":284606},{"id":13788,"n":"Après-shampooing Vitanove Extra color - 200ml","p":1.38,"u":"6,90 €/L","img":"https://fd13-photos.leclercdrive.fr/image.ashx?id=2618302&use=l&cat=p&typeid=i","cat":284607},{"id":13975,"n":"Salade Notre Jardin Mâche - 200g","p":1.52,"u":"7,60 €/KG","img":"https://fd13-photos.leclercdrive.fr/image.ashx?id=2662583&use=l&cat=p&typeid=i","cat":284353},{"id":13987,"n":"Bande cohésive Primoplast 2.5m x 6cm","p":2.75,"img":"https://fd13-photos.leclercdrive.fr/image.ashx?id=2955677&use=l&cat=p&typeid=i","cat":284630},{"id":13992,"n":"Recharge savon mains Manava Gel lavande - 250ml","p":0.69,"u":"2,76 €/L","img":"https://fd13-photos.leclercdrive.fr/image.ashx?id=2935477&use=l&cat=p&typeid=i","cat":284597},{"id":13995,"n":"Bandes extensibles Primoplast 4mx6cm - x2","p":1.29,"img":"https://fd13-photos.leclercdrive.fr/image.ashx?id=2856444&use=l&cat=p&typeid=i","cat":284630},{"id":13998,"n":"Pâte feuilletée Eco+ A dérouler - 230g","p":0.53,"u":"2,30 €/KG","img":"https://fd13-photos.leclercdrive.fr/image.ashx?id=2794178&use=l&cat=p&typeid=i","cat":333681},{"id":14007,"n":"Jambon de Bayonne IGP NRT 4 Grandes Tranches - 120g","p":3.63,"u":"30,25 €/KG","img":"https://fd13-photos.leclercdrive.fr/image.ashx?id=2207661&use=l&cat=p&typeid=i","cat":316007},{"id":14018,"n":"Chocolat Pâtissier Tablette dOr Noir corsé - 64% cacao - 200g","p":2.09,"u":"10,45 €/KG","img":"https://fd13-photos.leclercdrive.fr/image.ashx?id=3005537&use=l&cat=p&typeid=i","cat":285562},{"id":14023,"n":"Rasoir Carré Homme 3 lames - x1","p":3.99,"img":"https://fd13-photos.leclercdrive.fr/image.ashx?id=2704621&use=l&cat=p&typeid=i","cat":284616},{"id":14027,"n":"Lingettes Hygiène intime Doulys x20","p":1.8,"img":"https://fd13-photos.leclercdrive.fr/image.ashx?id=1760077&use=l&cat=p&typeid=i","cat":284627},{"id":14029,"n":"Fromage Neufchâtel AOP  Nos Régions ont du Talent 200g","p":2.67,"u":"13,35 €/KG","img":"https://fd13-photos.leclercdrive.fr/image.ashx?id=2071227&use=l&cat=p&typeid=i","cat":329558},{"id":14031,"n":"Crème Décolorante Siliss Visage et Corps - 2x50ml","p":2.79,"u":"27,90 €/L","img":"https://fd13-photos.leclercdrive.fr/image.ashx?id=2743783&use=l&cat=p&typeid=i","cat":325351},{"id":14033,"n":"Crochets anti-mites Insectivor Cèdre 2x3ml","p":1.99,"u":"331,67 €/L","img":"https://fd13-photos.leclercdrive.fr/image.ashx?id=1899681&use=l&cat=p&typeid=i","cat":298368},{"id":14038,"n":"Cassoulet au confit canard NRT - 420g","p":2.75,"u":"6,55 €/KG","img":"https://fd13-photos.leclercdrive.fr/image.ashx?id=2791413&use=l&cat=p&typeid=i","cat":284440},{"id":14046,"n":"Calvados pays d'auge NRT  40%vol. - 70cl","p":22.99,"u":"32,84 €/L","img":"https://fd13-photos.leclercdrive.fr/image.ashx?id=1647892&use=l&cat=p&typeid=i","cat":286032},{"id":14050,"n":"Rhum blanc Réunion 49%vol NRT 1L","p":14.62,"u":"14,62 €/L","img":"https://fd13-photos.leclercdrive.fr/image.ashx?id=1208791&use=l&cat=p&typeid=i","cat":284550},{"id":14051,"n":"Confiture extra bio Bio Village Myrtilles - 370g","p":2.29,"u":"6,19 €/KG","img":"https://fd13-photos.leclercdrive.fr/image.ashx?id=2965620&use=l&cat=p&typeid=i","cat":284480},{"id":14060,"n":"Confiture de coings NRT 315g","p":3.61,"u":"11,46 €/KG","img":"https://fd13-photos.leclercdrive.fr/image.ashx?id=2494154&use=l&cat=p&typeid=i","cat":284480},{"id":14061,"n":"Confiture poires williams NRT De la Valée du Rhône - 315g","p":2.83,"u":"8,98 €/KG","img":"https://fd13-photos.leclercdrive.fr/image.ashx?id=2699792&use=l&cat=p&typeid=i","cat":284480},{"id":14062,"n":"Préparation framboises NRT Du Massif Central - 315g","p":4.02,"u":"12,76 €/KG","img":"https://fd13-photos.leclercdrive.fr/image.ashx?id=2518526&use=l&cat=p&typeid=i","cat":284480},{"id":14063,"n":"Préparation NRT Agrumes de Corse - 315g","p":2.82,"u":"8,95 €/KG","img":"https://fd13-photos.leclercdrive.fr/image.ashx?id=779352&use=l&cat=p&typeid=i","cat":284480},{"id":14064,"n":"Préparation NRT Abricots d'Occitanie - 315g","p":2.87,"u":"9,11 €/KG","img":"https://fd13-photos.leclercdrive.fr/image.ashx?id=2590466&use=l&cat=p&typeid=i","cat":284480},{"id":14068,"n":"Miel Nid d'Abeille A tartiner - 500 g","p":3.19,"u":"6,38 €/KG","img":"https://fd13-photos.leclercdrive.fr/image.ashx?id=2693120&use=l&cat=p&typeid=i","cat":287643},{"id":14075,"n":"Lait de coco Tables du monde 400ml","p":1.52,"u":"3,80 €/L","img":"https://fd13-photos.leclercdrive.fr/image.ashx?id=1960758&use=l&cat=p&typeid=i","cat":288992},{"id":14076,"n":"Fromage Mimolette Vieille NRT En dés - 150g","p":2.99,"u":"19,93 €/KG","img":"https://fd13-photos.leclercdrive.fr/image.ashx?id=2934826&use=l&cat=p&typeid=i","cat":314027},{"id":14081,"n":"Ratatouille Bio Village Bio A la provençale - 650g","p":2.35,"u":"3,62 €/KG","img":"https://fd13-photos.leclercdrive.fr/image.ashx?id=2762513&use=l&cat=p&typeid=i","cat":312612},{"id":14082,"n":"Miel de fleurs bio Bio Village 500g","p":4.99,"u":"9,98 €/KG","img":"https://fd13-photos.leclercdrive.fr/image.ashx?id=751557&use=l&cat=p&typeid=i","cat":287643},{"id":14084,"n":"Confiture bio Bio Village Oranges - 370g","p":2.26,"u":"6,11 €/KG","img":"https://fd13-photos.leclercdrive.fr/image.ashx?id=2965623&use=l&cat=p&typeid=i","cat":284480},{"id":14087,"n":"Quenelles de veau Coté Table Sauce financière 400g","p":1.85,"u":"4,63 €/KG","img":"https://fd13-photos.leclercdrive.fr/image.ashx?id=2977864&use=l&cat=p&typeid=i","cat":284441},{"id":14088,"n":"Garnit bouchée reine Coté Table 400g","p":1.79,"u":"4,48 €/KG","img":"https://fd13-photos.leclercdrive.fr/image.ashx?id=2977150&use=l&cat=p&typeid=i","cat":284441},{"id":14091,"n":"Miel d'Acacia Nid d'abeille 375g","p":4.33,"u":"11,55 €/KG","img":"https://fd13-photos.leclercdrive.fr/image.ashx?id=2635901&use=l&cat=p&typeid=i","cat":287643},{"id":14094,"n":"Confiture pêches de vigne NRT De la Valée du Rhône - 315g","p":3.03,"u":"9,62 €/KG","img":"https://fd13-photos.leclercdrive.fr/image.ashx?id=2657286&use=l&cat=p&typeid=i","cat":284480},{"id":14099,"n":"Spray nettoyant Eco+ avec Javel 750ml","p":0.87,"u":"1,16 €/L","img":"https://fd13-photos.leclercdrive.fr/image.ashx?id=2837003&use=l&cat=p&typeid=i","cat":325357},{"id":14111,"n":"Houmous Tables du Monde 200g","p":1.43,"u":"7,15 €/KG","img":"https://fd13-photos.leclercdrive.fr/image.ashx?id=2872258&use=l&cat=p&typeid=i","cat":315999},{"id":14113,"n":"Rasoirs jetables Siliss 2 lames - x10","p":1.19,"u":"0,12 €/P","img":"https://fd13-photos.leclercdrive.fr/image.ashx?id=2873546&use=l&cat=p&typeid=i","cat":325352},{"id":14114,"n":"Brosse à dents Dentamyl Médium x4","p":0.99,"u":"0,25 €/P","img":"https://fd13-photos.leclercdrive.fr/image.ashx?id=2790922&use=l&cat=p&typeid=i","cat":284614},{"id":14122,"n":"Bâtonnets crâbe Eco+ x24 - 400g","p":1.25,"u":"3,13 €/KG","img":"https://fd13-photos.leclercdrive.fr/image.ashx?id=2865239&use=l&cat=p&typeid=i","cat":285189},{"id":14124,"n":"Rosette pur porc Eco+ 12 tranches - 150g","p":1.24,"u":"8,27 €/KG","img":"https://fd13-photos.leclercdrive.fr/image.ashx?id=2728222&use=l&cat=p&typeid=i","cat":316007},{"id":14131,"n":"Désodorisant Visior Lave-vaisselle Citron - x2","p":1.29,"u":"0,65 €/P","img":"https://fd13-photos.leclercdrive.fr/image.ashx?id=2951119&use=l&cat=p&typeid=i","cat":284657},{"id":14132,"n":"Bloc wc javel Syphon 2x40g","p":1.46,"u":"18,25 €/KG","img":"https://fd13-photos.leclercdrive.fr/image.ashx?id=2302540&use=l&cat=p&typeid=i","cat":284662},{"id":14135,"n":"Brosse à dents Eco+ Médium x2","p":0.23,"u":"0,12 €/P","img":"https://fd13-photos.leclercdrive.fr/image.ashx?id=2783783&use=l&cat=p&typeid=i","cat":284614},{"id":14138,"n":"Lingettes dépoussiérantes Eco+ x40","p":1.76,"u":"0,04 €/P","img":"https://fd13-photos.leclercdrive.fr/image.ashx?id=2805972&use=l&cat=p&typeid=i","cat":325364},{"id":14140,"n":"Savon extra-doux Manava Douceur d'amande 6x100g","p":3.16,"u":"5,27 €/KG","img":"https://fd13-photos.leclercdrive.fr/image.ashx?id=2331312&use=l&cat=p&typeid=i","cat":284597},{"id":14144,"n":"Lingettes bébé Mots d'Enfants Débarbouillantes - x40","p":1.47,"u":"0,04 €/P","img":"https://fd13-photos.leclercdrive.fr/image.ashx?id=2856471&use=l&cat=p&typeid=i","cat":284738},{"id":14153,"n":"Bonbons Eco+ Menthe Eucalyptus - 240g","p":1.01,"u":"4,21 €/KG","img":"https://fd13-photos.leclercdrive.fr/image.ashx?id=2699090&use=l&cat=p&typeid=i","cat":304252},{"id":14155,"n":"Gnocchi Turini à poêler 300g","p":0.89,"u":"2,97 €/KG","img":"https://fd13-photos.leclercdrive.fr/image.ashx?id=2606810&use=l&cat=p&typeid=i","cat":333682},{"id":14158,"n":"Fromage Mystère du Prieuré Lait pasteurisé - 340g","p":2.65,"u":"7,79 €/KG","img":"https://fd13-photos.leclercdrive.fr/image.ashx?id=2900085&use=l&cat=p&typeid=i","cat":329184},{"id":14163,"n":"Crème nettoyante Clair 3en1 - Fraicheur - 750ml","p":1.28,"u":"1,71 €/L","img":"https://fd13-photos.leclercdrive.fr/image.ashx?id=2358324&use=l&cat=p&typeid=i","cat":325357},{"id":14164,"n":"Roquefort AOP Eco+ Lait cru brebis 150g","p":2.16,"u":"14,40 €/KG","img":"https://fd13-photos.leclercdrive.fr/image.ashx?id=2966629&use=l&cat=p&typeid=i","cat":314032},{"id":14165,"n":"Crème de soin cheveux Vitanove Boucles sans rinçage 200ml","p":1.29,"u":"6,45 €/L","img":"https://fd13-photos.leclercdrive.fr/image.ashx?id=1947997&use=l&cat=p&typeid=i","cat":284608},{"id":14168,"n":"Dentifrice Dentamyl Protection gencives 75ml","p":0.92,"u":"12,27 €/L","img":"https://fd13-photos.leclercdrive.fr/image.ashx?id=2489092&use=l&cat=p&typeid=i","cat":284612},{"id":14170,"n":"Nettoyant lave-vaisselle Visior 250ml","p":2.65,"u":"10,60 €/L","img":"https://fd13-photos.leclercdrive.fr/image.ashx?id=776479&use=l&cat=p&typeid=i","cat":284657},{"id":14182,"n":"Déodorant stick Carré Homme Marine - 50ml","p":2.18,"u":"43,60 €/L","img":"https://fd13-photos.leclercdrive.fr/image.ashx?id=2481207&use=l&cat=p&typeid=i","cat":284618},{"id":14183,"n":"Lame de rasoir Siliss 3 lames - x4","p":3.58,"img":"https://fd13-photos.leclercdrive.fr/image.ashx?id=2699414&use=l&cat=p&typeid=i","cat":325352},{"id":14190,"n":"Savon mains en crème Manava nourrissante à l'amande - 300ml","p":0.9,"u":"3,00 €/L","img":"https://fd13-photos.leclercdrive.fr/image.ashx?id=2935471&use=l&cat=p&typeid=i","cat":284597},{"id":14193,"n":"Masque capillaire Vitanove Extra color 300ml","p":2.69,"u":"8,97 €/L","img":"https://fd13-photos.leclercdrive.fr/image.ashx?id=2149095&use=l&cat=p&typeid=i","cat":284608},{"id":14195,"n":"Bande à découper Primoplast Peaux sensibles - 10x6cm","p":0.89,"img":"https://fd13-photos.leclercdrive.fr/image.ashx?id=2955668&use=l&cat=p&typeid=i","cat":284630},{"id":14196,"n":"Après-shampooing Vitanove Réparateur - 200ml","p":1.43,"u":"7,15 €/L","img":"https://fd13-photos.leclercdrive.fr/image.ashx?id=2618311&use=l&cat=p&typeid=i","cat":284607},{"id":14212,"n":"Lotion après-rasage Carré Homme Marine tonifiant 100ml","p":2.61,"u":"26,10 €/L","img":"https://fd13-photos.leclercdrive.fr/image.ashx?id=2854219&use=l&cat=p&typeid=i","cat":288147},{"id":14217,"n":"Crème pieds Primoplast Nutri-réparatrice - 75ml","p":1.49,"u":"19,87 €/L","img":"https://fd13-photos.leclercdrive.fr/image.ashx?id=2832930&use=l&cat=p&typeid=i","cat":325354},{"id":14218,"n":"Dentifrice enfant Dentamyl Bubble gum - 3 à 6 ans - 50ml","p":0.89,"u":"17,80 €/L","img":"https://fd13-photos.leclercdrive.fr/image.ashx?id=2075185&use=l&cat=p&typeid=i","cat":288898},{"id":14219,"n":"Dentifrice enfant Dentamyl Menthe - 7 à 13 ans - 75ml","p":0.74,"u":"9,87 €/L","img":"https://fd13-photos.leclercdrive.fr/image.ashx?id=2489113&use=l&cat=p&typeid=i","cat":288898},{"id":14222,"n":"Lait de toilette Mots d'Enfants Bébé peaux délicates - 250ml","p":1.95,"u":"7,80 €/L","img":"https://fd13-photos.leclercdrive.fr/image.ashx?id=3015024&use=l&cat=p&typeid=i","cat":284741},{"id":14223,"n":"Dépoussiérant meubles Clair Multi-surfaces 300ml","p":1.03,"u":"3,43 €/L","img":"https://fd13-photos.leclercdrive.fr/image.ashx?id=2856681&use=l&cat=p&typeid=i","cat":325364},{"id":14224,"n":"Gel wc Syphon surpuissant 750ml","p":1.07,"u":"1,43 €/L","img":"https://fd13-photos.leclercdrive.fr/image.ashx?id=2558790&use=l&cat=p&typeid=i","cat":284662},{"id":14235,"n":"Change complet Chorys Taille M - x20","p":9.94,"u":"0,50 €/P","img":"https://fd13-photos.leclercdrive.fr/image.ashx?id=2905219&use=l&cat=p&typeid=i","cat":284628},{"id":14236,"n":"Jambon cru Eco+ 8 tranches - 150g","p":1.77,"u":"11,80 €/KG","img":"https://fd13-photos.leclercdrive.fr/image.ashx?id=2917638&use=l&cat=p&typeid=i","cat":316007},{"id":14243,"n":"Pain de mie nature Epi d'Or Grandes tranches - 825g","p":1.59,"u":"1,93 €/KG","img":"https://fd13-photos.leclercdrive.fr/image.ashx?id=2860724&use=l&cat=p&typeid=i","cat":284477},{"id":14259,"n":"Ravioles de la Drôme NRT Basilic - 240g","p":3.39,"u":"14,13 €/KG","img":"https://fd13-photos.leclercdrive.fr/image.ashx?id=2441543&use=l&cat=p&typeid=i","cat":333682},{"id":14260,"n":"Crottin Chavignol NRT AOP  Fromage de chèvre - 2x60g","p":3.75,"u":"31,25 €/KG","img":"https://fd13-photos.leclercdrive.fr/image.ashx?id=2519432&use=l&cat=p&typeid=i","cat":314031},{"id":14262,"n":"Cognac v.s.o.p 40%vol. NRT 50cl","p":21.34,"u":"42,68 €/L","img":"https://fd13-photos.leclercdrive.fr/image.ashx?id=1646501&use=l&cat=p&typeid=i","cat":286032},{"id":14271,"n":"Crème de marrons NRT De l'Ardèche - 325g","p":3.03,"u":"9,32 €/KG","img":"https://fd13-photos.leclercdrive.fr/image.ashx?id=2954154&use=l&cat=p&typeid=i","cat":284481},{"id":14272,"n":"Calissons NRT D'Aix-en-provence - 250g","p":5.99,"u":"23,96 €/KG","img":"https://fd13-photos.leclercdrive.fr/image.ashx?id=2771031&use=l&cat=p&typeid=i","cat":284499},{"id":14273,"n":"Fromage Pont-l'Evêque AOP  Nos Régions ont du Talent 220g","p":2.65,"u":"12,05 €/KG","img":"https://fd13-photos.leclercdrive.fr/image.ashx?id=2356344&use=l&cat=p&typeid=i","cat":329558},{"id":14280,"n":"Bûche Sainte Maure Touraine NRT AOP - Fromage de chèvre - 250g","p":5.07,"u":"20,28 €/KG","img":"https://fd13-photos.leclercdrive.fr/image.ashx?id=2422608&use=l&cat=p&typeid=i","cat":314031},{"id":14282,"n":"Préparation citrons NRT De Corse -  315g","p":2.69,"u":"8,54 €/KG","img":"https://fd13-photos.leclercdrive.fr/image.ashx?id=2699810&use=l&cat=p&typeid=i","cat":284480},{"id":14283,"n":"Foie gras canard IGP Sud-Ouest NRT Entier- 180g","p":13.99,"u":"77,72 €/KG","img":"https://fd13-photos.leclercdrive.fr/image.ashx?id=2995664&use=l&cat=p&typeid=i","cat":305148},{"id":14285,"n":"Fromage Emmental Eco+ Râpé - 200g","p":1.5,"u":"7,50 €/KG","img":"https://fd13-photos.leclercdrive.fr/image.ashx?id=2615798&use=l&cat=p&typeid=i","cat":314035},{"id":14292,"n":"Eau aromatisée Volvic Zest  Citron - 1,5L","p":1.07,"u":"0,71 €/L","img":"https://fd13-photos.leclercdrive.fr/image.ashx?id=2730253&use=l&cat=p&typeid=i","cat":284537},{"id":14316,"n":"Lasagnes saumon Côté Table 1kg","p":7.26,"u":"7,26 €/KG","img":"https://fd13-photos.leclercdrive.fr/image.ashx?id=2790928&use=l&cat=p&typeid=i","cat":284254},{"id":14327,"n":"Poêlée Côté Table Franc-Comtoise - 900g","p":4.19,"u":"4,66 €/KG","img":"https://fd13-photos.leclercdrive.fr/image.ashx?id=2048440&use=l&cat=p&typeid=i","cat":319823},{"id":14330,"n":"Poêlée de légumes Notre Jardin Légumes grillés - 750g","p":3.11,"u":"4,15 €/KG","img":"https://fd13-photos.leclercdrive.fr/image.ashx?id=2771369&use=l&cat=p&typeid=i","cat":319823},{"id":14334,"n":"Ratatouille Notre Jardin Cuisinée 750g","p":2.85,"u":"3,80 €/KG","img":"https://fd13-photos.leclercdrive.fr/image.ashx?id=2873129&use=l&cat=p&typeid=i","cat":319823},{"id":14336,"n":"Pavé saumon Pêche Océan ASC Atlantique -  500g","p":11.19,"u":"22,38 €/KG","img":"https://fd13-photos.leclercdrive.fr/image.ashx?id=2930114&use=l&cat=p&typeid=i","cat":319786},{"id":14344,"n":"Pain de mie Nature Harrys Longue conservation - 550g","p":2.09,"u":"3,80 €/KG","img":"https://fd13-photos.leclercdrive.fr/image.ashx?id=2518109&use=l&cat=p&typeid=i","cat":284477},{"id":14351,"n":"Bandes non tissées Siliss Recharges -  2x14","p":2.23,"u":"0,08 €/P","img":"https://fd13-photos.leclercdrive.fr/image.ashx?id=2699417&use=l&cat=p&typeid=i","cat":325351},{"id":14358,"n":"Spécialité au soja Nat & Vie Fruits rouges - 4x100g","p":1.29,"u":"3,23 €/KG","img":"https://fd13-photos.leclercdrive.fr/image.ashx?id=2901440&use=l&cat=p&typeid=i","cat":316071},{"id":14359,"n":"Change complet Chorys Taille L - x20","p":10.7,"u":"0,54 €/P","img":"https://fd13-photos.leclercdrive.fr/image.ashx?id=2699435&use=l&cat=p&typeid=i","cat":284628},{"id":14360,"n":"Yaourts à boire Délisse Petits Délis fruits - 8x100g","p":3.2,"u":"4,00 €/KG","img":"https://fd13-photos.leclercdrive.fr/image.ashx?id=2754886&use=l&cat=p&typeid=i","cat":284415},{"id":14376,"n":"Dés de fromage Les Croisés Ail et fines herbes - 120g","p":1.54,"u":"12,83 €/KG","img":"https://fd13-photos.leclercdrive.fr/image.ashx?id=2741616&use=l&cat=p&typeid=i","cat":314027},{"id":14378,"n":"Dés de fromage Les Croisés Basilic ciboulette - 120g","p":1.69,"u":"14,08 €/KG","img":"https://fd13-photos.leclercdrive.fr/image.ashx?id=2741619&use=l&cat=p&typeid=i","cat":314027},{"id":14381,"n":"Palets bretons NRT 100g","p":1.83,"u":"18,30 €/KG","img":"https://fd13-photos.leclercdrive.fr/image.ashx?id=2622299&use=l&cat=p&typeid=i","cat":284487},{"id":14383,"n":"Blocs WC Syphon Activ' Effect  Lavande - x3","p":1.09,"u":"0,36 €/P","img":"https://fd13-photos.leclercdrive.fr/image.ashx?id=2320710&use=l&cat=p&typeid=i","cat":284662},{"id":14389,"n":"Abricots Maitre Prunille Moelleux - 250g","p":2.7,"u":"10,80 €/KG","img":"https://fd13-photos.leclercdrive.fr/image.ashx?id=1747031&use=l&cat=p&typeid=i","cat":284357},{"id":14415,"n":"Levure chimique Vahiné 5x11g","p":0.36,"u":"6,55 €/KG","img":"https://fd13-photos.leclercdrive.fr/image.ashx?id=2490542&use=l&cat=p&typeid=i","cat":294686},{"id":14427,"n":"Pastis Ricard Anisé 45% vol - 70cl","p":15.27,"u":"21,81 €/L","img":"https://fd13-photos.leclercdrive.fr/image.ashx?id=2976776&use=l&cat=p&typeid=i","cat":284548},{"id":14428,"n":"Whisky Clan Campbell Blended Scotch 40% vol - 1L","p":19.36,"u":"19,36 €/L","img":"https://fd13-photos.leclercdrive.fr/image.ashx?id=2868921&use=l&cat=p&typeid=i","cat":284547},{"id":14429,"n":"Eau de vie Auguste Mugniot Poire Williams - 40%vol. - 50cl","p":19.99,"u":"39,98 €/L","img":"https://fd13-photos.leclercdrive.fr/image.ashx?id=857588&use=l&cat=p&typeid=i","cat":286032},{"id":14431,"n":"Rhum Lagoa 40%vol - 1L","p":13.59,"u":"13,59 €/L","img":"https://fd13-photos.leclercdrive.fr/image.ashx?id=2966481&use=l&cat=p&typeid=i","cat":284550},{"id":14434,"n":"Pastis de Marseille Vivalis 45%vol - 70cl","p":12.88,"u":"18,40 €/L","img":"https://fd13-photos.leclercdrive.fr/image.ashx?id=2805024&use=l&cat=p&typeid=i","cat":284548},{"id":14440,"n":"Bière blonde Desquiles Canette - 5.9%vol. - 50cl","p":1.35,"u":"2,70 €/L","img":"https://fd13-photos.leclercdrive.fr/image.ashx?id=2646991&use=l&cat=p&typeid=i","cat":334853},{"id":14442,"n":"Champagne brut blanc Pol Carson - 37,5cl","p":11.75,"u":"31,33 €/L","img":"https://fd13-photos.leclercdrive.fr/image.ashx?id=2909849&use=l&cat=p&typeid=i","cat":284542},{"id":14447,"n":"Sirop Frucci Thé Pêche - 75cl","p":3.2,"u":"4,27 €/L","img":"https://fd13-photos.leclercdrive.fr/image.ashx?id=764952&use=l&cat=p&typeid=i","cat":295020},{"id":14451,"n":"Sirop Frucci Menthe - 1L","p":2.46,"u":"2,46 €/L","img":"https://fd13-photos.leclercdrive.fr/image.ashx?id=2954067&use=l&cat=p&typeid=i","cat":295020},{"id":14452,"n":"Sirop Sport Citron - 1L","p":2.4,"u":"2,40 €/L","img":"https://fd13-photos.leclercdrive.fr/image.ashx?id=3011182&use=l&cat=p&typeid=i","cat":295020},{"id":14458,"n":"Biscuits tablette Eco+ Chocolat au lait - 150g","p":0.98,"u":"6,53 €/KG","img":"https://fd13-photos.leclercdrive.fr/image.ashx?id=2682750&use=l&cat=p&typeid=i","cat":284488},{"id":14494,"n":"Coquilles Saint-Jacques Tipiak À la bretonne - 4x90g","p":6.26,"u":"17,39 €/KG","img":"https://fd13-photos.leclercdrive.fr/image.ashx?id=2559754&use=l&cat=p&typeid=i","cat":319775},{"id":14499,"n":"Miel de lavande Provence IGP Nos Régions ont du Talent 375g","p":6.29,"u":"16,77 €/KG","img":"https://fd13-photos.leclercdrive.fr/image.ashx?id=2771073&use=l&cat=p&typeid=i","cat":287643},{"id":14512,"n":"Sachets glaçons Elembal x15","p":0.8,"img":"https://fd13-photos.leclercdrive.fr/image.ashx?id=2671810&use=l&cat=p&typeid=i","cat":334134},{"id":14536,"n":"Escalope Fine Dinde LR x2  IGP Volailles du Maine  - 240g","p":5.55,"u":"23,13 €/KG","img":"https://fd13-photos.leclercdrive.fr/image.ashx?id=2250567&use=l&cat=p&typeid=i","cat":284337},{"id":14543,"n":"Serviettes papier Homeside Double épaisseur 33x33cm - x100","p":2.29,"img":"https://fd13-photos.leclercdrive.fr/image.ashx?id=1659678&use=l&cat=p&typeid=i","cat":334134},{"id":14544,"n":"Serviettes papier Homeside Triple épaisseur 40x40 x50","p":2.99,"u":"0,06 €/P","img":"https://fd13-photos.leclercdrive.fr/image.ashx?id=1659681&use=l&cat=p&typeid=i","cat":334134},{"id":14563,"n":"Serviettes Eco+ papier blanc x200","p":1.23,"u":"0,01 €/P","img":"https://fd13-photos.leclercdrive.fr/image.ashx?id=1413111&use=l&cat=p&typeid=i","cat":334134},{"id":14570,"n":"Nappe Eco+ papier blanche 25m","p":4.77,"u":"0,19 €/MT","img":"https://fd13-photos.leclercdrive.fr/image.ashx?id=1300431&use=l&cat=p&typeid=i","cat":334134},{"id":14574,"n":"Serviette incontinence Chorys Normal - x12","p":1.99,"u":"0,17 €/P","img":"https://fd13-photos.leclercdrive.fr/image.ashx?id=2393848&use=l&cat=p&typeid=i","cat":284628},{"id":14575,"n":"Serviette incontinence Chorys Mini - x20","p":1.99,"u":"0,10 €/P","img":"https://fd13-photos.leclercdrive.fr/image.ashx?id=2448409&use=l&cat=p&typeid=i","cat":284628},{"id":14578,"n":"Papier toilette Mimosa Rose - Ultra doux - x6","p":2.59,"u":"0,43 €/P","img":"https://fd13-photos.leclercdrive.fr/image.ashx?id=2777839&use=l&cat=p&typeid=i","cat":284634},{"id":14579,"n":"Papier toilette Mimosa Blanc - Ultra doux - x6","p":2.65,"u":"0,44 €/P","img":"https://fd13-photos.leclercdrive.fr/image.ashx?id=2777842&use=l&cat=p&typeid=i","cat":284634},{"id":14582,"n":"Bandes de cire froide Siliss Corps - Peaux sensibles - x40","p":2.21,"u":"0,06 €/P","img":"https://fd13-photos.leclercdrive.fr/image.ashx?id=2699426&use=l&cat=p&typeid=i","cat":325351},{"id":14626,"n":"Boisson aux fruits Oasis Saveur Pêche Abricot - 2L","p":2.35,"u":"1,18 €/L","img":"https://fd13-photos.leclercdrive.fr/image.ashx?id=2688635&use=l&cat=p&typeid=i","cat":295018},{"id":14633,"n":"AOP Bordeaux rouge La Croix d'Austéran - 75cl","p":4.54,"u":"6,05 €/L","img":"https://fd13-photos.leclercdrive.fr/image.ashx?id=1672093&use=l&cat=p&typeid=i","cat":289556},{"id":14635,"n":"Soda Jean's Cola Bouteille - 4x50cl","p":2.75,"u":"1,38 €/L","img":"https://fd13-photos.leclercdrive.fr/image.ashx?id=2684811&use=l&cat=p&typeid=i","cat":284530},{"id":14636,"n":"Soda Jean's Cola Zéro Canette - 6x33cl","p":1.98,"u":"1,00 €/L","img":"https://fd13-photos.leclercdrive.fr/image.ashx?id=2637886&use=l&cat=p&typeid=i","cat":284530},{"id":14637,"n":"Biscuits P'tit Déli ronds Chocolat noir 200g","p":1.34,"u":"6,70 €/KG","img":"https://fd13-photos.leclercdrive.fr/image.ashx?id=2884207&use=l&cat=p&typeid=i","cat":284488},{"id":14654,"n":"Soupe liquide Liebig  Potiron - Brique 1L","p":2.8,"u":"2,80 €/L","img":"https://fd13-photos.leclercdrive.fr/image.ashx?id=2785355&use=l&cat=p&typeid=i","cat":284462},{"id":14657,"n":"Eponges gratounette Spontex x2","p":2.37,"u":"1,19 €/P","img":"https://fd13-photos.leclercdrive.fr/image.ashx?id=2392292&use=l&cat=p&typeid=i","cat":284667},{"id":14659,"n":"Gel désinfectant mains Sanytol Au thé vert - 250ml","p":4.68,"u":"18,72 €/L","img":"https://fd13-photos.leclercdrive.fr/image.ashx?id=1754056&use=l&cat=p&typeid=i","cat":284630},{"id":14660,"n":"Gel désinfectant mains Sanytol Au thé vert - 75ml","p":1.9,"u":"25,33 €/L","img":"https://fd13-photos.leclercdrive.fr/image.ashx?id=2338730&use=l&cat=p&typeid=i","cat":284630},{"id":14661,"n":"Lingettes Hygiène Intime Usage Quotidien Intima Hamamélis x20","p":2.2,"u":"0,11 €/P","img":"https://fd13-photos.leclercdrive.fr/image.ashx?id=2886675&use=l&cat=p&typeid=i","cat":284627},{"id":14677,"n":"Jus de carottes Bjorg Bio - 75cl","p":2.77,"u":"3,69 €/L","img":"https://fd13-photos.leclercdrive.fr/image.ashx?id=2921127&use=l&cat=p&typeid=i","cat":284523},{"id":14688,"n":"Biscuits Bjorg Fourrés Chocolat lait bio 225g","p":2.93,"u":"13,02 €/KG","img":"https://fd13-photos.leclercdrive.fr/image.ashx?id=2970927&use=l&cat=p&typeid=i","cat":284488},{"id":14691,"n":"Chocolat Alter Eco Noir Absolu Pérou 85% cacao bio - 100g","p":2.61,"u":"26,10 €/KG","img":"https://fd13-photos.leclercdrive.fr/image.ashx?id=2906535&use=l&cat=p&typeid=i","cat":284956},{"id":14701,"n":"Chocolat Pâtissier Alter Eco Bio - 200g","p":2.96,"u":"14,80 €/KG","img":"https://fd13-photos.leclercdrive.fr/image.ashx?id=2961089&use=l&cat=p&typeid=i","cat":285562},{"id":14706,"n":"Sucre de canne Bio Alter Eco  Muscovado complet poudre 500g","p":3.14,"u":"6,28 €/KG","img":"https://fd13-photos.leclercdrive.fr/image.ashx?id=2928894&use=l&cat=p&typeid=i","cat":284502},{"id":14713,"n":"Rasoirs jetables Bic Twin Lady x8","p":1.69,"u":"0,21 €/P","img":"https://fd13-photos.leclercdrive.fr/image.ashx?id=2887569&use=l&cat=p&typeid=i","cat":325352},{"id":14749,"n":"Eau nettoyante Mixa Bébé  Hydratante - 250ml","p":2.57,"u":"10,28 €/L","img":"https://fd13-photos.leclercdrive.fr/image.ashx?id=2286603&use=l&cat=p&typeid=i","cat":284741},{"id":14762,"n":"Piles TechPlus Foxter AA/LR6 - x4","p":1.99,"img":"https://fd13-photos.leclercdrive.fr/image.ashx?id=2162165&use=l&cat=p&typeid=i","cat":300572},{"id":14764,"n":"Piles TechPlus Foxter AAA/LR3 - x4","p":1.99,"img":"https://fd13-photos.leclercdrive.fr/image.ashx?id=2162162&use=l&cat=p&typeid=i","cat":300572},{"id":14767,"n":"Piles alcalines Tech+ Foxter C/LR14 1,5V - x2","p":1.99,"u":"1,00 €/P","img":"https://fd13-photos.leclercdrive.fr/image.ashx?id=2162183&use=l&cat=p&typeid=i","cat":300572},{"id":14769,"n":"Piles alcalines Tech+  Foxter D/LR20 - x2","p":2.39,"u":"1,20 €/P","img":"https://fd13-photos.leclercdrive.fr/image.ashx?id=2162186&use=l&cat=p&typeid=i","cat":300572},{"id":14778,"n":"Recharges absorbeur Foxter Neutre absorbeur humidité x4","p":10.99,"u":"2,75 €/P","img":"https://fd13-photos.leclercdrive.fr/image.ashx?id=2162207&use=l&cat=p&typeid=i","cat":300576},{"id":14814,"n":"Compotes pommes Andros 4x100g","p":1.35,"u":"3,38 €/KG","img":"https://fd13-photos.leclercdrive.fr/image.ashx?id=2883925&use=l&cat=p&typeid=i","cat":284416},{"id":14823,"n":"Pâtes bio Jardin Bio Spaguetti quinoa curry -500g","p":2.59,"u":"5,18 €/KG","img":"https://fd13-photos.leclercdrive.fr/image.ashx?id=3002105&use=l&cat=p&typeid=i","cat":284427},{"id":14827,"n":"Bloc notes adhésif Esquisse  76mmx76mm - 2x100","p":1.25,"img":"https://fd13-photos.leclercdrive.fr/image.ashx?id=1678694&use=l&cat=p&typeid=i","cat":334133},{"id":14852,"n":"Kit traçage Eco+ 3 pièces","p":0.32,"img":"https://fd13-photos.leclercdrive.fr/image.ashx?id=2943136&use=l&cat=p&typeid=i","cat":334133},{"id":14854,"n":"Crayons de couleur Eco+ x12","p":0.37,"img":"https://fd13-photos.leclercdrive.fr/image.ashx?id=1929756&use=l&cat=p&typeid=i","cat":284696},{"id":14858,"n":"Feutres Eco+ x12","p":0.35,"img":"https://fd13-photos.leclercdrive.fr/image.ashx?id=2553941&use=l&cat=p&typeid=i","cat":284696},{"id":14867,"n":"Adoucissant Hyperdou Pure Caresse - 750ml","p":1.99,"u":"2,65 €/L","img":"https://fd13-photos.leclercdrive.fr/image.ashx?id=2614446&use=l&cat=p&typeid=i","cat":284650},{"id":14873,"n":"Pastilles javel La Croix x40","p":1.95,"u":"14,55 €/KG","img":"https://fd13-photos.leclercdrive.fr/image.ashx?id=2679693&use=l&cat=p&typeid=i","cat":284661},{"id":14880,"n":"Compote Charles & Alice Pommes Mangues - 4x100g","p":1.44,"u":"3,60 €/KG","img":"https://fd13-photos.leclercdrive.fr/image.ashx?id=2757347&use=l&cat=p&typeid=i","cat":284416},{"id":14888,"n":"Compote Charles & Alice Pommes Poires - 4x100g","p":1.45,"u":"3,63 €/KG","img":"https://fd13-photos.leclercdrive.fr/image.ashx?id=2936902&use=l&cat=p&typeid=i","cat":284416},{"id":14901,"n":"Mozzarella di Buffala AOP Les Croisés - 125g","p":1.65,"u":"13,20 €/KG","img":"https://fd13-photos.leclercdrive.fr/image.ashx?id=2686329&use=l&cat=p&typeid=i","cat":314026},{"id":14904,"n":"Fromage frais nature Bio Bio village - 3.5% MG - 500g","p":1.75,"u":"3,50 €/KG","img":"https://fd13-photos.leclercdrive.fr/image.ashx?id=2839944&use=l&cat=p&typeid=i","cat":284409},{"id":14911,"n":"Bloc WC cuvette Harpic  Eau Bleue - x2","p":1.33,"u":"17,50 €/KG","img":"https://fd13-photos.leclercdrive.fr/image.ashx?id=2264743&use=l&cat=p&typeid=i","cat":284662},{"id":14918,"n":"Dessert fruitier framboise Douceur du Verger s/sucre 4x97g","p":1.49,"u":"3,84 €/KG","img":"https://fd13-photos.leclercdrive.fr/image.ashx?id=3009785&use=l&cat=p&typeid=i","cat":284416},{"id":14919,"n":"Compote Douceur du Verger Pomme Abricot - 4x97g","p":1.23,"u":"3,17 €/KG","img":"https://fd13-photos.leclercdrive.fr/image.ashx?id=2983793&use=l&cat=p&typeid=i","cat":284416},{"id":14923,"n":"Brocolis fleurettes Bio Village Bio - 600g","p":2.21,"u":"3,68 €/KG","img":"https://fd13-photos.leclercdrive.fr/image.ashx?id=2891788&use=l&cat=p&typeid=i","cat":319805},{"id":14924,"n":"Lasagnes chèvre épinards Côté Table - 500g","p":2.95,"u":"5,90 €/KG","img":"https://fd13-photos.leclercdrive.fr/image.ashx?id=2647874&use=l&cat=p&typeid=i","cat":284254},{"id":14931,"n":"Rhum blanc Old Nick 40%vol - 1L","p":14.92,"u":"14,92 €/L","img":"https://fd13-photos.leclercdrive.fr/image.ashx?id=2483750&use=l&cat=p&typeid=i","cat":284550},{"id":14932,"n":"Rhum blanc Saint James 40% vol - 70cl","p":11.29,"u":"16,13 €/L","img":"https://fd13-photos.leclercdrive.fr/image.ashx?id=2970948&use=l&cat=p&typeid=i","cat":284550},{"id":14934,"n":"Gin Gibson 37.5%vol - 70cl","p":11.63,"u":"16,61 €/L","img":"https://fd13-photos.leclercdrive.fr/image.ashx?id=2755396&use=l&cat=p&typeid=i","cat":284550},{"id":14979,"n":"Crème de cassis de dijon NRT 20%vol. - 70cl","p":9.99,"u":"14,27 €/L","img":"https://fd13-photos.leclercdrive.fr/image.ashx?id=2762632&use=l&cat=p&typeid=i","cat":286032},{"id":14980,"n":"Crème de framboise Auguste  Mugniot 15%vol. - 50cl","p":5.49,"u":"10,98 €/L","img":"https://fd13-photos.leclercdrive.fr/image.ashx?id=829186&use=l&cat=p&typeid=i","cat":286032},{"id":14983,"n":"Pastis de Marseille Vivalis 45%vol - 1,5L","p":25.35,"u":"16,90 €/L","img":"https://fd13-photos.leclercdrive.fr/image.ashx?id=2820418&use=l&cat=p&typeid=i","cat":284548},{"id":14989,"n":"Bière blonde Amsterdam  Navigator 8%vol. - 50cl","p":1.41,"u":"2,82 €/L","img":"https://fd13-photos.leclercdrive.fr/image.ashx?id=2191104&use=l&cat=p&typeid=i","cat":334853},{"id":14993,"n":"Bière blonde Leffe Rituel 9% - 6x25cl","p":5.88,"u":"3,92 €/L","img":"https://fd13-photos.leclercdrive.fr/image.ashx?id=2548285&use=l&cat=p&typeid=i","cat":334852},{"id":15007,"n":"Protège-slips Doulys Ultra-mince Normal Plié - x30","p":1.19,"u":"0,04 €/P","img":"https://fd13-photos.leclercdrive.fr/image.ashx?id=2816109&use=l&cat=p&typeid=i","cat":284625},{"id":15010,"n":"Serviette incontinence Chorys Extra - x10","p":1.99,"u":"0,20 €/P","img":"https://fd13-photos.leclercdrive.fr/image.ashx?id=2393851&use=l&cat=p&typeid=i","cat":284628},{"id":15011,"n":"Vin pétillant de l'UE arômatisé Pêche  - 75 cl","p":2.85,"u":"3,80 €/L","img":"https://fd13-photos.leclercdrive.fr/image.ashx?id=2720160&use=l&cat=p&typeid=i","cat":284544},{"id":15013,"n":"Vin pétillant de l'UE  arômatisé Framboise - 75 cl","p":2.86,"u":"3,81 €/L","img":"https://fd13-photos.leclercdrive.fr/image.ashx?id=2720163&use=l&cat=p&typeid=i","cat":284544},{"id":15014,"n":"Pétillant Festalie sans alcool Pêche - 75cl","p":2.85,"u":"3,80 €/L","img":"https://fd13-photos.leclercdrive.fr/image.ashx?id=2017256&use=l&cat=p&typeid=i","cat":289460},{"id":15016,"n":"AOP Crémant d'Alsace Wolfberger Brut - 75cl","p":7.36,"u":"9,81 €/L","img":"https://fd13-photos.leclercdrive.fr/image.ashx?id=2323502&use=l&cat=p&typeid=i","cat":284544},{"id":15022,"n":"Jus de pamplemousse rose Bio Bio Village - 1L","p":3.82,"u":"3,82 €/L","img":"https://fd13-photos.leclercdrive.fr/image.ashx?id=2901524&use=l&cat=p&typeid=i","cat":284914},{"id":15025,"n":"Nectar Jafaden Pomme kiwi - 1L","p":2.35,"u":"2,35 €/L","img":"https://fd13-photos.leclercdrive.fr/image.ashx?id=2895771&use=l&cat=p&typeid=i","cat":284915},{"id":15034,"n":"Déodorant bille Bio Naïa 50ml","p":1.35,"u":"27,00 €/L","img":"https://fd13-photos.leclercdrive.fr/image.ashx?id=2481210&use=l&cat=p&typeid=i","cat":284595},{"id":15036,"n":"Huile sèche corps bio Bio Naïa Spray - 100ml","p":4.59,"u":"45,90 €/L","img":"https://fd13-photos.leclercdrive.fr/image.ashx?id=2610196&use=l&cat=p&typeid=i","cat":325349},{"id":15039,"n":"Crème visage bio Bio Naïa Hydratante 50ml","p":1.99,"u":"39,80 €/L","img":"https://fd13-photos.leclercdrive.fr/image.ashx?id=2436651&use=l&cat=p&typeid=i","cat":325345},{"id":15053,"n":"Déodorant Manava Grenade - 200ml","p":1.39,"u":"6,95 €/L","img":"https://fd13-photos.leclercdrive.fr/image.ashx?id=2699276&use=l&cat=p&typeid=i","cat":284595},{"id":15058,"n":"Biscuits tablettes Bio Village Bio Chocolat au lait 150g","p":2.38,"u":"15,87 €/KG","img":"https://fd13-photos.leclercdrive.fr/image.ashx?id=2650819&use=l&cat=p&typeid=i","cat":284488},{"id":15059,"n":"Gaufrettes P'tit Déli Praliné chocolat au lait - 175g","p":1.85,"u":"10,57 €/KG","img":"https://fd13-photos.leclercdrive.fr/image.ashx?id=2817157&use=l&cat=p&typeid=i","cat":284488},{"id":15066,"n":"Savon douceur Manava Bouquet fleurs blanches 4x100g","p":1.45,"u":"3,63 €/KG","img":"https://fd13-photos.leclercdrive.fr/image.ashx?id=2358342&use=l&cat=p&typeid=i","cat":284597},{"id":15095,"n":"Boisson végétale Noisette Bio  Bjorg- 1L","p":2.26,"u":"2,26 €/L","img":"https://fd13-photos.leclercdrive.fr/image.ashx?id=2972970&use=l&cat=p&typeid=i","cat":316067},{"id":15130,"n":"Gâteaux fourrés P'tit Déli Abricot x7 - 196g","p":2.69,"u":"13,72 €/KG","img":"https://fd13-photos.leclercdrive.fr/image.ashx?id=2046047&use=l&cat=p&typeid=i","cat":284495},{"id":15131,"n":"Nectar multifruits Jafaden 2L","p":2.49,"u":"1,25 €/L","img":"https://fd13-photos.leclercdrive.fr/image.ashx?id=2956032&use=l&cat=p&typeid=i","cat":284917},{"id":15139,"n":"Boisson instantanée cacao Eco+ Granules - 800g","p":3.12,"u":"3,90 €/KG","img":"https://fd13-photos.leclercdrive.fr/image.ashx?id=2843093&use=l&cat=p&typeid=i","cat":293235},{"id":15145,"n":"Champignons Tables du Monde Noirs déshydratés 25g","p":2.49,"u":"99,60 €/KG","img":"https://fd13-photos.leclercdrive.fr/image.ashx?id=2920166&use=l&cat=p&typeid=i","cat":288992},{"id":15149,"n":"Petit Beurre P'tit Déli Pépites chocolat x24 200g","p":1.87,"u":"9,35 €/KG","img":"https://fd13-photos.leclercdrive.fr/image.ashx?id=2694100&use=l&cat=p&typeid=i","cat":284487},{"id":15159,"n":"Fécule de maïs Tablier Blanc 400g","p":1.19,"u":"2,98 €/KG","img":"https://fd13-photos.leclercdrive.fr/image.ashx?id=2853690&use=l&cat=p&typeid=i","cat":288382},{"id":15162,"n":"Rillettes pur porc Côté Table 3x78g","p":2.75,"u":"11,75 €/KG","img":"https://fd13-photos.leclercdrive.fr/image.ashx?id=2518514&use=l&cat=p&typeid=i","cat":305149},{"id":15163,"n":"Sablés fourrés P'tit Déli Noisette 125g","p":1.92,"u":"15,36 €/KG","img":"https://fd13-photos.leclercdrive.fr/image.ashx?id=2791266&use=l&cat=p&typeid=i","cat":284487},{"id":15181,"n":"Boisson aux fruits Oasis Saveur Fraise Framboise - 2L","p":2.45,"u":"1,23 €/L","img":"https://fd13-photos.leclercdrive.fr/image.ashx?id=2677819&use=l&cat=p&typeid=i","cat":295018},{"id":15183,"n":"Filets de maquereaux Saupiquet Escabèche - 169g","p":2.05,"u":"12,13 €/KG","img":"https://fd13-photos.leclercdrive.fr/image.ashx?id=2829970&use=l&cat=p&typeid=i","cat":303868},{"id":15184,"n":"Chips cuites au four Lay's Sel - 130g","p":1.44,"u":"11,08 €/KG","img":"https://fd13-photos.leclercdrive.fr/image.ashx?id=2422881&use=l&cat=p&typeid=i","cat":284447},{"id":15256,"n":"Barre chocolat au lait Lion x6 barres - 252g","p":2.49,"u":"9,88 €/KG","img":"https://fd13-photos.leclercdrive.fr/image.ashx?id=2736991&use=l&cat=p&typeid=i","cat":284498},{"id":15288,"n":"Mouchoirs blancs 4 plis Caresse Mini étuis x15","p":1.16,"u":"0,08 €/P","img":"https://fd13-photos.leclercdrive.fr/image.ashx?id=2824262&use=l&cat=p&typeid=i","cat":284638},{"id":15305,"n":"Eau minérale Saint Antonin 6x1L","p":2.73,"u":"0,46 €/L","img":"https://fd13-photos.leclercdrive.fr/image.ashx?id=2653891&use=l&cat=p&typeid=i","cat":284535},{"id":15342,"n":"Chocolat Eco+ Noir - 5x100g","p":3.78,"u":"7,56 €/KG","img":"https://fd13-photos.leclercdrive.fr/image.ashx?id=2775460&use=l&cat=p&typeid=i","cat":284956},{"id":15450,"n":"Cuisse de dinde Maître Coq Végétal x1 - 650g","p":5.15,"u":"7,92 €/KG","img":"https://fd13-photos.leclercdrive.fr/image.ashx?id=2773415&use=l&cat=p&typeid=i","cat":284337},{"id":15451,"n":"Escalope de dinde Maître Coq Fine x2 - 240g","p":3.57,"u":"14,88 €/KG","img":"https://fd13-photos.leclercdrive.fr/image.ashx?id=2770088&use=l&cat=p&typeid=i","cat":284337},{"id":15452,"n":"Escalope dinde Maître Coq 600g","p":8.4,"u":"14,00 €/KG","img":"https://fd13-photos.leclercdrive.fr/image.ashx?id=2773421&use=l&cat=p&typeid=i","cat":284337},{"id":15476,"n":"Eau nettoyante Mots d'Enfants Hydratante - 250ml","p":1.93,"u":"7,72 €/L","img":"https://fd13-photos.leclercdrive.fr/image.ashx?id=3015048&use=l&cat=p&typeid=i","cat":284741},{"id":15492,"n":"AOC Muscadet blanc Botinière - 75 Cl","p":4.65,"u":"6,20 €/L","img":"https://fd13-photos.leclercdrive.fr/image.ashx?id=2476275&use=l&cat=p&typeid=i","cat":289557},{"id":15499,"n":"Ruban adhésif Crystal Scotch Dévidoir 25mx19mm x1","p":1.95,"img":"https://fd13-photos.leclercdrive.fr/image.ashx?id=2753587&use=l&cat=p&typeid=i","cat":334133},{"id":15500,"n":"Ruban adhésif Magic Scotch Dévidoir 25mx19mm x1","p":1.95,"img":"https://fd13-photos.leclercdrive.fr/image.ashx?id=2753590&use=l&cat=p&typeid=i","cat":334133},{"id":15513,"n":"Gâteau cacao Oreo Lu Rouleaux Vanille - 154g","p":1.05,"u":"6,82 €/KG","img":"https://fd13-photos.leclercdrive.fr/image.ashx?id=3002282&use=l&cat=p&typeid=i","cat":284488},{"id":15542,"n":"Prépartion mirabelles NRT De Lorraine  - 315g","p":2.64,"u":"8,38 €/KG","img":"https://fd13-photos.leclercdrive.fr/image.ashx?id=2699795&use=l&cat=p&typeid=i","cat":284480},{"id":15544,"n":"Crackers Tokapi  Fromage et graines - 65g","p":1.34,"u":"20,62 €/KG","img":"https://fd13-photos.leclercdrive.fr/image.ashx?id=2075247&use=l&cat=p&typeid=i","cat":297000},{"id":15564,"n":"Chips paysannes Pom'lisse Nature - 150g","p":0.99,"u":"6,60 €/KG","img":"https://fd13-photos.leclercdrive.fr/image.ashx?id=2927854&use=l&cat=p&typeid=i","cat":284447},{"id":15590,"n":"pain complet 3 céréales bio  bjorg 500g","p":2.2,"u":"4,40 €/KG","img":"https://fd13-photos.leclercdrive.fr/image.ashx?id=2752951&use=l&cat=p&typeid=i","cat":325069},{"id":15592,"n":"Fromage enfant Ficello Nature à effilocher x8 - 168g","p":3.4,"u":"20,24 €/KG","img":"https://fd13-photos.leclercdrive.fr/image.ashx?id=2375376&use=l&cat=p&typeid=i","cat":314030},{"id":15615,"n":"Multifruits Jafaden 100% Pur jus - 1,5L","p":1.99,"u":"1,33 €/L","img":"https://fd13-photos.leclercdrive.fr/image.ashx?id=2890000&use=l&cat=p&typeid=i","cat":284917},{"id":15626,"n":"Salade maxi Florette Laitue iceberg - 450g","p":2.9,"u":"6,44 €/KG","img":"https://fd13-photos.leclercdrive.fr/image.ashx?id=2090039&use=l&cat=p&typeid=i","cat":284353},{"id":15646,"n":"Saumon Atlantique Connétable 112g","p":4.65,"u":"41,52 €/KG","img":"https://fd13-photos.leclercdrive.fr/image.ashx?id=2960162&use=l&cat=p&typeid=i","cat":305147},{"id":15741,"n":"Tampons Doulys Compact Super - x20","p":2.35,"u":"0,12 €/P","img":"https://fd13-photos.leclercdrive.fr/image.ashx?id=2965470&use=l&cat=p&typeid=i","cat":284626},{"id":15746,"n":"Soupe Liquide Liebig  Bisque de Homard - 300g","p":2.47,"u":"8,23 €/KG","img":"https://fd13-photos.leclercdrive.fr/image.ashx?id=2651390&use=l&cat=p&typeid=i","cat":287366},{"id":15801,"n":"IGP Pays d'Oc rosé Cinsault Syrah Ormes de Cambras 12% 75cl","p":2.82,"u":"3,76 €/L","img":"https://fd13-photos.leclercdrive.fr/image.ashx?id=2105158&use=l&cat=p&typeid=i","cat":289558},{"id":15805,"n":"Boisson énergisante Red Bull sans sucres, 4x250ml","p":4.37,"u":"4,37 €/L","img":"https://fd13-photos.leclercdrive.fr/image.ashx?id=3009371&use=l&cat=p&typeid=i","cat":284533},{"id":15807,"n":"Boisson aux fruits Oasis Goût Pomme Cassis Framboise 2L","p":2.5,"u":"1,25 €/L","img":"https://fd13-photos.leclercdrive.fr/image.ashx?id=3014452&use=l&cat=p&typeid=i","cat":295018},{"id":15808,"n":"AOC Côtes du Rhône rosé Prestige Cellier Dauphins 75cl","p":3.16,"u":"4,21 €/L","img":"https://fd13-photos.leclercdrive.fr/image.ashx?id=2829988&use=l&cat=p&typeid=i","cat":289558},{"id":15820,"n":"Coloration Excellence crème Blond foncé n°6","p":8.0,"img":"https://fd13-photos.leclercdrive.fr/image.ashx?id=2770365&use=l&cat=p&typeid=i","cat":288899},{"id":15840,"n":"Coloration Casting crème gloss Noir ébène n°200 - 1 pièce","p":7.49,"img":"https://fd13-photos.leclercdrive.fr/image.ashx?id=2871973&use=l&cat=p&typeid=i","cat":288899},{"id":15875,"n":"Eau de Cologne Bien Etre Naturelle - 250ml","p":4.45,"u":"17,80 €/L","img":"https://fd13-photos.leclercdrive.fr/image.ashx?id=2353665&use=l&cat=p&typeid=i","cat":291525},{"id":15889,"n":"Huile sèche Petit Marseillais Sublimante - 150ml","p":4.87,"u":"32,47 €/L","img":"https://fd13-photos.leclercdrive.fr/image.ashx?id=2830138&use=l&cat=p&typeid=i","cat":325349},{"id":15895,"n":"Soin cheveux nutrition Garnier Cheveu bouclé à frisé - 200ml","p":2.4,"u":"12,00 €/L","img":"https://fd13-photos.leclercdrive.fr/image.ashx?id=2985354&use=l&cat=p&typeid=i","cat":284608},{"id":15910,"n":"Lait de toilette Mixa Bébé  Très Doux - 400ml","p":3.54,"u":"8,85 €/L","img":"https://fd13-photos.leclercdrive.fr/image.ashx?id=2548672&use=l&cat=p&typeid=i","cat":284740},{"id":15912,"n":"Mousse à raser Williams Peau sensible 200ml","p":1.92,"u":"9,60 €/L","img":"https://fd13-photos.leclercdrive.fr/image.ashx?id=2785976&use=l&cat=p&typeid=i","cat":284617},{"id":15919,"n":"Soin hydratant L'Oréal Paris Men Expert Anti-fatigue - 50ml","p":5.59,"u":"111,80 €/L","img":"https://fd13-photos.leclercdrive.fr/image.ashx?id=2811278&use=l&cat=p&typeid=i","cat":284622},{"id":15937,"n":"Serviette Hygienique Vania  Maxi confort normal plus - x16","p":1.69,"u":"0,11 €/P","img":"https://fd13-photos.leclercdrive.fr/image.ashx?id=2908027&use=l&cat=p&typeid=i","cat":284624},{"id":15954,"n":"Protector Finish  anti-corrosion","p":3.79,"u":"126,33 €/KG","img":"https://fd13-photos.leclercdrive.fr/image.ashx?id=2659677&use=l&cat=p&typeid=i","cat":284657},{"id":15969,"n":"Gel nettoyant canalisations  Destop Javel Agrumes - 750ml","p":2.49,"u":"3,32 €/L","img":"https://fd13-photos.leclercdrive.fr/image.ashx?id=2885956&use=l&cat=p&typeid=i","cat":284908},{"id":16020,"n":"Gambas ASC Pêche Océan Géantes tigrées 8/12pièces 400g","p":10.8,"u":"27,00 €/KG","img":"https://fd13-photos.leclercdrive.fr/image.ashx?id=1469048&use=l&cat=p&typeid=i","cat":319787},{"id":16031,"n":"Epinards en branches Bio Bio Village - 600g","p":1.65,"u":"2,75 €/KG","img":"https://fd13-photos.leclercdrive.fr/image.ashx?id=2891803&use=l&cat=p&typeid=i","cat":319805},{"id":16033,"n":"Choux-fleurs Bio Bio Village En fleurettes - 600g","p":1.99,"u":"3,32 €/KG","img":"https://fd13-photos.leclercdrive.fr/image.ashx?id=3002653&use=l&cat=p&typeid=i","cat":319805},{"id":16043,"n":"Crevettes cuites Pêche Océan Décortiquées - MSC - 200g","p":3.49,"u":"17,45 €/KG","img":"https://fd13-photos.leclercdrive.fr/image.ashx?id=2478766&use=l&cat=p&typeid=i","cat":319787},{"id":16046,"n":"Fromage de chèvre Les Croisés Frais rond - 200g","p":1.89,"u":"9,45 €/KG","img":"https://fd13-photos.leclercdrive.fr/image.ashx?id=2281099&use=l&cat=p&typeid=i","cat":314031},{"id":16061,"n":"Sauce Tomates Barilla Basilic - 400g","p":1.64,"u":"4,10 €/KG","img":"https://fd13-photos.leclercdrive.fr/image.ashx?id=2832518&use=l&cat=p&typeid=i","cat":287599},{"id":16062,"n":"Sauce Pesto Genovese Barilla Au basilic frais - 190g","p":1.98,"u":"10,42 €/KG","img":"https://fd13-photos.leclercdrive.fr/image.ashx?id=2737585&use=l&cat=p&typeid=i","cat":287599},{"id":16063,"n":"Sauce Pesto Barilla Rosso - 200g","p":1.95,"u":"9,75 €/KG","img":"https://fd13-photos.leclercdrive.fr/image.ashx?id=2308348&use=l&cat=p&typeid=i","cat":287599},{"id":16065,"n":"Bouillon de boeuf Maggi 8 tablettes 80g","p":0.88,"u":"11,00 €/KG","img":"https://fd13-photos.leclercdrive.fr/image.ashx?id=2729932&use=l&cat=p&typeid=i","cat":288379},{"id":16066,"n":"Bouillon pot-au-feu Maggi 8 tablettes 80g","p":0.88,"u":"11,00 €/KG","img":"https://fd13-photos.leclercdrive.fr/image.ashx?id=1551233&use=l&cat=p&typeid=i","cat":288379},{"id":16076,"n":"Sauce Italienne Zapetti 3x95g","p":2.09,"u":"7,33 €/KG","img":"https://fd13-photos.leclercdrive.fr/image.ashx?id=2579978&use=l&cat=p&typeid=i","cat":288384},{"id":16094,"n":"Pansements bain Mercurochrome Bain 3 tailles x16","p":3.2,"u":"0,20 €/P","img":"https://fd13-photos.leclercdrive.fr/image.ashx?id=2663965&use=l&cat=p&typeid=i","cat":284630},{"id":16095,"n":"Spray anti-moustique Marie Rose 8h - 100ml","p":4.39,"u":"43,90 €/L","img":"https://fd13-photos.leclercdrive.fr/image.ashx?id=2666749&use=l&cat=p&typeid=i","cat":299654},{"id":16139,"n":"Bretzels Ancel Dr Oetker Sachet - 100g","p":0.57,"u":"5,70 €/KG","img":"https://fd13-photos.leclercdrive.fr/image.ashx?id=2895172&use=l&cat=p&typeid=i","cat":297000},{"id":16153,"n":"Biscuits petit déj Bio Village Bio Chocolat / Noisettes - 200g","p":2.08,"u":"10,40 €/KG","img":"https://fd13-photos.leclercdrive.fr/image.ashx?id=2371560&use=l&cat=p&typeid=i","cat":284491},{"id":16159,"n":"Brume d'eau pure Inell 400ml","p":1.65,"u":"4,13 €/L","img":"https://fd13-photos.leclercdrive.fr/image.ashx?id=806289&use=l&cat=p&typeid=i","cat":290295},{"id":16171,"n":"Riz Thaï Bio Village Bio - 500g","p":2.45,"u":"4,90 €/KG","img":"https://fd13-photos.leclercdrive.fr/image.ashx?id=2441510&use=l&cat=p&typeid=i","cat":284428},{"id":16172,"n":"Mini Barres chocolatées Lion x18 barres - 350g","p":3.78,"u":"10,80 €/KG","img":"https://fd13-photos.leclercdrive.fr/image.ashx?id=2925553&use=l&cat=p&typeid=i","cat":284498},{"id":16231,"n":"Porto Tawny Dorrao 20%vol - 75cl","p":11.65,"u":"15,53 €/L","img":"https://fd13-photos.leclercdrive.fr/image.ashx?id=2869856&use=l&cat=p&typeid=i","cat":284913},{"id":16254,"n":"Câpres surfines Rustica Au vinaigre - 60g","p":1.23,"u":"20,50 €/KG","img":"https://fd13-photos.leclercdrive.fr/image.ashx?id=1677666&use=l&cat=p&typeid=i","cat":284458},{"id":16271,"n":"Maïs Géant Vert extra croquant sans résidu pesticides - 285g","p":1.05,"u":"3,68 €/KG","img":"https://fd13-photos.leclercdrive.fr/image.ashx?id=2754267&use=l&cat=p&typeid=i","cat":312611},{"id":16272,"n":"Maïs Géant Vert extra tendre sans résidu pesticides - 285g","p":1.01,"u":"3,54 €/KG","img":"https://fd13-photos.leclercdrive.fr/image.ashx?id=2462448&use=l&cat=p&typeid=i","cat":312611},{"id":16290,"n":"Tampons flash Spontex x2","p":2.01,"u":"1,01 €/P","img":"https://fd13-photos.leclercdrive.fr/image.ashx?id=2670875&use=l&cat=p&typeid=i","cat":284667},{"id":16303,"n":"Petits oignons Rustica Vinaigre doux - 190g","p":0.79,"u":"4,16 €/KG","img":"https://fd13-photos.leclercdrive.fr/image.ashx?id=2916683&use=l&cat=p&typeid=i","cat":284458},{"id":16429,"n":"Oeufs frais plein air Bio Bio village - x10","p":3.41,"u":"0,34 €/P","img":"https://fd13-photos.leclercdrive.fr/image.ashx?id=1520552&use=l&cat=p&typeid=i","cat":284378},{"id":16430,"n":"Lait de coco bio Jardin Bio Bio - 400ml","p":2.18,"u":"5,45 €/L","img":"https://fd13-photos.leclercdrive.fr/image.ashx?id=2790132&use=l&cat=p&typeid=i","cat":288992},{"id":16431,"n":"Raviolis bio boeuf Jardin Bio 72cl","p":4.08,"u":"5,67 €/L","img":"https://fd13-photos.leclercdrive.fr/image.ashx?id=2972469&use=l&cat=p&typeid=i","cat":284442},{"id":16432,"n":"Pâte brisée Bio  Bio village - 230g","p":1.99,"u":"8,65 €/KG","img":"https://fd13-photos.leclercdrive.fr/image.ashx?id=2274177&use=l&cat=p&typeid=i","cat":333681},{"id":16433,"n":"Pâte feuilletée Bio Bio village - 230g","p":1.65,"u":"7,17 €/KG","img":"https://fd13-photos.leclercdrive.fr/image.ashx?id=2969006&use=l&cat=p&typeid=i","cat":333681},{"id":16435,"n":"Tagliatelles fraîches Bio Bio village - 250g","p":1.39,"u":"5,56 €/KG","img":"https://fd13-photos.leclercdrive.fr/image.ashx?id=2875735&use=l&cat=p&typeid=i","cat":333682},{"id":16436,"n":"Pâtes torsades Bio Village Bio -  500g","p":0.85,"u":"1,70 €/KG","img":"https://fd13-photos.leclercdrive.fr/image.ashx?id=2625367&use=l&cat=p&typeid=i","cat":284427},{"id":16438,"n":"Riz long Bio Village Bio - 500g","p":1.94,"u":"3,88 €/KG","img":"https://fd13-photos.leclercdrive.fr/image.ashx?id=2582996&use=l&cat=p&typeid=i","cat":284428},{"id":16439,"n":"Riz Basmati Bio Village Bio - 500g","p":1.5,"u":"3,00 €/KG","img":"https://fd13-photos.leclercdrive.fr/image.ashx?id=795814&use=l&cat=p&typeid=i","cat":284428},{"id":16492,"n":"Légumes pour couscous bio Jardin Bio - 660g","p":2.63,"u":"3,65 €/L","img":"https://fd13-photos.leclercdrive.fr/image.ashx?id=2534887&use=l&cat=p&typeid=i","cat":312612},{"id":16493,"n":"Pâte à tartiner bio Jardin Bio Cacao noisettes - 350g","p":3.74,"u":"10,69 €/KG","img":"https://fd13-photos.leclercdrive.fr/image.ashx?id=2918844&use=l&cat=p&typeid=i","cat":284481},{"id":16520,"n":"Mayonnaise Eco+ Bocal - 470g","p":1.17,"u":"2,49 €/KG","img":"https://fd13-photos.leclercdrive.fr/image.ashx?id=2954322&use=l&cat=p&typeid=i","cat":298295},{"id":16521,"n":"Lait demi-écrémé Eco+ Brique UHT -  6x1L","p":5.52,"u":"0,92 €/L","img":"https://fd13-photos.leclercdrive.fr/image.ashx?id=2925955&use=l&cat=p&typeid=i","cat":284377},{"id":16522,"n":"Soufflés cacahuète Eco+ 100g","p":0.34,"u":"3,40 €/KG","img":"https://fd13-photos.leclercdrive.fr/image.ashx?id=2678785&use=l&cat=p&typeid=i","cat":284449},{"id":16524,"n":"Pâtes Eco+ Spaghetti - 1kg","p":1.02,"u":"1,02 €/KG","img":"https://fd13-photos.leclercdrive.fr/image.ashx?id=2757494&use=l&cat=p&typeid=i","cat":284427},{"id":16525,"n":"Purée de pommes de terre Eco+ Déshydratée 4x125g","p":1.39,"u":"2,78 €/KG","img":"https://fd13-photos.leclercdrive.fr/image.ashx?id=2929858&use=l&cat=p&typeid=i","cat":284431},{"id":16526,"n":"Assortiment biscuits salés Eco+ 350g","p":1.06,"u":"3,03 €/KG","img":"https://fd13-photos.leclercdrive.fr/image.ashx?id=2613255&use=l&cat=p&typeid=i","cat":297000},{"id":16536,"n":"Sucre Eco+ En morceaux - 1kg","p":1.33,"u":"1,33 €/KG","img":"https://fd13-photos.leclercdrive.fr/image.ashx?id=2702274&use=l&cat=p&typeid=i","cat":284502},{"id":16547,"n":"Barquette chiens Eco+ A la Volaille - 300g","p":0.52,"u":"1,73 €/KG","img":"https://fd13-photos.leclercdrive.fr/image.ashx?id=2052727&use=l&cat=p&typeid=i","cat":284673},{"id":16548,"n":"Barquette pour chats Eco+ Riche en volaille - 100g","p":0.24,"u":"2,40 €/KG","img":"https://fd13-photos.leclercdrive.fr/image.ashx?id=2052736&use=l&cat=p&typeid=i","cat":285286},{"id":16550,"n":"Limonade Eco+ 1,5L","p":0.38,"u":"0,25 €/L","img":"https://fd13-photos.leclercdrive.fr/image.ashx?id=2245752&use=l&cat=p&typeid=i","cat":284531},{"id":16552,"n":"Jus de pomme abc Eco+ 1L","p":0.85,"u":"0,85 €/L","img":"https://fd13-photos.leclercdrive.fr/image.ashx?id=2802269&use=l&cat=p&typeid=i","cat":284522},{"id":16553,"n":"Soda cola Eco+ 1,5L","p":0.49,"u":"0,33 €/L","img":"https://fd13-photos.leclercdrive.fr/image.ashx?id=2807270&use=l&cat=p&typeid=i","cat":284530},{"id":16554,"n":"Soda cola light 1,5l","p":0.4,"u":"0,27 €/L","img":"https://fd13-photos.leclercdrive.fr/image.ashx?id=2071234&use=l&cat=p&typeid=i","cat":284530},{"id":16558,"n":"Thé glacé pêche Eco  2L","p":1.25,"u":"0,63 €/L","img":"https://fd13-photos.leclercdrive.fr/image.ashx?id=2764955&use=l&cat=p&typeid=i","cat":295019},{"id":16560,"n":"Lingettes multi-usages Eco+ Citron x50","p":0.62,"img":"https://fd13-photos.leclercdrive.fr/image.ashx?id=2958675&use=l&cat=p&typeid=i","cat":325358},{"id":16569,"n":"Mini pâté en croute Eco+ 450g","p":1.97,"u":"4,38 €/KG","img":"https://fd13-photos.leclercdrive.fr/image.ashx?id=2724541&use=l&cat=p&typeid=i","cat":316003},{"id":16570,"n":"Saucisse sèche droite Eco+ 250g","p":1.78,"u":"7,12 €/KG","img":"https://fd13-photos.leclercdrive.fr/image.ashx?id=2845137&use=l&cat=p&typeid=i","cat":316006},{"id":16571,"n":"Tagliatelles fraiches Eco+ 500g","p":1.4,"u":"2,80 €/KG","img":"https://fd13-photos.leclercdrive.fr/image.ashx?id=2751850&use=l&cat=p&typeid=i","cat":333682},{"id":16582,"n":"Pommes frites Eco+ 2,5kg","p":2.81,"u":"1,12 €/KG","img":"https://fd13-photos.leclercdrive.fr/image.ashx?id=2660523&use=l&cat=p&typeid=i","cat":319791},{"id":16583,"n":"Pommes rissolées surgelées Eco+ 1kg","p":1.11,"u":"1,11 €/KG","img":"https://fd13-photos.leclercdrive.fr/image.ashx?id=2085934&use=l&cat=p&typeid=i","cat":319792},{"id":16642,"n":"Génoises fourrées P'tit Déli Agrumes - 150g","p":1.09,"u":"7,27 €/KG","img":"https://fd13-photos.leclercdrive.fr/image.ashx?id=2482502&use=l&cat=p&typeid=i","cat":284489},{"id":16701,"n":"Bouchées RAFFAELLO Noix de coco Amandes - 180g","p":4.71,"u":"26,17 €/KG","img":"https://fd13-photos.leclercdrive.fr/image.ashx?id=2937857&use=l&cat=p&typeid=i","cat":327595},{"id":16737,"n":"Viande hachée 15% MG Férial 500g","p":7.29,"u":"14,58 €/KG","img":"https://fd13-photos.leclercdrive.fr/image.ashx?id=2904013&use=l&cat=p&typeid=i","cat":284332},{"id":16741,"n":"Viande hachée 5% MG Férial 350g","p":5.71,"u":"16,31 €/KG","img":"https://fd13-photos.leclercdrive.fr/image.ashx?id=2904010&use=l&cat=p&typeid=i","cat":284332},{"id":16742,"n":"Steak haché Férial 15%mg - 800g","p":11.15,"u":"13,94 €/KG","img":"https://fd13-photos.leclercdrive.fr/image.ashx?id=2904004&use=l&cat=p&typeid=i","cat":284332},{"id":16747,"n":"Viande hachée 15% MG Férial 350g","p":5.59,"u":"15,97 €/KG","img":"https://fd13-photos.leclercdrive.fr/image.ashx?id=2904007&use=l&cat=p&typeid=i","cat":284332},{"id":16766,"n":"Viande hachée 20% MG Férial 700g","p":9.45,"u":"13,50 €/KG","img":"https://fd13-photos.leclercdrive.fr/image.ashx?id=2904016&use=l&cat=p&typeid=i","cat":284332},{"id":16783,"n":"AOP Saumur brut Les Caractères - 75cl","p":4.49,"u":"5,99 €/L","img":"https://fd13-photos.leclercdrive.fr/image.ashx?id=2895774&use=l&cat=p&typeid=i","cat":284544},{"id":16800,"n":"Eau minérale naturelle Contrex 6x1L","p":2.45,"u":"0,41 €/L","img":"https://fd13-photos.leclercdrive.fr/image.ashx?id=2731720&use=l&cat=p&typeid=i","cat":284535},{"id":16803,"n":"AOC Champagne Président Germain Brut - 75cl","p":24.9,"u":"33,20 €/L","img":"https://fd13-photos.leclercdrive.fr/image.ashx?id=1567645&use=l&cat=p&typeid=i","cat":284542},{"id":16805,"n":"Viande bovine Férial steak ** à griller - 280g","p":5.79,"u":"20,68 €/KG","img":"https://fd13-photos.leclercdrive.fr/image.ashx?id=2483557&use=l&cat=p&typeid=i","cat":284328},{"id":16824,"n":"Bavette Viande bovine Férial  Aloyau ***à griller x2 - 280g","p":8.05,"u":"28,75 €/KG","img":"https://fd13-photos.leclercdrive.fr/image.ashx?id=2483560&use=l&cat=p&typeid=i","cat":284328},{"id":16841,"n":"Génoises fourrées P'tit Déli Framboise cassis - 150g","p":1.06,"u":"7,07 €/KG","img":"https://fd13-photos.leclercdrive.fr/image.ashx?id=2473981&use=l&cat=p&typeid=i","cat":284489},{"id":16842,"n":"Spéculoos P'tit Déli 2x250g","p":1.47,"u":"2,94 €/KG","img":"https://fd13-photos.leclercdrive.fr/image.ashx?id=2046364&use=l&cat=p&typeid=i","cat":284487},{"id":16847,"n":"Chewing-gum Freedent white Menthe douce 70g","p":2.23,"u":"31,86 €/KG","img":"https://fd13-photos.leclercdrive.fr/image.ashx?id=2237289&use=l&cat=p&typeid=i","cat":304251},{"id":16849,"n":"Chewing-gum Freedent white Menthe forte 70g","p":2.23,"u":"31,86 €/KG","img":"https://fd13-photos.leclercdrive.fr/image.ashx?id=2237292&use=l&cat=p&typeid=i","cat":304251},{"id":16916,"n":"Croquette Tous Mes Amis Vitalité - viande de boeuf 10kg","p":12.99,"u":"1,30 €/KG","img":"https://fd13-photos.leclercdrive.fr/image.ashx?id=2078635&use=l&cat=p&typeid=i","cat":284672},{"id":16920,"n":"Coeurs d'artichaut Notre Jardin 240g","p":2.49,"u":"10,38 €/KG","img":"https://fd13-photos.leclercdrive.fr/image.ashx?id=2501994&use=l&cat=p&typeid=i","cat":312611},{"id":16928,"n":"Escargots Maitre Coquille Bourgogne très gros - 500g","p":17.99,"u":"35,98 €/KG","img":"https://fd13-photos.leclercdrive.fr/image.ashx?id=1915572&use=l&cat=p&typeid=i","cat":319775},{"id":16965,"n":"Harissa Phare du Cap Bon Tube - 70g","p":0.69,"u":"9,86 €/KG","img":"https://fd13-photos.leclercdrive.fr/image.ashx?id=2660946&use=l&cat=p&typeid=i","cat":289013},{"id":17014,"n":"Fromage apéritif Apéricube Sélection festive 48 cubes","p":4.17,"u":"16,68 €/KG","img":"https://fd13-photos.leclercdrive.fr/image.ashx?id=2882665&use=l&cat=p&typeid=i","cat":314027},{"id":17036,"n":"Mouchoirs blancs 3 plis Caresse Boîte mouchoirs papier x90","p":1.04,"u":"0,01 €/P","img":"https://fd13-photos.leclercdrive.fr/image.ashx?id=1286020&use=l&cat=p&typeid=i","cat":284638},{"id":17037,"n":"Rasoir Carré Homme 5 lames - x1","p":4.69,"img":"https://fd13-photos.leclercdrive.fr/image.ashx?id=2704657&use=l&cat=p&typeid=i","cat":284616},{"id":17104,"n":"Tuiles Tokapi  Nature - 170g","p":1.35,"u":"7,94 €/KG","img":"https://fd13-photos.leclercdrive.fr/image.ashx?id=2632849&use=l&cat=p&typeid=i","cat":287899},{"id":17105,"n":"Chips Tuiles Tokapi Crème oignon - 170g","p":1.35,"u":"7,94 €/KG","img":"https://fd13-photos.leclercdrive.fr/image.ashx?id=2643375&use=l&cat=p&typeid=i","cat":287899},{"id":17108,"n":"Brume d'eau pure Inell 150ml","p":1.25,"u":"8,33 €/L","img":"https://fd13-photos.leclercdrive.fr/image.ashx?id=2712980&use=l&cat=p&typeid=i","cat":290295},{"id":17112,"n":"Limonade Bio village Bio - 1L","p":0.96,"u":"0,96 €/L","img":"https://fd13-photos.leclercdrive.fr/image.ashx?id=2632900&use=l&cat=p&typeid=i","cat":284531},{"id":17113,"n":"Cidre bouché Bio village Bio 4% vol - 75cl","p":2.29,"u":"3,05 €/L","img":"https://fd13-photos.leclercdrive.fr/image.ashx?id=2907255&use=l&cat=p&typeid=i","cat":334880},{"id":17158,"n":"Mozzarella Bio  Bio village - 125g","p":1.21,"u":"9,68 €/KG","img":"https://fd13-photos.leclercdrive.fr/image.ashx?id=2856350&use=l&cat=p&typeid=i","cat":314026},{"id":17165,"n":"Poulet blanc Maître coq Eleveur de nos régions - 1,3kg","p":7.19,"u":"5,53 €/KG","img":"https://fd13-photos.leclercdrive.fr/image.ashx?id=2926359&use=l&cat=p&typeid=i","cat":284336},{"id":17166,"n":"Poulet jaune Maître Coq Eleveur de nos régions 1,3kg","p":7.62,"u":"5,86 €/KG","img":"https://fd13-photos.leclercdrive.fr/image.ashx?id=2926356&use=l&cat=p&typeid=i","cat":284336},{"id":17167,"n":"Paupiettes de dinde Maître Coq Nature x4 - 520g","p":7.95,"u":"15,29 €/KG","img":"https://fd13-photos.leclercdrive.fr/image.ashx?id=2569482&use=l&cat=p&typeid=i","cat":284337},{"id":17189,"n":"Biscuit petit dej P'tit Déli Miel/pépites chocolat - 400g","p":2.15,"u":"5,38 €/KG","img":"https://fd13-photos.leclercdrive.fr/image.ashx?id=2999502&use=l&cat=p&typeid=i","cat":284491},{"id":17220,"n":"Nettoyant spray Clair Anti-calcaire 750ml","p":0.94,"u":"1,25 €/L","img":"https://fd13-photos.leclercdrive.fr/image.ashx?id=2882316&use=l&cat=p&typeid=i","cat":325362},{"id":17223,"n":"Mouchoirs blancs 3 plis Caresse Boîte déco décor aléatoire x70","p":1.52,"u":"0,02 €/P","img":"https://fd13-photos.leclercdrive.fr/image.ashx?id=2812548&use=l&cat=p&typeid=i","cat":284638},{"id":17239,"n":"Sauce nantua Giraudet 250g","p":3.2,"u":"12,80 €/KG","img":"https://fd13-photos.leclercdrive.fr/image.ashx?id=2214792&use=l&cat=p&typeid=i","cat":284382},{"id":17240,"n":"Quenelle nature Giraudet Pur beurre - 4x80g","p":4.1,"u":"12,81 €/KG","img":"https://fd13-photos.leclercdrive.fr/image.ashx?id=2214798&use=l&cat=p&typeid=i","cat":333682},{"id":17241,"n":"Quenelle nature Giraudet Pur beurre - 16x20g","p":4.24,"u":"13,25 €/KG","img":"https://fd13-photos.leclercdrive.fr/image.ashx?id=2533481&use=l&cat=p&typeid=i","cat":333682},{"id":17242,"n":"Quenelle au brochet Giraudet Pur beurre 4x80g","p":4.5,"u":"14,06 €/KG","img":"https://fd13-photos.leclercdrive.fr/image.ashx?id=2214807&use=l&cat=p&typeid=i","cat":333682},{"id":17244,"n":"Saucisses de Strasbourg  Stemmelen x6 - 240g","p":3.3,"u":"13,75 €/KG","img":"https://fd13-photos.leclercdrive.fr/image.ashx?id=2803673&use=l&cat=p&typeid=i","cat":316012},{"id":17252,"n":"Faisselle La Bressane - 6,5%mg - 6x100g","p":2.67,"u":"4,45 €/KG","img":"https://fd13-photos.leclercdrive.fr/image.ashx?id=2733403&use=l&cat=p&typeid=i","cat":284409},{"id":17274,"n":"Lunettes de Romans Fraise - 350g","p":3.26,"u":"9,31 €/KG","img":"https://fd13-photos.leclercdrive.fr/image.ashx?id=2364204&use=l&cat=p&typeid=i","cat":284489},{"id":17275,"n":"Biscuits lunettes Fourrés à la framboise 350g","p":3.43,"u":"9,80 €/KG","img":"https://fd13-photos.leclercdrive.fr/image.ashx?id=597653&use=l&cat=p&typeid=i","cat":284487},{"id":17287,"n":"Pâtes Alpina Savoie Nouilles Savoisiennes - 500g","p":1.42,"u":"2,84 €/KG","img":"https://fd13-photos.leclercdrive.fr/image.ashx?id=2789850&use=l&cat=p&typeid=i","cat":284427},{"id":17290,"n":"Pâtes Alpina Avoine - 500g","p":1.45,"u":"2,90 €/KG","img":"https://fd13-photos.leclercdrive.fr/image.ashx?id=2789856&use=l&cat=p&typeid=i","cat":284427},{"id":17291,"n":"Semoule de maïs Alpina Moyenne - 1kg","p":1.8,"u":"1,80 €/KG","img":"https://fd13-photos.leclercdrive.fr/image.ashx?id=2020218&use=l&cat=p&typeid=i","cat":284431},{"id":17293,"n":"Génoise mix milk Balconi Pâtissier x10 280g","p":1.86,"u":"10,33 €/KG","img":"https://fd13-photos.leclercdrive.fr/image.ashx?id=2878411&use=l&cat=p&typeid=i","cat":284495},{"id":17294,"n":"Pâtes crozets nature Alpina 400g","p":2.67,"u":"6,68 €/KG","img":"https://fd13-photos.leclercdrive.fr/image.ashx?id=2795072&use=l&cat=p&typeid=i","cat":284427},{"id":17295,"n":"Pâtes crozets Alpina Savoie Au sarrasin - 400g","p":2.4,"u":"6,00 €/KG","img":"https://fd13-photos.leclercdrive.fr/image.ashx?id=2795075&use=l&cat=p&typeid=i","cat":284427},{"id":17297,"n":"Gâteau mix max Balconi Pâtissier 350g","p":2.19,"u":"6,26 €/KG","img":"https://fd13-photos.leclercdrive.fr/image.ashx?id=2878417&use=l&cat=p&typeid=i","cat":284495},{"id":17303,"n":"Gros sel de mer iodé Baleine 1kg","p":0.78,"u":"0,78 €/KG","img":"https://fd13-photos.leclercdrive.fr/image.ashx?id=2788526&use=l&cat=p&typeid=i","cat":284457},{"id":17338,"n":"Feutres de coloriage Esquisse Lavable - Pointe moyenne x24","p":2.3,"img":"https://fd13-photos.leclercdrive.fr/image.ashx?id=2727659&use=l&cat=p&typeid=i","cat":284696},{"id":17340,"n":"Pizza Cuite sur pierre Turini  Poulet rôti poivrons - 400g","p":2.23,"u":"5,58 €/KG","img":"https://fd13-photos.leclercdrive.fr/image.ashx?id=2815235&use=l&cat=p&typeid=i","cat":284256},{"id":17348,"n":"Lanières poivrons Notre Jardin 600g","p":2.15,"u":"3,58 €/KG","img":"https://fd13-photos.leclercdrive.fr/image.ashx?id=2916680&use=l&cat=p&typeid=i","cat":319805},{"id":17362,"n":"Moules ASC Pêche Océan Décortiquées - 500g","p":3.38,"u":"6,76 €/KG","img":"https://fd13-photos.leclercdrive.fr/image.ashx?id=2835023&use=l&cat=p&typeid=i","cat":319787},{"id":17389,"n":"Biscuits dorés extra P'tit Déli 2x150g","p":1.19,"u":"3,97 €/KG","img":"https://fd13-photos.leclercdrive.fr/image.ashx?id=778210&use=l&cat=p&typeid=i","cat":284487},{"id":17390,"n":"Tampon à récurer Mamison x3","p":0.68,"u":"0,23 €/P","img":"https://fd13-photos.leclercdrive.fr/image.ashx?id=2216957&use=l&cat=p&typeid=i","cat":284667},{"id":17392,"n":"Mouchoirs blanc 4 plis Univert Etuis x15 - Ecolabel","p":1.95,"u":"0,13 €/P","img":"https://fd13-photos.leclercdrive.fr/image.ashx?id=2549951&use=l&cat=p&typeid=i","cat":284638},{"id":17410,"n":"Gel anticalcaire Texil 750ml","p":2.59,"u":"3,45 €/L","img":"https://fd13-photos.leclercdrive.fr/image.ashx?id=2958711&use=l&cat=p&typeid=i","cat":284653},{"id":17413,"n":"Sacs congélation zip Elembal Petit modèle x25","p":1.45,"u":"0,06 €/P","img":"https://fd13-photos.leclercdrive.fr/image.ashx?id=2751883&use=l&cat=p&typeid=i","cat":334134},{"id":17414,"n":"Activateur de lavage Textil Spécial blanc 10 tablettes","p":2.1,"u":"9,33 €/KG","img":"https://fd13-photos.leclercdrive.fr/image.ashx?id=2964565&use=l&cat=p&typeid=i","cat":284651},{"id":17425,"n":"Fromage blanc Délisse Vanille 2,5%MG - 8x100g","p":2.82,"u":"3,53 €/KG","img":"https://fd13-photos.leclercdrive.fr/image.ashx?id=3012827&use=l&cat=p&typeid=i","cat":284409},{"id":17469,"n":"Biscuits P'tit Déli Bâtonnets Chocolat blanc 150g","p":1.7,"u":"11,33 €/KG","img":"https://fd13-photos.leclercdrive.fr/image.ashx?id=2470195&use=l&cat=p&typeid=i","cat":284488},{"id":17472,"n":"Macaroni chiens 4Pat Au lait vitaminé - 5kg","p":7.6,"u":"1,52 €/KG","img":"https://fd13-photos.leclercdrive.fr/image.ashx?id=2877835&use=l&cat=p&typeid=i","cat":284672},{"id":17476,"n":"Boudins noirs aux oignons Tradilège x3 - 375g","p":2.65,"u":"7,07 €/KG","img":"https://fd13-photos.leclercdrive.fr/image.ashx?id=2930754&use=l&cat=p&typeid=i","cat":316012},{"id":17571,"n":"Crème entière fluide UHT Délisse - Brique 30%mg - 1L","p":4.25,"u":"4,25 €/L","img":"https://fd13-photos.leclercdrive.fr/image.ashx?id=2509980&use=l&cat=p&typeid=i","cat":284381},{"id":17584,"n":"Dissolvant Maybelline New York Manucure Express - 125ml","p":3.16,"u":"25,28 €/L","img":"https://fd13-photos.leclercdrive.fr/image.ashx?id=2348367&use=l&cat=p&typeid=i","cat":325347},{"id":17625,"n":"Bûche glacée Eskiss Fruits rouges et biscuit - 564g","p":4.7,"u":"8,33 €/KG","img":"https://fd13-photos.leclercdrive.fr/image.ashx?id=2968976&use=l&cat=p&typeid=i","cat":284266},{"id":17627,"n":"Mini bûches glacées Eskiss Assortiment - 311g","p":2.29,"u":"7,36 €/KG","img":"https://fd13-photos.leclercdrive.fr/image.ashx?id=2614458&use=l&cat=p&typeid=i","cat":284266},{"id":17653,"n":"Fromage apéritif Apéricube Best of des saveurs 48 cubes","p":4.17,"u":"16,68 €/KG","img":"https://fd13-photos.leclercdrive.fr/image.ashx?id=2882662&use=l&cat=p&typeid=i","cat":314027},{"id":17694,"n":"Couches bébé Mots d'Enfants T4+ Ultra confort - 9/20kg - x144","p":20.5,"u":"0,14 €/P","img":"https://fd13-photos.leclercdrive.fr/image.ashx?id=2689426&use=l&cat=p&typeid=i","cat":284737},{"id":17709,"n":"Sauce au poivre Knorr A la crème fraiche - 30cl","p":1.38,"u":"4,60 €/L","img":"https://fd13-photos.leclercdrive.fr/image.ashx?id=2985096&use=l&cat=p&typeid=i","cat":288381},{"id":17710,"n":"Sauce Hollandaise Knorr Au jus de citron - 30cl","p":1.5,"u":"5,00 €/L","img":"https://fd13-photos.leclercdrive.fr/image.ashx?id=2985099&use=l&cat=p&typeid=i","cat":288381},{"id":17717,"n":"Blanc de poulet Tradilège x4 160g","p":1.36,"u":"8,50 €/KG","img":"https://fd13-photos.leclercdrive.fr/image.ashx?id=2925738&use=l&cat=p&typeid=i","cat":316010},{"id":17718,"n":"Blanc de dinde Tradilège 4 tranches 160g","p":1.65,"u":"10,31 €/KG","img":"https://fd13-photos.leclercdrive.fr/image.ashx?id=2989787&use=l&cat=p&typeid=i","cat":316010},{"id":17768,"n":"Boudins blancs au porto Tradilège x3 - 375g","p":3.89,"u":"10,37 €/KG","img":"https://fd13-photos.leclercdrive.fr/image.ashx?id=2252040&use=l&cat=p&typeid=i","cat":316012},{"id":17783,"n":"Chocolats Ferrero Rocher x24 pralines - 300g","p":9.93,"u":"33,10 €/KG","img":"https://fd13-photos.leclercdrive.fr/image.ashx?id=2944999&use=l&cat=p&typeid=i","cat":327600},{"id":17813,"n":"Détachant Texil avant lavage 500ml","p":1.75,"u":"3,50 €/L","img":"https://fd13-photos.leclercdrive.fr/image.ashx?id=2958708&use=l&cat=p&typeid=i","cat":284651},{"id":17823,"n":"Tarama oeufs de cabillaud Blini Maxi format - 330g","p":3.49,"u":"10,58 €/KG","img":"https://fd13-photos.leclercdrive.fr/image.ashx?id=2298589&use=l&cat=p&typeid=i","cat":315999},{"id":17824,"n":"Tzatziki blini Maxi format - 330g","p":2.79,"u":"8,45 €/KG","img":"https://fd13-photos.leclercdrive.fr/image.ashx?id=2298592&use=l&cat=p&typeid=i","cat":315999},{"id":17825,"n":"Blinis cocktail Blini 2x170g","p":2.99,"u":"8,79 €/KG","img":"https://fd13-photos.leclercdrive.fr/image.ashx?id=2974620&use=l&cat=p&typeid=i","cat":285191},{"id":17845,"n":"Saumon crème fraîche Marie Fondue poireaux 400g","p":4.97,"u":"12,43 €/KG","img":"https://fd13-photos.leclercdrive.fr/image.ashx?id=2996785&use=l&cat=p&typeid=i","cat":319786},{"id":17899,"n":"Knacks pur porc Tradilège Fumées au bois x10 - 350g","p":1.52,"u":"4,34 €/KG","img":"https://fd13-photos.leclercdrive.fr/image.ashx?id=2448321&use=l&cat=p&typeid=i","cat":316012},{"id":17901,"n":"Macaroni d'Alsace NRT 250g","p":1.39,"u":"5,56 €/KG","img":"https://fd13-photos.leclercdrive.fr/image.ashx?id=2839989&use=l&cat=p&typeid=i","cat":284427},{"id":17917,"n":"Nettoyant canalisations Ouragan Fraîcheur mentholée - 1L","p":2.84,"u":"2,84 €/L","img":"https://fd13-photos.leclercdrive.fr/image.ashx?id=2367544&use=l&cat=p&typeid=i","cat":284662},{"id":17969,"n":"Purée de fruit NATURNES Pomme pêche 4M+ - 4x130g","p":2.12,"u":"4,08 €/KG","img":"https://fd13-photos.leclercdrive.fr/image.ashx?id=2629644&use=l&cat=p&typeid=i","cat":312387},{"id":17995,"n":"Acide chlorhydrique Phébus Détartrant puissant 1L","p":2.38,"u":"2,38 €/L","img":"https://fd13-photos.leclercdrive.fr/image.ashx?id=2432088&use=l&cat=p&typeid=i","cat":300576},{"id":18000,"n":"Lait céréales Blédidej 12 mois Chocolat biscuité - 4x250ml","p":3.69,"u":"3,69 €/L","img":"https://fd13-photos.leclercdrive.fr/image.ashx?id=2921028&use=l&cat=p&typeid=i","cat":312226},{"id":18002,"n":"Lait céréales Blédidej 12 mois Biscuité vanille - 4x250ml","p":3.59,"u":"3,59 €/L","img":"https://fd13-photos.leclercdrive.fr/image.ashx?id=2921034&use=l&cat=p&typeid=i","cat":312226},{"id":18003,"n":"Lait céréales Blédidej 12 mois Vanille chocolat - 4x250ml","p":3.21,"u":"3,21 €/L","img":"https://fd13-photos.leclercdrive.fr/image.ashx?id=2921031&use=l&cat=p&typeid=i","cat":312226},{"id":18066,"n":"Nouilles chinoises Suzi Wan En nid - 250g","p":1.6,"u":"6,40 €/KG","img":"https://fd13-photos.leclercdrive.fr/image.ashx?id=2886253&use=l&cat=p&typeid=i","cat":288992},{"id":18070,"n":"Fromage frais bio Bio Village Fruits panachés - 12x50g","p":2.76,"u":"4,60 €/KG","img":"https://fd13-photos.leclercdrive.fr/image.ashx?id=2992630&use=l&cat=p&typeid=i","cat":284409},{"id":18090,"n":"Alcool ménager Mieuxa Vanille 1L","p":4.2,"u":"4,20 €/L","img":"https://fd13-photos.leclercdrive.fr/image.ashx?id=2446023&use=l&cat=p&typeid=i","cat":300576},{"id":18091,"n":"Alcool ménager Mieuxa Citron 1L","p":4.15,"u":"4,15 €/L","img":"https://fd13-photos.leclercdrive.fr/image.ashx?id=2277038&use=l&cat=p&typeid=i","cat":300576},{"id":18100,"n":"Lait céréales bébé Blédiner 12m Légumes soir - 2x250ml","p":1.83,"u":"3,66 €/L","img":"https://fd13-photos.leclercdrive.fr/image.ashx?id=2960144&use=l&cat=p&typeid=i","cat":312239},{"id":18124,"n":"Pêche poire cerise  Douceur du Verger - 4x70g","p":2.79,"u":"9,96 €/KG","img":"https://fd13-photos.leclercdrive.fr/image.ashx?id=2149378&use=l&cat=p&typeid=i","cat":284507},{"id":18131,"n":"Lessive de soude Mieuxa Décapant déboucheur - 1L","p":3.15,"u":"3,15 €/L","img":"https://fd13-photos.leclercdrive.fr/image.ashx?id=2500099&use=l&cat=p&typeid=i","cat":300576},{"id":18207,"n":"Lingettes démaquillantes Inell x25","p":1.34,"u":"0,05 €/P","img":"https://fd13-photos.leclercdrive.fr/image.ashx?id=2769579&use=l&cat=p&typeid=i","cat":284603},{"id":18208,"n":"Lingettes démaquillantes Inell x25","p":1.34,"u":"0,05 €/P","img":"https://fd13-photos.leclercdrive.fr/image.ashx?id=2752622&use=l&cat=p&typeid=i","cat":284603},{"id":18218,"n":"Chipolatas Férial x6 - 330g","p":3.49,"u":"10,58 €/KG","img":"https://fd13-photos.leclercdrive.fr/image.ashx?id=2837096&use=l&cat=p&typeid=i","cat":284334},{"id":18219,"n":"Merguez Férial x6 - 330g","p":4.19,"u":"12,70 €/KG","img":"https://fd13-photos.leclercdrive.fr/image.ashx?id=2840019&use=l&cat=p&typeid=i","cat":284334},{"id":18221,"n":"Lardons supérieurs Tradilège Nature - 2x100g","p":1.85,"u":"9,25 €/KG","img":"https://fd13-photos.leclercdrive.fr/image.ashx?id=2933340&use=l&cat=p&typeid=i","cat":316011},{"id":18223,"n":"Lardons supérieurs Tradilège Fumés - 2x100g","p":1.85,"u":"9,25 €/KG","img":"https://fd13-photos.leclercdrive.fr/image.ashx?id=2933343&use=l&cat=p&typeid=i","cat":316011},{"id":18224,"n":"Allumettes Tradilège Nature - 2x100g","p":1.75,"u":"8,75 €/KG","img":"https://fd13-photos.leclercdrive.fr/image.ashx?id=2933349&use=l&cat=p&typeid=i","cat":316011},{"id":18225,"n":"Allumettes Tradilège Fumées - 2x100g","p":1.75,"u":"8,75 €/KG","img":"https://fd13-photos.leclercdrive.fr/image.ashx?id=2933346&use=l&cat=p&typeid=i","cat":316011},{"id":18227,"n":"Lardons supérieurs Tradilège Nature - 160g","p":1.5,"u":"9,38 €/KG","img":"https://fd13-photos.leclercdrive.fr/image.ashx?id=2751949&use=l&cat=p&typeid=i","cat":316011},{"id":18230,"n":"Lardons supérieurs Tradilège Fumés - 160g","p":1.5,"u":"9,38 €/KG","img":"https://fd13-photos.leclercdrive.fr/image.ashx?id=2816636&use=l&cat=p&typeid=i","cat":316011},{"id":18231,"n":"Poitrine fumée Tradilège 4 tranches 300 gr","p":4.65,"u":"15,50 €/KG","img":"https://fd13-photos.leclercdrive.fr/image.ashx?id=2852273&use=l&cat=p&typeid=i","cat":316011},{"id":18233,"n":"Poitrine Fumée Tradilège Tranches fines - 2x7T - 200g","p":2.48,"u":"12,40 €/KG","img":"https://fd13-photos.leclercdrive.fr/image.ashx?id=2852267&use=l&cat=p&typeid=i","cat":316011},{"id":18238,"n":"Mousse de canard Tradilège 180g","p":1.16,"u":"6,44 €/KG","img":"https://fd13-photos.leclercdrive.fr/image.ashx?id=2994360&use=l&cat=p&typeid=i","cat":316008},{"id":18241,"n":"Pâté de campagne Tradilège Supérieur 180g","p":1.25,"u":"6,94 €/KG","img":"https://fd13-photos.leclercdrive.fr/image.ashx?id=2844848&use=l&cat=p&typeid=i","cat":316008},{"id":18245,"n":"Rillettes du Mans Tradilège 220g","p":1.45,"u":"6,59 €/KG","img":"https://fd13-photos.leclercdrive.fr/image.ashx?id=2548124&use=l&cat=p&typeid=i","cat":316008},{"id":18246,"n":"Rillettes du Mans Tradilège 400g","p":2.32,"u":"5,80 €/KG","img":"https://fd13-photos.leclercdrive.fr/image.ashx?id=2580385&use=l&cat=p&typeid=i","cat":316008},{"id":18250,"n":"Saucisses Francfort Tradilège x4 240g","p":2.07,"u":"8,63 €/KG","img":"https://fd13-photos.leclercdrive.fr/image.ashx?id=2905955&use=l&cat=p&typeid=i","cat":316012},{"id":18251,"n":"Knacks Tradilège Fumées au bois - x4 - 140g","p":1.05,"u":"7,50 €/KG","img":"https://fd13-photos.leclercdrive.fr/image.ashx?id=2930739&use=l&cat=p&typeid=i","cat":316012},{"id":18252,"n":"Knacks Tradilège Fumées au bois - x6 - 210g","p":1.38,"u":"6,57 €/KG","img":"https://fd13-photos.leclercdrive.fr/image.ashx?id=2448318&use=l&cat=p&typeid=i","cat":316012},{"id":18257,"n":"Saucisses Cocktail Tradilège 400g","p":2.82,"u":"7,05 €/KG","img":"https://fd13-photos.leclercdrive.fr/image.ashx?id=2659082&use=l&cat=p&typeid=i","cat":316012},{"id":18258,"n":"Saucisse Tradilège Mini Knacks Pot micro ondable 200g","p":2.59,"u":"12,95 €/KG","img":"https://fd13-photos.leclercdrive.fr/image.ashx?id=2930921&use=l&cat=p&typeid=i","cat":316012},{"id":18262,"n":"Cervelas supérieur Tradilège 300g","p":2.1,"u":"7,00 €/KG","img":"https://fd13-photos.leclercdrive.fr/image.ashx?id=2421636&use=l&cat=p&typeid=i","cat":316012},{"id":18263,"n":"Andouillettes Tradilège Nature x3 420g","p":4.09,"u":"9,74 €/KG","img":"https://fd13-photos.leclercdrive.fr/image.ashx?id=2728282&use=l&cat=p&typeid=i","cat":316012},{"id":18266,"n":"Dés de jambon Tradilège 2x75g","p":1.49,"u":"9,93 €/KG","img":"https://fd13-photos.leclercdrive.fr/image.ashx?id=2925732&use=l&cat=p&typeid=i","cat":316011},{"id":18267,"n":"Allumettes de jambon Tradilège 2x75g","p":1.05,"u":"7,00 €/KG","img":"https://fd13-photos.leclercdrive.fr/image.ashx?id=2925716&use=l&cat=p&typeid=i","cat":316011},{"id":18287,"n":"Céréales Extra Kellogg's Chocolat au lait - 500g","p":4.06,"u":"8,12 €/KG","img":"https://fd13-photos.leclercdrive.fr/image.ashx?id=2692707&use=l&cat=p&typeid=i","cat":309512},{"id":18351,"n":"Fromage à tartiner Les Croisés Nature - 25%mg - 150g","p":1.24,"u":"8,27 €/KG","img":"https://fd13-photos.leclercdrive.fr/image.ashx?id=1671226&use=l&cat=p&typeid=i","cat":314029},{"id":18355,"n":"Gambas sauvage Pêche Océan Taille 4/7 500g","p":11.47,"u":"22,94 €/KG","img":"https://fd13-photos.leclercdrive.fr/image.ashx?id=1991086&use=l&cat=p&typeid=i","cat":319787},{"id":18363,"n":"Pots bébé bio Babybio Maïs poulet - 8 mois - 2x200g","p":2.75,"u":"6,88 €/KG","img":"https://fd13-photos.leclercdrive.fr/image.ashx?id=2827461&use=l&cat=p&typeid=i","cat":312236},{"id":18374,"n":"Petits pois d'aucy  Extra-fins - 280g","p":0.98,"u":"3,50 €/KG","img":"https://fd13-photos.leclercdrive.fr/image.ashx?id=2503434&use=l&cat=p&typeid=i","cat":312607},{"id":18375,"n":"Petits pois carottes d''Aucy Extra fins - 265g","p":1.08,"u":"4,08 €/KG","img":"https://fd13-photos.leclercdrive.fr/image.ashx?id=2475324&use=l&cat=p&typeid=i","cat":312607},{"id":18384,"n":"Fagot bouquet garni Ducros 17g","p":1.93,"u":"113,53 €/KG","img":"https://fd13-photos.leclercdrive.fr/image.ashx?id=2326667&use=l&cat=p&typeid=i","cat":298297},{"id":18387,"n":"Herbes de Provence Ducros Barbecue - 100g","p":1.15,"u":"11,50 €/KG","img":"https://fd13-photos.leclercdrive.fr/image.ashx?id=2414717&use=l&cat=p&typeid=i","cat":298297},{"id":18389,"n":"Poivre Ducros Spécial moulin - 100g","p":4.0,"u":"40,00 €/KG","img":"https://fd13-photos.leclercdrive.fr/image.ashx?id=2559439&use=l&cat=p&typeid=i","cat":284457},{"id":18392,"n":"Paprika doux moulu Ducros 40g","p":1.67,"u":"41,75 €/KG","img":"https://fd13-photos.leclercdrive.fr/image.ashx?id=2854414&use=l&cat=p&typeid=i","cat":298297},{"id":18393,"n":"Persil Ducros 17g","p":1.67,"u":"98,24 €/KG","img":"https://fd13-photos.leclercdrive.fr/image.ashx?id=2559436&use=l&cat=p&typeid=i","cat":298297},{"id":18394,"n":"Persil Ducros 30g","p":3.18,"u":"106,00 €/KG","img":"https://fd13-photos.leclercdrive.fr/image.ashx?id=2486554&use=l&cat=p&typeid=i","cat":298297},{"id":18398,"n":"Piment doux moulu Ducros 40g","p":1.7,"u":"42,50 €/KG","img":"https://fd13-photos.leclercdrive.fr/image.ashx?id=2490494&use=l&cat=p&typeid=i","cat":298297},{"id":18403,"n":"Poivre saveur et épices Ducros Moulin - 30g","p":2.95,"u":"98,33 €/KG","img":"https://fd13-photos.leclercdrive.fr/image.ashx?id=2353698&use=l&cat=p&typeid=i","cat":284457},{"id":18404,"n":"Safran moulu Ducros 4 doses - 0.4g","p":3.73,"img":"https://fd13-photos.leclercdrive.fr/image.ashx?id=2580490&use=l&cat=p&typeid=i","cat":298297},{"id":18408,"n":"Thon entier Pêche Océan Naturel - 140g","p":1.9,"u":"13,57 €/KG","img":"https://fd13-photos.leclercdrive.fr/image.ashx?id=2942187&use=l&cat=p&typeid=i","cat":303867},{"id":18409,"n":"Thon entier Pêche Océan Naturel - 93g","p":1.39,"u":"14,95 €/KG","img":"https://fd13-photos.leclercdrive.fr/image.ashx?id=2943635&use=l&cat=p&typeid=i","cat":303867},{"id":18437,"n":"Allumettes Bacon Tradilège Fumées - 2x100g","p":1.74,"u":"8,70 €/KG","img":"https://fd13-photos.leclercdrive.fr/image.ashx?id=2905952&use=l&cat=p&typeid=i","cat":316011},{"id":18441,"n":"Pur jus de fruits Jafaden Mandarine - 1L","p":2.39,"u":"2,39 €/L","img":"https://fd13-photos.leclercdrive.fr/image.ashx?id=2956044&use=l&cat=p&typeid=i","cat":284915},{"id":18521,"n":"Papier toilette Mimosa Blanc double épaisseur - x12","p":2.85,"u":"0,24 €/P","img":"https://fd13-photos.leclercdrive.fr/image.ashx?id=2783343&use=l&cat=p&typeid=i","cat":284634},{"id":18562,"n":"Feuille papier calque Esquisse x12 21x29,7cm","p":1.19,"img":"https://fd13-photos.leclercdrive.fr/image.ashx?id=2943172&use=l&cat=p&typeid=i","cat":284697},{"id":18577,"n":"Papier toilette Mimosa Blanc - Ultra doux - x24","p":4.33,"u":"0,18 €/P","img":"https://fd13-photos.leclercdrive.fr/image.ashx?id=2777851&use=l&cat=p&typeid=i","cat":284634},{"id":18598,"n":"Yaourts à la Grecque Délisse Mûre Framboise - 4x150g","p":1.99,"u":"3,32 €/KG","img":"https://fd13-photos.leclercdrive.fr/image.ashx?id=2699441&use=l&cat=p&typeid=i","cat":314999},{"id":18669,"n":"Snacks Tokapi 4 saveurs - 100g","p":0.87,"u":"8,70 €/KG","img":"https://fd13-photos.leclercdrive.fr/image.ashx?id=2884234&use=l&cat=p&typeid=i","cat":284449},{"id":18671,"n":"Tuiles Tokapi Paprika - 170g","p":1.35,"u":"7,94 €/KG","img":"https://fd13-photos.leclercdrive.fr/image.ashx?id=2632852&use=l&cat=p&typeid=i","cat":287899},{"id":18676,"n":"Allume-feu Silex cubes 18 sachets individuels","p":3.23,"img":"https://fd13-photos.leclercdrive.fr/image.ashx?id=2643584&use=l&cat=p&typeid=i","cat":300578},{"id":18695,"n":"IGP Ail blanc de Lomagne  Nos Régions ont du Talent 320g","p":3.99,"u":"12,47 €/KG","img":"https://fd13-photos.leclercdrive.fr/image.ashx?id=2039593&use=l&cat=p&typeid=i","cat":284352},{"id":18723,"n":"Boulettes provençale Férial x12 - 300g","p":4.09,"u":"13,63 €/KG","img":"https://fd13-photos.leclercdrive.fr/image.ashx?id=2816627&use=l&cat=p&typeid=i","cat":284332},{"id":18746,"n":"Pavés de boeuf à l'échalote Férial x2 - 240g","p":4.79,"u":"19,96 €/KG","img":"https://fd13-photos.leclercdrive.fr/image.ashx?id=2854273&use=l&cat=p&typeid=i","cat":284328},{"id":18747,"n":"Pavés de boeuf marinés 3 poivre Férial x2 - 240g","p":4.75,"u":"19,79 €/KG","img":"https://fd13-photos.leclercdrive.fr/image.ashx?id=2854276&use=l&cat=p&typeid=i","cat":284328},{"id":18754,"n":"Boulettes nature Férial x12 - 300g","p":4.09,"u":"13,63 €/KG","img":"https://fd13-photos.leclercdrive.fr/image.ashx?id=2816624&use=l&cat=p&typeid=i","cat":284332},{"id":18853,"n":"Soin de jour Diadermine Lift+ Elastine Anti-rides - 50ml","p":7.27,"u":"145,40 €/L","img":"https://fd13-photos.leclercdrive.fr/image.ashx?id=2464024&use=l&cat=p&typeid=i","cat":325345},{"id":18953,"n":"Thon entier Pêche Océan Naturel - 186g","p":2.5,"u":"13,44 €/KG","img":"https://fd13-photos.leclercdrive.fr/image.ashx?id=2942193&use=l&cat=p&typeid=i","cat":303867},{"id":18968,"n":"Gâteaux mini marbrés P'tit Déli Chocolat x7 - 189g","p":1.59,"u":"8,41 €/KG","img":"https://fd13-photos.leclercdrive.fr/image.ashx?id=1947360&use=l&cat=p&typeid=i","cat":284495},{"id":18983,"n":"Crème glacée Eskiss Noix de coco - 494g","p":2.82,"u":"5,71 €/KG","img":"https://fd13-photos.leclercdrive.fr/image.ashx?id=2982607&use=l&cat=p&typeid=i","cat":284263},{"id":18996,"n":"Confiture Bonne Maman 4 fruits rouges - 370g","p":2.23,"u":"6,03 €/KG","img":"https://fd13-photos.leclercdrive.fr/image.ashx?id=2547474&use=l&cat=p&typeid=i","cat":284480},{"id":18997,"n":"Confiture Bonne Maman Châtaigne 370g","p":1.95,"u":"5,27 €/KG","img":"https://fd13-photos.leclercdrive.fr/image.ashx?id=2474987&use=l&cat=p&typeid=i","cat":284480},{"id":19022,"n":"Sirop Frucci Orange - 1L","p":4.26,"u":"4,26 €/L","img":"https://fd13-photos.leclercdrive.fr/image.ashx?id=2954070&use=l&cat=p&typeid=i","cat":295020},{"id":19023,"n":"Sirop Frucci Citron - 1L","p":2.04,"u":"2,04 €/L","img":"https://fd13-photos.leclercdrive.fr/image.ashx?id=2955656&use=l&cat=p&typeid=i","cat":295020},{"id":19066,"n":"Vodka Poliakov 37,5%vol - 1L","p":15.91,"u":"15,91 €/L","img":"https://fd13-photos.leclercdrive.fr/image.ashx?id=2576916&use=l&cat=p&typeid=i","cat":284550},{"id":19098,"n":"Cookies gros éclats Granola Chocolat - 184g","p":1.8,"u":"9,78 €/KG","img":"https://fd13-photos.leclercdrive.fr/image.ashx?id=2996413&use=l&cat=p&typeid=i","cat":325066},{"id":19102,"n":"Croquettes chat Purina One Stérilisé-Saumon/Céréales-1,5kg","p":6.85,"u":"4,57 €/KG","img":"https://fd13-photos.leclercdrive.fr/image.ashx?id=2541268&use=l&cat=p&typeid=i","cat":284680},{"id":19109,"n":"Café moulu Bio Ethiquable  100% Arabica Equateur - 250g","p":5.98,"u":"23,92 €/KG","img":"https://fd13-photos.leclercdrive.fr/image.ashx?id=2875153&use=l&cat=p&typeid=i","cat":284750},{"id":19110,"n":"Boeuf Bourguignon Côté Table 300g","p":2.04,"u":"6,80 €/KG","img":"https://fd13-photos.leclercdrive.fr/image.ashx?id=2517679&use=l&cat=p&typeid=i","cat":284953},{"id":19112,"n":"Thé vert Bio Ethiquable Gingembre Citron vert x20 - 36g","p":2.3,"u":"63,89 €/KG","img":"https://fd13-photos.leclercdrive.fr/image.ashx?id=2870842&use=l&cat=p&typeid=i","cat":293233},{"id":19146,"n":"Cappelletti bio Céréal Bio tofu et Chèvre express-220g","p":1.99,"u":"9,05 €/KG","img":"https://fd13-photos.leclercdrive.fr/image.ashx?id=2642372&use=l&cat=p&typeid=i","cat":287600},{"id":19149,"n":"Huile d'olive Bio Soléou Vierge extra - 1L","p":12.47,"u":"12,47 €/L","img":"https://fd13-photos.leclercdrive.fr/image.ashx?id=2559008&use=l&cat=p&typeid=i","cat":284453},{"id":19152,"n":"Huile d'olive Bio Soleou Vierge extra fruttato - 75cl","p":9.76,"u":"13,01 €/L","img":"https://fd13-photos.leclercdrive.fr/image.ashx?id=2732614&use=l&cat=p&typeid=i","cat":284453},{"id":19199,"n":"Pain de mie La Boulangère à la  Farine complète Bio - 500g","p":1.99,"u":"3,98 €/KG","img":"https://fd13-photos.leclercdrive.fr/image.ashx?id=2912386&use=l&cat=p&typeid=i","cat":284477},{"id":19202,"n":"Galettes bio Bio Village 4 céréales x17 - 130g","p":0.99,"u":"7,62 €/KG","img":"https://fd13-photos.leclercdrive.fr/image.ashx?id=2816154&use=l&cat=p&typeid=i","cat":318651},{"id":19207,"n":"Galettes pur beurre Bio Village Bio - 125g","p":1.02,"u":"8,16 €/KG","img":"https://fd13-photos.leclercdrive.fr/image.ashx?id=1937985&use=l&cat=p&typeid=i","cat":284487},{"id":19210,"n":"Flageolets Préparés Cassegrain Extra Fins 265g","p":1.76,"u":"6,64 €/KG","img":"https://fd13-photos.leclercdrive.fr/image.ashx?id=2983084&use=l&cat=p&typeid=i","cat":312606},{"id":19211,"n":"Lentilles Préparées Cassegrain Tendres et Fondants 265g","p":1.65,"u":"6,23 €/KG","img":"https://fd13-photos.leclercdrive.fr/image.ashx?id=2952460&use=l&cat=p&typeid=i","cat":312609},{"id":19231,"n":"Petit Pois Cassegrain Tendres et Fondants 140g","p":1.3,"u":"9,29 €/KG","img":"https://fd13-photos.leclercdrive.fr/image.ashx?id=2912974&use=l&cat=p&typeid=i","cat":312607},{"id":19232,"n":"Printanière Cassegrain Carotte, Petit Pois, Champignon - 265g","p":1.98,"u":"7,47 €/KG","img":"https://fd13-photos.leclercdrive.fr/image.ashx?id=2913001&use=l&cat=p&typeid=i","cat":312612},{"id":19240,"n":"Fruits au sirop St Mamet Poires Williams - 465g","p":3.17,"u":"6,82 €/KG","img":"https://fd13-photos.leclercdrive.fr/image.ashx?id=2630223&use=l&cat=p&typeid=i","cat":284507},{"id":19255,"n":"Croquettes chat Purina One Light Adulte -Poulet/Blé -1,5kg","p":6.98,"u":"4,65 €/KG","img":"https://fd13-photos.leclercdrive.fr/image.ashx?id=2432010&use=l&cat=p&typeid=i","cat":284680},{"id":19256,"n":"Croquettes chat Purina One Adulte d'intérieur-Dinde -1,5kg","p":7.22,"u":"4,81 €/KG","img":"https://fd13-photos.leclercdrive.fr/image.ashx?id=2902271&use=l&cat=p&typeid=i","cat":284680},{"id":19257,"n":"Croquettes chat Purina One Sensible Adulte-Dinde/Riz-450g","p":2.61,"u":"5,80 €/KG","img":"https://fd13-photos.leclercdrive.fr/image.ashx?id=2459658&use=l&cat=p&typeid=i","cat":284680},{"id":19263,"n":"Filets de maquereaux Saupiquet A la moutarde - 169g","p":1.83,"u":"10,83 €/KG","img":"https://fd13-photos.leclercdrive.fr/image.ashx?id=2829961&use=l&cat=p&typeid=i","cat":303868},{"id":19279,"n":"Sucre de canne Daddy En morceaux - 1kg","p":2.23,"u":"2,23 €/KG","img":"https://fd13-photos.leclercdrive.fr/image.ashx?id=2908576&use=l&cat=p&typeid=i","cat":284502},{"id":19284,"n":"Huile pépins de raisin Cauvin 1l","p":6.49,"u":"6,49 €/L","img":"https://fd13-photos.leclercdrive.fr/image.ashx?id=2479234&use=l&cat=p&typeid=i","cat":284453},{"id":19285,"n":"Sauce crudités Rustica Fines herbes - 50cl","p":0.88,"u":"1,76 €/L","img":"https://fd13-photos.leclercdrive.fr/image.ashx?id=1972916&use=l&cat=p&typeid=i","cat":284456},{"id":19296,"n":"Gressins Tokapi Sésame - 125g","p":1.17,"u":"9,36 €/KG","img":"https://fd13-photos.leclercdrive.fr/image.ashx?id=1993574&use=l&cat=p&typeid=i","cat":297000},{"id":19298,"n":"Gressins Tokapi  Huile d'olive romarin - 125g","p":1.41,"u":"11,28 €/KG","img":"https://fd13-photos.leclercdrive.fr/image.ashx?id=1993577&use=l&cat=p&typeid=i","cat":297000},{"id":19301,"n":"Céréales Tipiak Méditerranéennes 2x200g","p":1.97,"u":"4,93 €/KG","img":"https://fd13-photos.leclercdrive.fr/image.ashx?id=2766253&use=l&cat=p&typeid=i","cat":284429},{"id":19303,"n":"Mini penne Turini 500g","p":0.98,"u":"1,96 €/KG","img":"https://fd13-photos.leclercdrive.fr/image.ashx?id=3015063&use=l&cat=p&typeid=i","cat":284427},{"id":19305,"n":"Pâtes Spaghetti Panzani 3 Minutes - 500G","p":1.2,"u":"2,40 €/KG","img":"https://fd13-photos.leclercdrive.fr/image.ashx?id=3008035&use=l&cat=p&typeid=i","cat":284427},{"id":19308,"n":"Epices pour guacamole Old el paso - 20g","p":1.12,"u":"56,00 €/KG","img":"https://fd13-photos.leclercdrive.fr/image.ashx?id=2858168&use=l&cat=p&typeid=i","cat":288993},{"id":19313,"n":"Tartelettes Bonne Maman A la framboise étui 135g","p":1.38,"u":"10,22 €/KG","img":"https://fd13-photos.leclercdrive.fr/image.ashx?id=2984383&use=l&cat=p&typeid=i","cat":284489},{"id":19319,"n":"Cookies Eco+ Pépites de chocolat - 200g","p":0.92,"u":"4,60 €/KG","img":"https://fd13-photos.leclercdrive.fr/image.ashx?id=2821875&use=l&cat=p&typeid=i","cat":325066},{"id":19347,"n":"Allume-feu Silex liquide 1L","p":3.99,"u":"3,99 €/L","img":"https://fd13-photos.leclercdrive.fr/image.ashx?id=2779193&use=l&cat=p&typeid=i","cat":300578},{"id":19353,"n":"Mao Croqui Haribo Sachet bonbons - 250g","p":1.38,"u":"5,52 €/KG","img":"https://fd13-photos.leclercdrive.fr/image.ashx?id=2805192&use=l&cat=p&typeid=i","cat":304250},{"id":19364,"n":"Madeleines extra Ker Cadélac Coquilles moelleuses x24 - 600g","p":2.83,"u":"4,72 €/KG","img":"https://fd13-photos.leclercdrive.fr/image.ashx?id=2939511&use=l&cat=p&typeid=i","cat":284492},{"id":19366,"n":"Barres céréales Grany Chocolat - 125g","p":1.75,"u":"14,00 €/KG","img":"https://fd13-photos.leclercdrive.fr/image.ashx?id=2773613&use=l&cat=p&typeid=i","cat":285869},{"id":19368,"n":"Barres céréales Grany Noisettes - 125g","p":1.99,"u":"15,92 €/KG","img":"https://fd13-photos.leclercdrive.fr/image.ashx?id=2773607&use=l&cat=p&typeid=i","cat":285869},{"id":19375,"n":"Barres céréales Prince Chocolat 125g","p":1.7,"u":"13,60 €/KG","img":"https://fd13-photos.leclercdrive.fr/image.ashx?id=2961816&use=l&cat=p&typeid=i","cat":285869},{"id":19386,"n":"Méli mélo céréales lég Tipiak 330g","p":2.24,"u":"6,79 €/KG","img":"https://fd13-photos.leclercdrive.fr/image.ashx?id=2563715&use=l&cat=p&typeid=i","cat":284429},{"id":19393,"n":"Café moulu Eco+ Décaféiné - 250g","p":2.63,"u":"10,52 €/KG","img":"https://fd13-photos.leclercdrive.fr/image.ashx?id=2784171&use=l&cat=p&typeid=i","cat":284750},{"id":19402,"n":"Chocolat Côte d'Or Noir pâte d'amandes 150g","p":3.12,"u":"20,80 €/KG","img":"https://fd13-photos.leclercdrive.fr/image.ashx?id=2985585&use=l&cat=p&typeid=i","cat":284956},{"id":19407,"n":"Tablette chocolat Milka Chocolat lait/daim - 2x100g","p":3.05,"u":"15,25 €/KG","img":"https://fd13-photos.leclercdrive.fr/image.ashx?id=3009149&use=l&cat=p&typeid=i","cat":284497},{"id":19408,"n":"Soupe Velouté Bio Village Bio Légumes verts - 1L","p":2.42,"u":"2,42 €/L","img":"https://fd13-photos.leclercdrive.fr/image.ashx?id=2352237&use=l&cat=p&typeid=i","cat":284462},{"id":19411,"n":"Compote Allégée en sucres Eco+ Coupelle pomme - 4x100g","p":0.55,"u":"1,38 €/KG","img":"https://fd13-photos.leclercdrive.fr/image.ashx?id=1961398&use=l&cat=p&typeid=i","cat":284508},{"id":19416,"n":"Dessert fruitier Andros Pomme allégé 730g","p":1.28,"u":"1,75 €/KG","img":"https://fd13-photos.leclercdrive.fr/image.ashx?id=2369930&use=l&cat=p&typeid=i","cat":284508},{"id":19417,"n":"Miel gelée royale Lune Miel 250g","p":5.05,"u":"20,20 €/KG","img":"https://fd13-photos.leclercdrive.fr/image.ashx?id=2607650&use=l&cat=p&typeid=i","cat":287643},{"id":19418,"n":"Pâtes serpentini Turini 500g","p":0.84,"u":"1,68 €/KG","img":"https://fd13-photos.leclercdrive.fr/image.ashx?id=2744231&use=l&cat=p&typeid=i","cat":284427},{"id":19420,"n":"Pâtes Torsades Turini Nature tomate épinard - 500g","p":1.1,"u":"2,20 €/KG","img":"https://fd13-photos.leclercdrive.fr/image.ashx?id=2607485&use=l&cat=p&typeid=i","cat":284427},{"id":19424,"n":"Spaghetti Turini Au blé complet - 500g","p":0.95,"u":"1,90 €/KG","img":"https://fd13-photos.leclercdrive.fr/image.ashx?id=2607497&use=l&cat=p&typeid=i","cat":284427},{"id":19426,"n":"Gâteaux L'Ourson Lulu LU Chocolat - 150g","p":1.3,"u":"8,67 €/KG","img":"https://fd13-photos.leclercdrive.fr/image.ashx?id=3014425&use=l&cat=p&typeid=i","cat":284495},{"id":19427,"n":"Pâtes penne Turini Blé complet - 500g","p":1.0,"u":"2,00 €/KG","img":"https://fd13-photos.leclercdrive.fr/image.ashx?id=2607500&use=l&cat=p&typeid=i","cat":284427},{"id":19433,"n":"Pain au lait Eco+ x10 - 400g","p":0.99,"u":"2,48 €/KG","img":"https://fd13-photos.leclercdrive.fr/image.ashx?id=2643578&use=l&cat=p&typeid=i","cat":293505},{"id":19435,"n":"Barres de céréales Special K Kellogg's Chocolat lait - 6x20g","p":2.17,"u":"18,08 €/KG","img":"https://fd13-photos.leclercdrive.fr/image.ashx?id=2306366&use=l&cat=p&typeid=i","cat":285869},{"id":19440,"n":"Flageolets d'aucy  Extra-fins - 530g","p":1.89,"u":"3,57 €/KG","img":"https://fd13-photos.leclercdrive.fr/image.ashx?id=2486152&use=l&cat=p&typeid=i","cat":312606},{"id":19442,"n":"Flageolets d'aucy  Extra-fins - 265g","p":1.34,"u":"5,06 €/KG","img":"https://fd13-photos.leclercdrive.fr/image.ashx?id=2503437&use=l&cat=p&typeid=i","cat":312606},{"id":19459,"n":"Flageolets cuisinés Roquelaure A l'auvergnate - 820g","p":2.29,"u":"2,79 €/KG","img":"https://fd13-photos.leclercdrive.fr/image.ashx?id=2928399&use=l&cat=p&typeid=i","cat":312606},{"id":19463,"n":"Sticks dentaires Lydog Moyen chien - x7 - 180g","p":1.39,"u":"7,72 €/KG","img":"https://fd13-photos.leclercdrive.fr/image.ashx?id=1878598&use=l&cat=p&typeid=i","cat":294527},{"id":19470,"n":"Gourmandise de Pois Cassegrain à la Provençale 375g","p":3.08,"u":"8,21 €/KG","img":"https://fd13-photos.leclercdrive.fr/image.ashx?id=2912998&use=l&cat=p&typeid=i","cat":312607},{"id":19471,"n":"Mélange Le Sélect Vico Graines variées - 100g","p":2.24,"u":"22,40 €/KG","img":"https://fd13-photos.leclercdrive.fr/image.ashx?id=2569839&use=l&cat=p&typeid=i","cat":284448},{"id":19473,"n":"Assiettes rondes Homeside Biodégradables 23cm x25","p":2.99,"img":"https://fd13-photos.leclercdrive.fr/image.ashx?id=1659687&use=l&cat=p&typeid=i","cat":334134},{"id":19474,"n":"Assiettes Ardence Dessert carrées 15.5cm x25","p":2.3,"img":"https://fd13-photos.leclercdrive.fr/image.ashx?id=951295&use=l&cat=p&typeid=i","cat":334134},{"id":19478,"n":"Gobelets Homeside Biodégradables 25cl x12","p":2.0,"u":"0,17 €/P","img":"https://fd13-photos.leclercdrive.fr/image.ashx?id=1659690&use=l&cat=p&typeid=i","cat":334134},{"id":19487,"n":"Cassoulet Toulousain   Raynal Et Roquelaure - 840g","p":4.19,"u":"4,99 €/KG","img":"https://fd13-photos.leclercdrive.fr/image.ashx?id=2928387&use=l&cat=p&typeid=i","cat":284440},{"id":19491,"n":"Couscous tunisien Côté Table Kefta merguez - 300g","p":2.19,"u":"7,30 €/KG","img":"https://fd13-photos.leclercdrive.fr/image.ashx?id=2499498&use=l&cat=p&typeid=i","cat":284953},{"id":19493,"n":"Colin d'alaska Côté Table Barquette micro-ondable 300g","p":1.99,"u":"6,63 €/KG","img":"https://fd13-photos.leclercdrive.fr/image.ashx?id=2770311&use=l&cat=p&typeid=i","cat":284953},{"id":19505,"n":"Olives vertes Crespo Dénoyautées 160g","p":1.79,"u":"11,19 €/KG","img":"https://fd13-photos.leclercdrive.fr/image.ashx?id=2616895&use=l&cat=p&typeid=i","cat":284458},{"id":19518,"n":"Cahier de Brouillon Eco+ 96 pages","p":0.49,"img":"https://fd13-photos.leclercdrive.fr/image.ashx?id=2943133&use=l&cat=p&typeid=i","cat":284697},{"id":19535,"n":"Stick lèvres Inell Nourrissant - 2 pièces","p":1.99,"u":"1,00 €/P","img":"https://fd13-photos.leclercdrive.fr/image.ashx?id=2841622&use=l&cat=p&typeid=i","cat":285485},{"id":19542,"n":"Filets de saumon rose Findus Pacifique - MSC - x4 - 400g","p":11.11,"u":"27,78 €/KG","img":"https://fd13-photos.leclercdrive.fr/image.ashx?id=2735326&use=l&cat=p&typeid=i","cat":319786},{"id":19575,"n":"Lait démaquillant Inell Douceur 250ml","p":1.59,"u":"6,36 €/L","img":"https://fd13-photos.leclercdrive.fr/image.ashx?id=2691622&use=l&cat=p&typeid=i","cat":284603},{"id":19601,"n":"Gâteaux marbrés P'tit Déli x14 378g","p":2.97,"u":"7,86 €/KG","img":"https://fd13-photos.leclercdrive.fr/image.ashx?id=1947363&use=l&cat=p&typeid=i","cat":284495},{"id":19604,"n":"Gâteaux P'tit Déli A base de yaourt x7 - 189g","p":1.88,"u":"9,95 €/KG","img":"https://fd13-photos.leclercdrive.fr/image.ashx?id=2059086&use=l&cat=p&typeid=i","cat":294776},{"id":19611,"n":"Soupe Velouté Régal Soupe Tomates - 2x30cl","p":1.49,"u":"2,48 €/L","img":"https://fd13-photos.leclercdrive.fr/image.ashx?id=2819271&use=l&cat=p&typeid=i","cat":284462},{"id":19617,"n":"Soupe Boeuf tomates Régal Soupe Vermicelles - 54g","p":0.99,"u":"18,33 €/KG","img":"https://fd13-photos.leclercdrive.fr/image.ashx?id=2663278&use=l&cat=p&typeid=i","cat":284463},{"id":19622,"n":"Soupe Minestrone Régal Soupe Déshydratée - 104g","p":0.68,"u":"6,54 €/KG","img":"https://fd13-photos.leclercdrive.fr/image.ashx?id=2663275&use=l&cat=p&typeid=i","cat":284463},{"id":19625,"n":"Mini goûters P'tit Déli Fraise 168g","p":1.13,"u":"6,73 €/KG","img":"https://fd13-photos.leclercdrive.fr/image.ashx?id=2310498&use=l&cat=p&typeid=i","cat":284489},{"id":19639,"n":"Bougies chauffe plats Eco+ Blanches - x100","p":3.33,"u":"0,03 €/P","img":"https://fd13-photos.leclercdrive.fr/image.ashx?id=2635544&use=l&cat=p&typeid=i","cat":335913},{"id":19659,"n":"Poêlée landaise Côté Table Surgelée - 900g","p":5.79,"u":"6,43 €/KG","img":"https://fd13-photos.leclercdrive.fr/image.ashx?id=2762629&use=l&cat=p&typeid=i","cat":319823},{"id":19660,"n":"Cordons bleus Pic'Express Au poulet 4x100g","p":3.63,"u":"9,08 €/KG","img":"https://fd13-photos.leclercdrive.fr/image.ashx?id=2852949&use=l&cat=p&typeid=i","cat":319780},{"id":19684,"n":"tofu nature bio bjorg  - 2x200g","p":2.63,"u":"6,58 €/KG","img":"https://fd13-photos.leclercdrive.fr/image.ashx?id=2907979&use=l&cat=p&typeid=i","cat":284953},{"id":19699,"n":"Sucre pure canne blond Beghin Say - 1kg","p":3.03,"u":"3,03 €/KG","img":"https://fd13-photos.leclercdrive.fr/image.ashx?id=2977321&use=l&cat=p&typeid=i","cat":284502},{"id":19700,"n":"Sucre spécial confiture Daddy 1kg","p":2.45,"u":"2,45 €/KG","img":"https://fd13-photos.leclercdrive.fr/image.ashx?id=2975858&use=l&cat=p&typeid=i","cat":284502},{"id":19702,"n":"Sucre en poudre Béghin Say 750g","p":1.78,"u":"2,37 €/KG","img":"https://fd13-photos.leclercdrive.fr/image.ashx?id=2866352&use=l&cat=p&typeid=i","cat":284502},{"id":19704,"n":"Sardines NRT St-Gilles Label Rouge à l'huile - 115g","p":2.25,"u":"19,57 €/KG","img":"https://fd13-photos.leclercdrive.fr/image.ashx?id=2791090&use=l&cat=p&typeid=i","cat":305146},{"id":19709,"n":"Chili con carne Zapetti 800g","p":4.09,"u":"5,11 €/KG","img":"https://fd13-photos.leclercdrive.fr/image.ashx?id=2545717&use=l&cat=p&typeid=i","cat":325094},{"id":19719,"n":"Yaourts Lait entier Bio Village Bio Vanille - 4x125g","p":1.27,"u":"2,54 €/KG","img":"https://fd13-photos.leclercdrive.fr/image.ashx?id=2702336&use=l&cat=p&typeid=i","cat":286006},{"id":19723,"n":"Sacs congélation zip Elembal Grand x15","p":1.8,"u":"0,12 €/P","img":"https://fd13-photos.leclercdrive.fr/image.ashx?id=2751889&use=l&cat=p&typeid=i","cat":334134},{"id":19729,"n":"Biscuit P'tit Déli Palmiers Chocolat au lait 110g","p":1.25,"u":"11,36 €/KG","img":"https://fd13-photos.leclercdrive.fr/image.ashx?id=2573403&use=l&cat=p&typeid=i","cat":284488},{"id":19732,"n":"Les p'tites spirales P'tit Déli Chocolat  x6 - 150g","p":1.35,"u":"9,00 €/KG","img":"https://fd13-photos.leclercdrive.fr/image.ashx?id=2660422&use=l&cat=p&typeid=i","cat":284495},{"id":19743,"n":"Déodorant atomiseur Carré Homme Musc 200ml","p":1.35,"u":"6,75 €/L","img":"https://fd13-photos.leclercdrive.fr/image.ashx?id=2375998&use=l&cat=p&typeid=i","cat":284618},{"id":19744,"n":"Déodorant atomiseur Carré Homme Marine 200ml","p":1.35,"u":"6,75 €/L","img":"https://fd13-photos.leclercdrive.fr/image.ashx?id=2390707&use=l&cat=p&typeid=i","cat":284618},{"id":19750,"n":"Cotons Duo Démaquillants Inell Duo carré - Disques x50","p":1.24,"u":"0,02 €/P","img":"https://fd13-photos.leclercdrive.fr/image.ashx?id=1709937&use=l&cat=p&typeid=i","cat":285593},{"id":19758,"n":"Essuie-tout Bobine Uni Vert Compact - 500 feuilles x1","p":4.5,"img":"https://fd13-photos.leclercdrive.fr/image.ashx?id=2684826&use=l&cat=p&typeid=i","cat":284635},{"id":19788,"n":"Stick lèvres Inell Hydratant - 2 pièces","p":1.5,"u":"0,75 €/P","img":"https://fd13-photos.leclercdrive.fr/image.ashx?id=2776042&use=l&cat=p&typeid=i","cat":285485},{"id":19796,"n":"Papier aluminium Elembal 30m","p":2.76,"img":"https://fd13-photos.leclercdrive.fr/image.ashx?id=2940905&use=l&cat=p&typeid=i","cat":334134},{"id":19798,"n":"Dissolvant doux Inell Sans acétone - 150ml","p":1.42,"u":"9,47 €/L","img":"https://fd13-photos.leclercdrive.fr/image.ashx?id=2691640&use=l&cat=p&typeid=i","cat":325347},{"id":19814,"n":"Piles alcalines Foxter AA/LR6 1,5V - x8","p":1.69,"u":"0,21 €/P","img":"https://fd13-photos.leclercdrive.fr/image.ashx?id=2162174&use=l&cat=p&typeid=i","cat":300572},{"id":19815,"n":"Piles alcalines Foxter AAA/LR3 1,5V - x8","p":1.69,"img":"https://fd13-photos.leclercdrive.fr/image.ashx?id=2162153&use=l&cat=p&typeid=i","cat":300572},{"id":19856,"n":"Pâtes Barilla Coquillettes - 1kg","p":1.86,"u":"1,86 €/KG","img":"https://fd13-photos.leclercdrive.fr/image.ashx?id=2392230&use=l&cat=p&typeid=i","cat":284427},{"id":19877,"n":"Mozzarella Spécial Cuisine Les Croisés - 400g","p":2.94,"u":"7,35 €/KG","img":"https://fd13-photos.leclercdrive.fr/image.ashx?id=2992531&use=l&cat=p&typeid=i","cat":314026},{"id":19881,"n":"Dés Salakis herbes de Provence Fromage brebis - 300g","p":3.33,"u":"11,10 €/KG","img":"https://fd13-photos.leclercdrive.fr/image.ashx?id=2729686&use=l&cat=p&typeid=i","cat":314026},{"id":19898,"n":"Oeufs frais Matines x12","p":2.99,"u":"0,25 €/P","img":"https://fd13-photos.leclercdrive.fr/image.ashx?id=2796231&use=l&cat=p&typeid=i","cat":284378},{"id":19901,"n":"Oeufs De Nos Villages Plein air, moyen  - x12","p":3.43,"u":"0,29 €/P","img":"https://fd13-photos.leclercdrive.fr/image.ashx?id=2153942&use=l&cat=p&typeid=i","cat":284378},{"id":19906,"n":"Yaourts brassés aux fruits Bio Bio village - 12x125g","p":4.49,"u":"2,99 €/KG","img":"https://fd13-photos.leclercdrive.fr/image.ashx?id=2841971&use=l&cat=p&typeid=i","cat":284410},{"id":19909,"n":"Yaourts Lait entier Bio Village Bio Vanille - 12x125g","p":3.27,"u":"2,18 €/KG","img":"https://fd13-photos.leclercdrive.fr/image.ashx?id=2032376&use=l&cat=p&typeid=i","cat":286006},{"id":19913,"n":"Mousse liégeoise Viennois  Chocolat - 4x90g","p":1.64,"u":"4,56 €/KG","img":"https://fd13-photos.leclercdrive.fr/image.ashx?id=2785172&use=l&cat=p&typeid=i","cat":285042},{"id":19924,"n":"Dessert fruitier pomme Bio Bio village - 4x100g","p":1.73,"u":"4,33 €/KG","img":"https://fd13-photos.leclercdrive.fr/image.ashx?id=2462427&use=l&cat=p&typeid=i","cat":284416},{"id":19933,"n":"Pizza Crousti-moelleuse Marie Royale - 3x400g","p":6.52,"u":"5,43 €/KG","img":"https://fd13-photos.leclercdrive.fr/image.ashx?id=2996800&use=l&cat=p&typeid=i","cat":284256},{"id":19935,"n":"Pizza Crousti-moelleuse Marie 4 fromages - 3x390g","p":6.22,"u":"5,32 €/KG","img":"https://fd13-photos.leclercdrive.fr/image.ashx?id=2996803&use=l&cat=p&typeid=i","cat":284256},{"id":19957,"n":"Purée brocolis Notre Jardin Nature 750g","p":1.69,"u":"2,25 €/KG","img":"https://fd13-photos.leclercdrive.fr/image.ashx?id=2856163&use=l&cat=p&typeid=i","cat":319805},{"id":19960,"n":"Purée carottes Notre Jardin Nature 750g","p":2.43,"u":"3,24 €/KG","img":"https://fd13-photos.leclercdrive.fr/image.ashx?id=2856166&use=l&cat=p&typeid=i","cat":319805},{"id":19991,"n":"Fromage frais Délisse Fruits panachés - 6x100g","p":2.56,"u":"4,27 €/KG","img":"https://fd13-photos.leclercdrive.fr/image.ashx?id=2913669&use=l&cat=p&typeid=i","cat":284414},{"id":19993,"n":"Crème dessert Délisse Vanille sur lit chocolat 4x125g","p":1.42,"u":"2,84 €/KG","img":"https://fd13-photos.leclercdrive.fr/image.ashx?id=2841950&use=l&cat=p&typeid=i","cat":285041},{"id":20008,"n":"Compote Andros Pomme nature - 12x100g","p":3.14,"u":"2,62 €/KG","img":"https://fd13-photos.leclercdrive.fr/image.ashx?id=2989114&use=l&cat=p&typeid=i","cat":284416},{"id":20010,"n":"Yaourts lait entier nature Bio  Bio village - 12x125g","p":2.46,"u":"1,64 €/KG","img":"https://fd13-photos.leclercdrive.fr/image.ashx?id=2102992&use=l&cat=p&typeid=i","cat":284409},{"id":20012,"n":"Pack confiturier Le Parfait 6 x 385ml","p":7.9,"u":"3,42 €/L","img":"https://fd13-photos.leclercdrive.fr/image.ashx?id=2807486&use=l&cat=p&typeid=i","cat":284710},{"id":20013,"n":"Compote Charles & Alice Pommes Abricots - 4x100g","p":1.46,"u":"3,65 €/KG","img":"https://fd13-photos.leclercdrive.fr/image.ashx?id=2757350&use=l&cat=p&typeid=i","cat":284416},{"id":20032,"n":"Whisky Jack Daniel's Old N°7 1L","p":28.5,"pp":25.65,"u":"25,65 €/L","img":"https://fd13-photos.leclercdrive.fr/image.ashx?id=2805189&use=l&cat=p&typeid=i","cat":284547},{"id":20038,"n":"Crème aux œufs La Laitière lit de caramel - 4x100g","p":1.85,"u":"4,63 €/KG","img":"https://fd13-photos.leclercdrive.fr/image.ashx?id=2744593&use=l&cat=p&typeid=i","cat":284419},{"id":20044,"n":"Bière Leffe Ruby 5% - 75cl","p":2.97,"u":"3,96 €/L","img":"https://fd13-photos.leclercdrive.fr/image.ashx?id=1589629&use=l&cat=p&typeid=i","cat":334878},{"id":20050,"n":"Bière belge Duvel 8,5%vol. - 33cl","p":1.77,"u":"5,36 €/L","img":"https://fd13-photos.leclercdrive.fr/image.ashx?id=2389304&use=l&cat=p&typeid=i","cat":334872},{"id":20075,"n":"Corned beef Hereford 340g","p":3.45,"u":"10,15 €/KG","img":"https://fd13-photos.leclercdrive.fr/image.ashx?id=2896946&use=l&cat=p&typeid=i","cat":305149},{"id":20085,"n":"Bière bleue Chimay Brune - 9%vol. - 33cl","p":1.65,"u":"5,00 €/L","img":"https://fd13-photos.leclercdrive.fr/image.ashx?id=1758849&use=l&cat=p&typeid=i","cat":334872},{"id":20086,"n":"Bière brune Chimay Rouge - 7%vol. - 33cl","p":1.5,"u":"4,55 €/L","img":"https://fd13-photos.leclercdrive.fr/image.ashx?id=1758843&use=l&cat=p&typeid=i","cat":334872},{"id":20099,"n":"Boules Démanquillantes Inell x100","p":1.4,"u":"0,01 €/P","img":"https://fd13-photos.leclercdrive.fr/image.ashx?id=2558802&use=l&cat=p&typeid=i","cat":285593},{"id":20109,"n":"Whisky Bourbon John Davon's 40%vol. - 70cl","p":13.15,"u":"18,79 €/L","img":"https://fd13-photos.leclercdrive.fr/image.ashx?id=2907177&use=l&cat=p&typeid=i","cat":284547},{"id":20110,"n":"Jus d'orange Jafaden A base de concentré  - 6x1L","p":10.56,"u":"1,76 €/L","img":"https://fd13-photos.leclercdrive.fr/image.ashx?id=2842486&use=l&cat=p&typeid=i","cat":284521},{"id":20138,"n":"Chips Pom'Lisse Nature - 200g","p":1.19,"u":"5,95 €/KG","img":"https://fd13-photos.leclercdrive.fr/image.ashx?id=2710783&use=l&cat=p&typeid=i","cat":284447},{"id":20146,"n":"Brique de brebis Les Croisés 150g","p":2.45,"u":"16,33 €/KG","img":"https://fd13-photos.leclercdrive.fr/image.ashx?id=3014359&use=l&cat=p&typeid=i","cat":314031},{"id":20154,"n":"Pâtes Barilla Macaroni - 1kg","p":1.89,"u":"1,89 €/KG","img":"https://fd13-photos.leclercdrive.fr/image.ashx?id=2602317&use=l&cat=p&typeid=i","cat":284427},{"id":20172,"n":"Petits pots bébé P'TIT SOUPER Aubergine pâtes 8M+ - 2x200g","p":2.05,"u":"5,13 €/KG","img":"https://fd13-photos.leclercdrive.fr/image.ashx?id=2526511&use=l&cat=p&typeid=i","cat":312239},{"id":20175,"n":"Petits pots bébé P'TIT SOUPER  7 légumes 8M+ - 2x200g","p":1.79,"u":"4,48 €/KG","img":"https://fd13-photos.leclercdrive.fr/image.ashx?id=2526508&use=l&cat=p&typeid=i","cat":312239},{"id":20179,"n":"Crème UHT Elle&Vire Fluide Légère - 12% MG - 3x20cl","p":2.49,"u":"4,15 €/L","img":"https://fd13-photos.leclercdrive.fr/image.ashx?id=2810771&use=l&cat=p&typeid=i","cat":284381},{"id":20180,"n":"Crème Fraîche Elle&Vire Epaisse Légère - 12% MG - 33cl","p":1.67,"u":"5,06 €/L","img":"https://fd13-photos.leclercdrive.fr/image.ashx?id=2871949&use=l&cat=p&typeid=i","cat":284381},{"id":20183,"n":"Emmental français Entremont 45%mg - 250g","p":2.78,"u":"11,12 €/KG","img":"https://fd13-photos.leclercdrive.fr/image.ashx?id=2983138&use=l&cat=p&typeid=i","cat":314034},{"id":20213,"n":"Camembert Cœur de Lion  8 portions - 240g","p":2.32,"u":"9,67 €/KG","img":"https://fd13-photos.leclercdrive.fr/image.ashx?id=2767962&use=l&cat=p&typeid=i","cat":314033},{"id":20220,"n":"Flan Délisse Chocolat - 12x100g","p":3.45,"u":"2,88 €/KG","img":"https://fd13-photos.leclercdrive.fr/image.ashx?id=2989932&use=l&cat=p&typeid=i","cat":284420},{"id":20222,"n":"Ricotta Casa Azzurra 250g","p":1.57,"u":"6,28 €/KG","img":"https://fd13-photos.leclercdrive.fr/image.ashx?id=1849630&use=l&cat=p&typeid=i","cat":314026},{"id":20228,"n":"Crème aux oeufs Délisse Lit caramel - 4x100g","p":1.59,"u":"3,98 €/KG","img":"https://fd13-photos.leclercdrive.fr/image.ashx?id=2340003&use=l&cat=p&typeid=i","cat":284419},{"id":20239,"n":"Gâteaux fourrés P'tit Déli Chocolat x7 - 189g","p":2.18,"u":"11,53 €/KG","img":"https://fd13-photos.leclercdrive.fr/image.ashx?id=2554517&use=l&cat=p&typeid=i","cat":284495},{"id":20244,"n":"Compotes Pom'Potes Gourdes BIO  Pomme Nature - 12x90g","p":6.14,"u":"5,69 €/KG","img":"https://fd13-photos.leclercdrive.fr/image.ashx?id=2901608&use=l&cat=p&typeid=i","cat":284508},{"id":20267,"n":"Compote bio Bio Village Coupelle pomme poire - 4x100g","p":2.29,"u":"5,73 €/KG","img":"https://fd13-photos.leclercdrive.fr/image.ashx?id=2442710&use=l&cat=p&typeid=i","cat":284508},{"id":20288,"n":"Soufflés Snack's Tokapi Cacahuète - 55g","p":0.39,"u":"7,09 €/KG","img":"https://fd13-photos.leclercdrive.fr/image.ashx?id=2844517&use=l&cat=p&typeid=i","cat":284449},{"id":20291,"n":"Déodorant bille Manava Vanille 50ml","p":1.29,"u":"25,80 €/L","img":"https://fd13-photos.leclercdrive.fr/image.ashx?id=2481213&use=l&cat=p&typeid=i","cat":284595},{"id":20292,"n":"Déodorant bille Manava Anti traces 50ml","p":0.69,"u":"13,80 €/L","img":"https://fd13-photos.leclercdrive.fr/image.ashx?id=2481216&use=l&cat=p&typeid=i","cat":284595},{"id":20299,"n":"AOC Saint Mont rouge  Marquis de Seillan - 75cl","p":4.99,"u":"6,85 €/L","img":"https://fd13-photos.leclercdrive.fr/image.ashx?id=2753982&use=l&cat=p&typeid=i","cat":289556},{"id":20300,"n":"Tarte Tomates Chèvre Courgette Côté Table - 400g","p":2.81,"u":"7,03 €/KG","img":"https://fd13-photos.leclercdrive.fr/image.ashx?id=2791767&use=l&cat=p&typeid=i","cat":284257},{"id":20307,"n":"Crème glacée Bio Bio Village Vanille - Bac 450g","p":2.86,"u":"6,36 €/KG","img":"https://fd13-photos.leclercdrive.fr/image.ashx?id=2902570&use=l&cat=p&typeid=i","cat":284263},{"id":20376,"n":"Colin d'Alaska Marie Beurre citron thym - 400g","p":4.04,"u":"10,10 €/KG","img":"https://fd13-photos.leclercdrive.fr/image.ashx?id=2996809&use=l&cat=p&typeid=i","cat":319786},{"id":20380,"n":"Jambon cru 6 tranches Aoste sans conservateur - 165g","p":4.89,"u":"29,64 €/KG","img":"https://fd13-photos.leclercdrive.fr/image.ashx?id=2950285&use=l&cat=p&typeid=i","cat":316007},{"id":20385,"n":"Poêlée de riz Côté Table Saint jacques, crevettes - 600g","p":6.49,"u":"10,82 €/KG","img":"https://fd13-photos.leclercdrive.fr/image.ashx?id=2483614&use=l&cat=p&typeid=i","cat":284254},{"id":20397,"n":"Tagliatelles Weight Watchers Poulet champignons 300g","p":3.3,"u":"11,00 €/KG","img":"https://fd13-photos.leclercdrive.fr/image.ashx?id=2960759&use=l&cat=p&typeid=i","cat":333665},{"id":20408,"n":"Déodorant bille Carré homme Anti traces et transpirant 50ml","p":0.69,"u":"13,80 €/L","img":"https://fd13-photos.leclercdrive.fr/image.ashx?id=2596772&use=l&cat=p&typeid=i","cat":284618},{"id":20414,"n":"Essuie-tout blanc Mimosa Super absorbant - x2","p":2.75,"u":"1,38 €/P","img":"https://fd13-photos.leclercdrive.fr/image.ashx?id=2727371&use=l&cat=p&typeid=i","cat":284635},{"id":20435,"n":"Vinaigrette Tête Noire Vinaigre balsamique - 55cl","p":4.18,"u":"7,60 €/L","img":"https://fd13-photos.leclercdrive.fr/image.ashx?id=2851707&use=l&cat=p&typeid=i","cat":284456},{"id":20447,"n":"Chips Pom'lisse Nature - 350g","p":1.89,"u":"5,40 €/KG","img":"https://fd13-photos.leclercdrive.fr/image.ashx?id=2710786&use=l&cat=p&typeid=i","cat":284447},{"id":20452,"n":"Paëlla Valenciana Fleury Michon 400g","p":3.48,"u":"8,70 €/KG","img":"https://fd13-photos.leclercdrive.fr/image.ashx?id=2656739&use=l&cat=p&typeid=i","cat":333665},{"id":20468,"n":"Blanc de poulet Fleury Michon -25% de sel - x2 - 80g","p":1.41,"u":"17,63 €/KG","img":"https://fd13-photos.leclercdrive.fr/image.ashx?id=2885971&use=l&cat=p&typeid=i","cat":316010},{"id":20484,"n":"AOP Cabernet d'Anjou rosé Plessis-Duval - 75cl","p":4.59,"u":"6,12 €/L","img":"https://fd13-photos.leclercdrive.fr/image.ashx?id=2941035&use=l&cat=p&typeid=i","cat":289558},{"id":20495,"n":"Boisson Jafaden Cranberry Light - 1L","p":1.59,"u":"1,59 €/L","img":"https://fd13-photos.leclercdrive.fr/image.ashx?id=2584014&use=l&cat=p&typeid=i","cat":284915},{"id":20501,"n":"Yaourts aux fruits Délisse Fruits Jaunes - 8x125g","p":2.29,"u":"2,29 €/KG","img":"https://fd13-photos.leclercdrive.fr/image.ashx?id=2533319&use=l&cat=p&typeid=i","cat":284410},{"id":20545,"n":"Haricots verts Bio Bio Village 600g","p":1.46,"u":"2,43 €/KG","img":"https://fd13-photos.leclercdrive.fr/image.ashx?id=2891812&use=l&cat=p&typeid=i","cat":319805},{"id":20605,"n":"Compote bio Bio Village Coupelle pomme - 4x100g","p":1.67,"u":"4,18 €/KG","img":"https://fd13-photos.leclercdrive.fr/image.ashx?id=2085275&use=l&cat=p&typeid=i","cat":284508},{"id":20612,"n":"Thon Pêche Océan A la catalane - 2x135g","p":1.87,"u":"6,93 €/KG","img":"https://fd13-photos.leclercdrive.fr/image.ashx?id=2941432&use=l&cat=p&typeid=i","cat":303867},{"id":20634,"n":"Lait céréales Blédidej 6 mois Vanille - 4x250ml","p":3.45,"u":"3,45 €/L","img":"https://fd13-photos.leclercdrive.fr/image.ashx?id=2921046&use=l&cat=p&typeid=i","cat":312226},{"id":20683,"n":"Pommes duchesse Pom'lisse 750g","p":1.29,"u":"1,72 €/KG","img":"https://fd13-photos.leclercdrive.fr/image.ashx?id=2851577&use=l&cat=p&typeid=i","cat":319792},{"id":20684,"n":"Cordon bleu de poulet Eco+ 800g","p":3.9,"u":"4,88 €/KG","img":"https://fd13-photos.leclercdrive.fr/image.ashx?id=2779871&use=l&cat=p&typeid=i","cat":319780},{"id":20685,"n":"Purée 4 légumes Notre Jardin 750g","p":2.24,"u":"2,99 €/KG","img":"https://fd13-photos.leclercdrive.fr/image.ashx?id=2856160&use=l&cat=p&typeid=i","cat":319805},{"id":20686,"n":"Haricots plats Notre Jardin 1kg","p":1.79,"u":"1,79 €/KG","img":"https://fd13-photos.leclercdrive.fr/image.ashx?id=2431122&use=l&cat=p&typeid=i","cat":319805},{"id":20688,"n":"Tagliatelles carbonara Marie 330g","p":2.98,"u":"9,03 €/KG","img":"https://fd13-photos.leclercdrive.fr/image.ashx?id=2980920&use=l&cat=p&typeid=i","cat":333665},{"id":20697,"n":"Sandwich Suédois Sodebo Jambon Cheddar 135g","p":1.64,"u":"12,15 €/KG","img":"https://fd13-photos.leclercdrive.fr/image.ashx?id=2912095&use=l&cat=p&typeid=i","cat":333658},{"id":20700,"n":"Macaroni sauce tomate Marie Boulettes de viande 280g","p":2.83,"u":"10,11 €/KG","img":"https://fd13-photos.leclercdrive.fr/image.ashx?id=2980968&use=l&cat=p&typeid=i","cat":333665},{"id":20717,"n":"Sirop Frucci Cassis - 1L","p":3.11,"u":"3,11 €/L","img":"https://fd13-photos.leclercdrive.fr/image.ashx?id=2954079&use=l&cat=p&typeid=i","cat":295020},{"id":20718,"n":"Sirop Frucci Orgeat - 1L","p":4.18,"u":"4,18 €/L","img":"https://fd13-photos.leclercdrive.fr/image.ashx?id=2954085&use=l&cat=p&typeid=i","cat":295020},{"id":20721,"n":"Epinards Bonduelle Feuilles préservées - 750g","p":1.91,"u":"2,55 €/KG","img":"https://fd13-photos.leclercdrive.fr/image.ashx?id=2910028&use=l&cat=p&typeid=i","cat":319805},{"id":20724,"n":"Cheeseburger Charal 6x140g - 840g","p":9.52,"u":"11,33 €/KG","img":"https://fd13-photos.leclercdrive.fr/image.ashx?id=2741952&use=l&cat=p&typeid=i","cat":319822},{"id":20744,"n":"Philadelphia Nature - 150g","p":1.73,"u":"11,53 €/KG","img":"https://fd13-photos.leclercdrive.fr/image.ashx?id=1586142&use=l&cat=p&typeid=i","cat":314029},{"id":20753,"n":"Mouchoirs The Original Kleenex® Etuis mini x24","p":2.71,"u":"0,11 €/P","img":"https://fd13-photos.leclercdrive.fr/image.ashx?id=2840301&use=l&cat=p&typeid=i","cat":284638},{"id":20758,"n":"Riz cantonais Tables du Monde 900g","p":3.99,"u":"4,43 €/KG","img":"https://fd13-photos.leclercdrive.fr/image.ashx?id=2903953&use=l&cat=p&typeid=i","cat":284254},{"id":20760,"n":"Légumes vapeurs Notre Jardin 2x200g","p":2.47,"u":"6,18 €/KG","img":"https://fd13-photos.leclercdrive.fr/image.ashx?id=2900106&use=l&cat=p&typeid=i","cat":319805},{"id":20762,"n":"Légumes vapeurs Notre Jardin Méditerranéens 2x200g","p":1.8,"u":"4,50 €/KG","img":"https://fd13-photos.leclercdrive.fr/image.ashx?id=2916689&use=l&cat=p&typeid=i","cat":319805},{"id":20773,"n":"Anneaux d'encornets Pêche Océan 500g","p":6.55,"u":"13,10 €/KG","img":"https://fd13-photos.leclercdrive.fr/image.ashx?id=3012391&use=l&cat=p&typeid=i","cat":319787},{"id":20775,"n":"Carottes râpées Menu Fraîcheur  1kg","p":1.98,"u":"1,98 €/KG","img":"https://fd13-photos.leclercdrive.fr/image.ashx?id=2645918&use=l&cat=p&typeid=i","cat":333657},{"id":20789,"n":"Déodorant Carré Homme Anti-transpirant 200ml","p":1.35,"u":"6,75 €/L","img":"https://fd13-photos.leclercdrive.fr/image.ashx?id=2610693&use=l&cat=p&typeid=i","cat":284618},{"id":20792,"n":"Cire Institut Siliss Professionnelle - 400g","p":5.6,"u":"14,00 €/KG","img":"https://fd13-photos.leclercdrive.fr/image.ashx?id=2699684&use=l&cat=p&typeid=i","cat":325351},{"id":20811,"n":"Couronne de crevettes Delpierre ASC Sauce cocktail - 130g","p":5.92,"u":"45,54 €/KG","img":"https://fd13-photos.leclercdrive.fr/image.ashx?id=2958851&use=l&cat=p&typeid=i","cat":327284},{"id":20818,"n":"Tomate cocktail en grappe Panier du Primeur - 500g","p":2.49,"u":"4,98 €/KG","img":"https://fd13-photos.leclercdrive.fr/image.ashx?id=2649897&use=l&cat=p&typeid=i","cat":284352},{"id":20840,"n":"Yaourts Mamie Nova Panaché de fruits - 6x150g","p":3.38,"u":"3,76 €/KG","img":"https://fd13-photos.leclercdrive.fr/image.ashx?id=2886954&use=l&cat=p&typeid=i","cat":284410},{"id":20858,"n":"Saucisses de Toulouse Férial x4 - 500g","p":4.16,"u":"8,32 €/KG","img":"https://fd13-photos.leclercdrive.fr/image.ashx?id=3004669&use=l&cat=p&typeid=i","cat":284334},{"id":20863,"n":"Allumettes de bacon Herta Fumées 200g","p":2.17,"u":"10,85 €/KG","img":"https://fd13-photos.leclercdrive.fr/image.ashx?id=2876242&use=l&cat=p&typeid=i","cat":316011},{"id":20882,"n":"Colin pané Alaska Cité Marine MSC - 200g","p":2.45,"u":"12,25 €/KG","img":"https://fd13-photos.leclercdrive.fr/image.ashx?id=2844142&use=l&cat=p&typeid=i","cat":284344},{"id":20951,"n":"Bière blonde Kronenbourg 4,2° - 40x25cl","p":20.25,"u":"2,03 €/L","img":"https://fd13-photos.leclercdrive.fr/image.ashx?id=2984853&use=l&cat=p&typeid=i","cat":334873},{"id":20987,"n":"Liqueur Litchi Soho 15%vol. - 70cl","p":8.49,"u":"12,13 €/L","img":"https://fd13-photos.leclercdrive.fr/image.ashx?id=2971927&use=l&cat=p&typeid=i","cat":286032},{"id":21017,"n":"Poisson Pané Findus  Colin d'Alaska - x10 - 510g","p":4.12,"u":"8,08 €/KG","img":"https://fd13-photos.leclercdrive.fr/image.ashx?id=2735332&use=l&cat=p&typeid=i","cat":319788},{"id":21027,"n":"Sauce bolognaise Turini 190g","p":0.85,"u":"4,47 €/KG","img":"https://fd13-photos.leclercdrive.fr/image.ashx?id=2634869&use=l&cat=p&typeid=i","cat":287599},{"id":21040,"n":"Whisky Monkey Shoulder 40%vol - 70cl","p":25.9,"u":"37,00 €/L","img":"https://fd13-photos.leclercdrive.fr/image.ashx?id=2917528&use=l&cat=p&typeid=i","cat":284547},{"id":21077,"n":"Bière blonde La Goudale 7.2%vol. - 6x25cl","p":4.22,"u":"2,81 €/L","img":"https://fd13-photos.leclercdrive.fr/image.ashx?id=2789865&use=l&cat=p&typeid=i","cat":334852},{"id":21081,"n":"Bière blonde Rince Cochon 50cl","p":1.85,"u":"3,70 €/L","img":"https://fd13-photos.leclercdrive.fr/image.ashx?id=2021232&use=l&cat=p&typeid=i","cat":334853},{"id":21115,"n":"Lambrusco Rosato Vilaveroni 75cl","p":4.18,"u":"5,57 €/L","img":"https://fd13-photos.leclercdrive.fr/image.ashx?id=2333030&use=l&cat=p&typeid=i","cat":289558},{"id":21218,"n":"Filtre à café Melitta 1x4 Bambou - x80","p":2.45,"u":"0,03 €/P","img":"https://fd13-photos.leclercdrive.fr/image.ashx?id=2219327&use=l&cat=p&typeid=i","cat":284751},{"id":21241,"n":"Spirales Insectivor Anti-moustiques - x10","p":1.73,"u":"0,17 €/P","img":"https://fd13-photos.leclercdrive.fr/image.ashx?id=2675682&use=l&cat=p&typeid=i","cat":298368},{"id":21244,"n":"Pièges anti-fourmis Insectivor x2","p":3.34,"u":"1,67 €/P","img":"https://fd13-photos.leclercdrive.fr/image.ashx?id=2302725&use=l&cat=p&typeid=i","cat":298368},{"id":21246,"n":"Pièges Insectivor Anti-mites alimentaires - x2","p":2.76,"u":"1,38 €/P","img":"https://fd13-photos.leclercdrive.fr/image.ashx?id=2884237&use=l&cat=p&typeid=i","cat":298368},{"id":21326,"n":"Tapenade olives noires NRT 90g","p":1.84,"u":"20,44 €/KG","img":"https://fd13-photos.leclercdrive.fr/image.ashx?id=2873204&use=l&cat=p&typeid=i","cat":284451},{"id":21370,"n":"Emincés pour chat Tous mes amis Viande 4x390g","p":4.21,"u":"2,70 €/KG","img":"https://fd13-photos.leclercdrive.fr/image.ashx?id=776789&use=l&cat=p&typeid=i","cat":285601},{"id":21480,"n":"Moules farcies Ronde des Mers MSC - x24 - 250g","p":7.85,"u":"31,40 €/KG","img":"https://fd13-photos.leclercdrive.fr/image.ashx?id=2627637&use=l&cat=p&typeid=i","cat":319787},{"id":21502,"n":"Copie double perforée Esquisse 21x29,7cm 5x5 - 200 pages","p":1.79,"img":"https://fd13-photos.leclercdrive.fr/image.ashx?id=1929759&use=l&cat=p&typeid=i","cat":284697},{"id":21533,"n":"Saucisses à cuire fumée Morteau 4x110g","p":5.49,"u":"12,48 €/KG","img":"https://fd13-photos.leclercdrive.fr/image.ashx?id=2833525&use=l&cat=p&typeid=i","cat":316012},{"id":21572,"n":"Baguette La Boulangère Viennoise fendue 340g","p":1.42,"u":"4,18 €/KG","img":"https://fd13-photos.leclercdrive.fr/image.ashx?id=2912392&use=l&cat=p&typeid=i","cat":284985},{"id":21573,"n":"Bonbons LUTTI Arlequin Original 250g","p":1.42,"u":"5,68 €/KG","img":"https://fd13-photos.leclercdrive.fr/image.ashx?id=2817422&use=l&cat=p&typeid=i","cat":304252},{"id":21574,"n":"Bonbons Lutti Menthise Fondant aux 2 menthes 250g","p":1.91,"u":"7,64 €/KG","img":"https://fd13-photos.leclercdrive.fr/image.ashx?id=2962167&use=l&cat=p&typeid=i","cat":304252},{"id":21580,"n":"Steak haché Isla Délice 100% boeuf Halal x10 800g","p":11.11,"u":"13,89 €/KG","img":"https://fd13-photos.leclercdrive.fr/image.ashx?id=2349233&use=l&cat=p&typeid=i","cat":319778},{"id":21581,"n":"Burger Isla Délice  Halal  - x10 800g","p":8.61,"u":"10,76 €/KG","img":"https://fd13-photos.leclercdrive.fr/image.ashx?id=1587519&use=l&cat=p&typeid=i","cat":319778},{"id":21584,"n":"Olives noires Crespo Dénoyautées - 170g","p":1.45,"u":"8,53 €/KG","img":"https://fd13-photos.leclercdrive.fr/image.ashx?id=2616892&use=l&cat=p&typeid=i","cat":284458},{"id":21588,"n":"Semoule Floraline 500g","p":1.99,"u":"3,98 €/KG","img":"https://fd13-photos.leclercdrive.fr/image.ashx?id=2968187&use=l&cat=p&typeid=i","cat":284429},{"id":21592,"n":"Filets de cabillaud Findus MSC - x10 - 510g","p":7.36,"u":"14,43 €/KG","img":"https://fd13-photos.leclercdrive.fr/image.ashx?id=2735329&use=l&cat=p&typeid=i","cat":319788},{"id":21606,"n":"Cornichons Maille extra fins 380g","p":3.19,"u":"8,39 €/KG","img":"https://fd13-photos.leclercdrive.fr/image.ashx?id=2945826&use=l&cat=p&typeid=i","cat":284458},{"id":21609,"n":"Cornichons Extra-Fins MAILLE 220g","p":2.29,"u":"10,41 €/KG","img":"https://fd13-photos.leclercdrive.fr/image.ashx?id=2945823&use=l&cat=p&typeid=i","cat":284458},{"id":21610,"n":"Lotion fraîcheur Inell Tonique - 250ml","p":1.53,"u":"6,12 €/L","img":"https://fd13-photos.leclercdrive.fr/image.ashx?id=2694172&use=l&cat=p&typeid=i","cat":284603},{"id":21611,"n":"Lotion douceur Inell Tonique - 250ml","p":1.52,"u":"6,08 €/L","img":"https://fd13-photos.leclercdrive.fr/image.ashx?id=2707561&use=l&cat=p&typeid=i","cat":284603},{"id":21612,"n":"Liquide vaisselle Eco+ Citron 1L","p":0.7,"u":"0,70 €/L","img":"https://fd13-photos.leclercdrive.fr/image.ashx?id=2874368&use=l&cat=p&typeid=i","cat":284655},{"id":21658,"n":"Boîte chiens Lydog Terrines Cabillaud saumon - 1.2kg","p":2.42,"u":"1,95 €/KG","img":"https://fd13-photos.leclercdrive.fr/image.ashx?id=2493667&use=l&cat=p&typeid=i","cat":288578},{"id":21662,"n":"Boîte chiens Lydog Bouchées Poulet légumes - 1,2kg","p":1.98,"u":"1,65 €/KG","img":"https://fd13-photos.leclercdrive.fr/image.ashx?id=2548100&use=l&cat=p&typeid=i","cat":288578},{"id":21663,"n":"Bouchées au poulet foie et  aux carottes Lydog - 1.23kg","p":2.39,"u":"1,94 €/KG","img":"https://fd13-photos.leclercdrive.fr/image.ashx?id=2691225&use=l&cat=p&typeid=i","cat":288578},{"id":21685,"n":"Nuggets de poulet Côté Croc x20 - 400g","p":3.0,"u":"7,50 €/KG","img":"https://fd13-photos.leclercdrive.fr/image.ashx?id=2837045&use=l&cat=p&typeid=i","cat":333684},{"id":21686,"n":"Saucisson sec Saint Azay Spécialité 200g","p":2.99,"u":"14,95 €/KG","img":"https://fd13-photos.leclercdrive.fr/image.ashx?id=2472053&use=l&cat=p&typeid=i","cat":316006},{"id":21687,"n":"Fromage Cheddar Burger Les Croisés 10 Tranches - 200g","p":1.25,"u":"6,25 €/KG","img":"https://fd13-photos.leclercdrive.fr/image.ashx?id=2946835&use=l&cat=p&typeid=i","cat":314028},{"id":21688,"n":"Fromage Emmental Croque Les Croisés 10 Tranches - 200g","p":1.19,"u":"5,95 €/KG","img":"https://fd13-photos.leclercdrive.fr/image.ashx?id=2893313&use=l&cat=p&typeid=i","cat":314028},{"id":21693,"n":"Picodon NRT AOP  Fromage de chèvre - 2x60g","p":3.56,"u":"29,67 €/KG","img":"https://fd13-photos.leclercdrive.fr/image.ashx?id=2590931&use=l&cat=p&typeid=i","cat":314031},{"id":21697,"n":"Fromage Raclette Savoie NRT  IGP - 400g","p":6.05,"u":"15,13 €/KG","img":"https://fd13-photos.leclercdrive.fr/image.ashx?id=1937939&use=l&cat=p&typeid=i","cat":314037},{"id":21699,"n":"Crème fraîche Eco  Epaisse - 30% MG - 50cl","p":1.89,"u":"3,78 €/L","img":"https://fd13-photos.leclercdrive.fr/image.ashx?id=738045&use=l&cat=p&typeid=i","cat":284381},{"id":21702,"n":"Haricots verts Eco+ Très fins - 1kg","p":1.39,"u":"1,39 €/KG","img":"https://fd13-photos.leclercdrive.fr/image.ashx?id=2847934&use=l&cat=p&typeid=i","cat":319805},{"id":21703,"n":"Fromage frais Eco+ Nature 20%MG - 1kg","p":1.79,"u":"1,79 €/KG","img":"https://fd13-photos.leclercdrive.fr/image.ashx?id=2699919&use=l&cat=p&typeid=i","cat":284409},{"id":21711,"n":"Brandade de morue Pêcheries Basques parmentière - 900g","p":6.55,"u":"7,28 €/KG","img":"https://fd13-photos.leclercdrive.fr/image.ashx?id=2608259&use=l&cat=p&typeid=i","cat":285094},{"id":21809,"n":"Boules chocolat Jacquot Praliné noir - 1kg","p":10.26,"u":"10,26 €/KG","img":"https://fd13-photos.leclercdrive.fr/image.ashx?id=2303303&use=l&cat=p&typeid=i","cat":327595},{"id":21877,"n":"Purée surgelée Pom'lisse Pommes de terre 750g","p":2.04,"u":"2,72 €/KG","img":"https://fd13-photos.leclercdrive.fr/image.ashx?id=2759777&use=l&cat=p&typeid=i","cat":319793},{"id":21914,"n":"Chewing-gum Hollywood Greenfresh s/sucre - x60 - 87g","p":3.39,"u":"38,97 €/KG","img":"https://fd13-photos.leclercdrive.fr/image.ashx?id=2613957&use=l&cat=p&typeid=i","cat":304251},{"id":22033,"n":"Gin Brighton's London Dry 37.5%vol - 70cl","p":9.99,"u":"14,27 €/L","img":"https://fd13-photos.leclercdrive.fr/image.ashx?id=2907183&use=l&cat=p&typeid=i","cat":284550},{"id":22040,"n":"Mini bûches glacées Eskiss Assortiment chocolat x6 - 310g","p":2.29,"u":"7,39 €/KG","img":"https://fd13-photos.leclercdrive.fr/image.ashx?id=2221944&use=l&cat=p&typeid=i","cat":284266},{"id":22065,"n":"Filets de maquereaux Saupiquet A la moutarde - 3x169g","p":5.99,"u":"11,81 €/KG","img":"https://fd13-photos.leclercdrive.fr/image.ashx?id=2826972&use=l&cat=p&typeid=i","cat":303868},{"id":22066,"n":"Filets de maquereaux Saupiquet Tomate basilic - 3x169g","p":5.99,"u":"11,81 €/KG","img":"https://fd13-photos.leclercdrive.fr/image.ashx?id=2826975&use=l&cat=p&typeid=i","cat":303868},{"id":22087,"n":"Sucettes Chupa Chups Mini Assortiment x30 180g","p":2.03,"u":"11,28 €/KG","img":"https://fd13-photos.leclercdrive.fr/image.ashx?id=2647606&use=l&cat=p&typeid=i","cat":304250},{"id":22112,"n":"Vodka Sobieski 37.5%vol - 70cl","p":11.11,"u":"15,87 €/L","img":"https://fd13-photos.leclercdrive.fr/image.ashx?id=2948474&use=l&cat=p&typeid=i","cat":284550},{"id":22115,"n":"Cidre brut Les Goelleries Bretagne 4.5%vol. - 1,5L","p":1.87,"u":"1,25 €/L","img":"https://fd13-photos.leclercdrive.fr/image.ashx?id=2842277&use=l&cat=p&typeid=i","cat":334880},{"id":22117,"n":"Pain de mie complet Epi d'Or Grandes tranches - 825g","p":1.78,"u":"2,16 €/KG","img":"https://fd13-photos.leclercdrive.fr/image.ashx?id=2860736&use=l&cat=p&typeid=i","cat":284477},{"id":22140,"n":"Crème anglaise Délisse 3x20cl","p":2.65,"u":"4,42 €/L","img":"https://fd13-photos.leclercdrive.fr/image.ashx?id=3002590&use=l&cat=p&typeid=i","cat":284382},{"id":22141,"n":"Riz Basmati Comptoir du grain Sélection Riz long - 5x90g","p":1.81,"u":"4,02 €/KG","img":"https://fd13-photos.leclercdrive.fr/image.ashx?id=2076685&use=l&cat=p&typeid=i","cat":284428},{"id":22142,"n":"Terrines chats Tous mes amis Spécial chaton - 4x400g","p":4.86,"u":"3,04 €/KG","img":"https://fd13-photos.leclercdrive.fr/image.ashx?id=647133&use=l&cat=p&typeid=i","cat":285601},{"id":22207,"n":"Blanc de Poulet Tradilège -25% de sel - 4 Tranches - 160g","p":1.92,"u":"12,00 €/KG","img":"https://fd13-photos.leclercdrive.fr/image.ashx?id=2974969&use=l&cat=p&typeid=i","cat":316010},{"id":22209,"n":"Lait entier UHT Bio Bio village Bouteille - 6x1L","p":8.94,"u":"1,49 €/L","img":"https://fd13-photos.leclercdrive.fr/image.ashx?id=2970021&use=l&cat=p&typeid=i","cat":285610},{"id":22212,"n":"Vin de l'Union Européenne rouge Vieux Papes - BIB 5L","p":10.42,"u":"2,08 €/L","img":"https://fd13-photos.leclercdrive.fr/image.ashx?id=2136139&use=l&cat=p&typeid=i","cat":289556},{"id":22229,"n":"Terrines chats Tous mes ami Foie volaille - 800g","p":2.01,"u":"2,51 €/KG","img":"https://fd13-photos.leclercdrive.fr/image.ashx?id=2294656&use=l&cat=p&typeid=i","cat":285601},{"id":22348,"n":"Moule à cake Homeside Revêtement antiadhésif - 27cm","p":5.93,"img":"https://fd13-photos.leclercdrive.fr/image.ashx?id=2832634&use=l&cat=p&typeid=i","cat":298490},{"id":22349,"n":"Moule à manqué Homeside Revêtement antiadhésif - 26cm","p":5.99,"img":"https://fd13-photos.leclercdrive.fr/image.ashx?id=2856724&use=l&cat=p&typeid=i","cat":298490},{"id":22373,"n":"Carré pour la vaisselle Mamison x5","p":1.35,"img":"https://fd13-photos.leclercdrive.fr/image.ashx?id=2622010&use=l&cat=p&typeid=i","cat":284667},{"id":22374,"n":"Chiffons secs Clair Dépouissiérants x20","p":1.97,"img":"https://fd13-photos.leclercdrive.fr/image.ashx?id=2819926&use=l&cat=p&typeid=i","cat":325364},{"id":22388,"n":"IGP Ile de Beauté vin rosé Terres Ocrées 11.5%vol - BIB 3L","p":12.99,"u":"4,33 €/L","img":"https://fd13-photos.leclercdrive.fr/image.ashx?id=2863036&use=l&cat=p&typeid=i","cat":289560},{"id":22477,"n":"Pignons de pin Couleurs Vives 125g","p":5.99,"u":"47,92 €/KG","img":"https://fd13-photos.leclercdrive.fr/image.ashx?id=2617201&use=l&cat=p&typeid=i","cat":284357},{"id":22487,"n":"IGP Pays d'Oc rosé Roche Mazet Grenache Cinsault - BIB 3L","p":10.47,"u":"3,49 €/L","img":"https://fd13-photos.leclercdrive.fr/image.ashx?id=2597118&use=l&cat=p&typeid=i","cat":289560},{"id":22488,"n":"IGP Pays d'Oc rouge Roche Mazet Cabernet Sauvignon 12.5% BIB 3L","p":10.58,"u":"3,53 €/L","img":"https://fd13-photos.leclercdrive.fr/image.ashx?id=2597121&use=l&cat=p&typeid=i","cat":289560},{"id":22489,"n":"IGP Pays d'oc blancRoche Mazet Sauvignon - BIB 3L","p":10.58,"u":"3,53 €/L","img":"https://fd13-photos.leclercdrive.fr/image.ashx?id=2597124&use=l&cat=p&typeid=i","cat":289557},{"id":22506,"n":"Yaourts aromatisés Délisse 4 saveurs - 8x125g","p":2.79,"u":"2,79 €/KG","img":"https://fd13-photos.leclercdrive.fr/image.ashx?id=2134527&use=l&cat=p&typeid=i","cat":286006},{"id":22512,"n":"Compote Douceur du Verger  Pomme Abricot - 4x100g","p":1.09,"u":"2,73 €/KG","img":"https://fd13-photos.leclercdrive.fr/image.ashx?id=1913442&use=l&cat=p&typeid=i","cat":284416},{"id":22515,"n":"Boisson énergisante X-tense Canette - 6x25cl","p":2.34,"u":"1,56 €/L","img":"https://fd13-photos.leclercdrive.fr/image.ashx?id=2956062&use=l&cat=p&typeid=i","cat":284533},{"id":22517,"n":"Vodka Poliakov Flask 37.5%vol - 20cl","p":3.72,"u":"18,60 €/L","img":"https://fd13-photos.leclercdrive.fr/image.ashx?id=2484029&use=l&cat=p&typeid=i","cat":284550},{"id":22556,"n":"AOC Bergerac vin rouge Terrasses d'Autan - BIB 3L","p":9.49,"u":"3,16 €/L","img":"https://fd13-photos.leclercdrive.fr/image.ashx?id=2713646&use=l&cat=p&typeid=i","cat":289560},{"id":22565,"n":"Yaourt Malo Vanille lait entier 4x125g","p":1.94,"u":"3,88 €/KG","img":"https://fd13-photos.leclercdrive.fr/image.ashx?id=2908021&use=l&cat=p&typeid=i","cat":286006},{"id":22584,"n":"AOC Bergerac vin rosé Terrasses d'Autan - BIB 3L","p":9.89,"u":"3,30 €/L","img":"https://fd13-photos.leclercdrive.fr/image.ashx?id=2709659&use=l&cat=p&typeid=i","cat":289560},{"id":22588,"n":"IGP Pays d'Oc Chardonnay Blanc Vieux Carion 12% vol BIB 3L","p":8.99,"u":"3,00 €/L","img":"https://fd13-photos.leclercdrive.fr/image.ashx?id=2591397&use=l&cat=p&typeid=i","cat":289560},{"id":22653,"n":"Crème entière fluide UHT Bio Bio Village 30% MG - 25cl","p":1.85,"u":"7,40 €/L","img":"https://fd13-photos.leclercdrive.fr/image.ashx?id=2801795&use=l&cat=p&typeid=i","cat":284381},{"id":22654,"n":"Fromage St Nectaire NRT AOP  600g","p":8.67,"u":"14,45 €/KG","img":"https://fd13-photos.leclercdrive.fr/image.ashx?id=2550854&use=l&cat=p&typeid=i","cat":329184},{"id":22658,"n":"Fromage râpé fondue NRT Savoyarde - 400g","p":6.94,"u":"17,35 €/KG","img":"https://fd13-photos.leclercdrive.fr/image.ashx?id=2771076&use=l&cat=p&typeid=i","cat":314037},{"id":22659,"n":"Cancoillotte nature NRT IGP 250g","p":1.97,"u":"7,88 €/KG","img":"https://fd13-photos.leclercdrive.fr/image.ashx?id=2663845&use=l&cat=p&typeid=i","cat":314037},{"id":22660,"n":"Cancoillotte à l'ail NRT IGP 250g","p":1.97,"u":"7,88 €/KG","img":"https://fd13-photos.leclercdrive.fr/image.ashx?id=2663848&use=l&cat=p&typeid=i","cat":314037},{"id":22689,"n":"Confiture extra bio Bio Village Fraises - 370g","p":1.79,"u":"4,84 €/KG","img":"https://fd13-photos.leclercdrive.fr/image.ashx?id=2965626&use=l&cat=p&typeid=i","cat":284480},{"id":22690,"n":"Confiture extra bio Bio Village Abricots - 370g","p":1.79,"u":"4,84 €/KG","img":"https://fd13-photos.leclercdrive.fr/image.ashx?id=2965629&use=l&cat=p&typeid=i","cat":284480},{"id":22700,"n":"Gâteau de semoule Yabon Nappage chocolat - 4x125g","p":3.96,"u":"7,92 €/KG","img":"https://fd13-photos.leclercdrive.fr/image.ashx?id=2642675&use=l&cat=p&typeid=i","cat":284506},{"id":22703,"n":"Chocolat au lait Bio Ethiquable  Riz soufflé - 100g","p":2.88,"u":"28,80 €/KG","img":"https://fd13-photos.leclercdrive.fr/image.ashx?id=2870869&use=l&cat=p&typeid=i","cat":284497},{"id":22704,"n":"Chocolat au lait Bio Ethiquable  Nature tendre fondant - 100g","p":2.45,"u":"24,50 €/KG","img":"https://fd13-photos.leclercdrive.fr/image.ashx?id=2870920&use=l&cat=p&typeid=i","cat":284497},{"id":22787,"n":"Saumon Ronde des Mers Petites tranches - 100g","p":3.69,"u":"36,90 €/KG","img":"https://fd13-photos.leclercdrive.fr/image.ashx?id=2966243&use=l&cat=p&typeid=i","cat":285188},{"id":22794,"n":"Chocolat Daim Milka Chocolat au lait daim - 145g","p":2.01,"u":"13,86 €/KG","img":"https://fd13-photos.leclercdrive.fr/image.ashx?id=3002288&use=l&cat=p&typeid=i","cat":304238},{"id":22799,"n":"Mayonnaise Lesieur 710g","p":3.29,"u":"4,63 €/KG","img":"https://fd13-photos.leclercdrive.fr/image.ashx?id=2917693&use=l&cat=p&typeid=i","cat":298295},{"id":22803,"n":"Brioche tranchée Epi d'Or Nature - 700g","p":2.22,"u":"3,17 €/KG","img":"https://fd13-photos.leclercdrive.fr/image.ashx?id=2860733&use=l&cat=p&typeid=i","cat":284478},{"id":22804,"n":"Boisson végétale Bio Village Soja nature bio - 1l","p":0.88,"u":"0,88 €/L","img":"https://fd13-photos.leclercdrive.fr/image.ashx?id=2372350&use=l&cat=p&typeid=i","cat":316067},{"id":22805,"n":"Boisson végétale Bio Village Soja vanille bio - 1l","p":1.42,"u":"1,42 €/L","img":"https://fd13-photos.leclercdrive.fr/image.ashx?id=2357707&use=l&cat=p&typeid=i","cat":316067},{"id":22835,"n":"Whisky single malt The Deveron 10 ans d'âge 40° - 70cl","p":26.37,"u":"37,67 €/L","img":"https://fd13-photos.leclercdrive.fr/image.ashx?id=2793710&use=l&cat=p&typeid=i","cat":284547},{"id":22893,"n":"Cidre doux Les Goelleries 2%vol. - 1,5L","p":2.09,"u":"1,39 €/L","img":"https://fd13-photos.leclercdrive.fr/image.ashx?id=2843791&use=l&cat=p&typeid=i","cat":334880},{"id":22894,"n":"Nettoyant spray Clair Ultra dégraissant - 750ml","p":1.18,"u":"1,57 €/L","img":"https://fd13-photos.leclercdrive.fr/image.ashx?id=2840386&use=l&cat=p&typeid=i","cat":325357},{"id":22895,"n":"Nettoyant spray Clair javel Salle de bains 750ml","p":1.46,"u":"1,95 €/L","img":"https://fd13-photos.leclercdrive.fr/image.ashx?id=2840473&use=l&cat=p&typeid=i","cat":325357},{"id":22898,"n":"Nettoyant Silex vitres d'insert Barbecue ultra décapante 750ml","p":3.99,"u":"5,32 €/L","img":"https://fd13-photos.leclercdrive.fr/image.ashx?id=2657087&use=l&cat=p&typeid=i","cat":325363},{"id":22900,"n":"Eau de Cologne Belles Saisons Lavande 250ml","p":1.69,"u":"6,76 €/L","img":"https://fd13-photos.leclercdrive.fr/image.ashx?id=2851655&use=l&cat=p&typeid=i","cat":291525},{"id":22906,"n":"Gel à raser Carré Homme Sensitive - 75ml","p":1.16,"u":"15,47 €/L","img":"https://fd13-photos.leclercdrive.fr/image.ashx?id=2762952&use=l&cat=p&typeid=i","cat":284617},{"id":22913,"n":"Gel désinfectant mains Primoplast - 75ml","p":0.96,"u":"12,80 €/L","img":"https://fd13-photos.leclercdrive.fr/image.ashx?id=2856489&use=l&cat=p&typeid=i","cat":284630},{"id":22960,"n":"Gants de ménage Mamison Taille M 1 paire","p":1.01,"img":"https://fd13-photos.leclercdrive.fr/image.ashx?id=2635679&use=l&cat=p&typeid=i","cat":284668},{"id":22962,"n":"Gants Mamison spécial vaisselle Taille L 1 paire","p":1.01,"u":"50,50 €/L","img":"https://fd13-photos.leclercdrive.fr/image.ashx?id=2946172&use=l&cat=p&typeid=i","cat":284668},{"id":22967,"n":"Tampon à récurer Mamison Surfaces fragiles xs","p":1.32,"u":"0,66 €/P","img":"https://fd13-photos.leclercdrive.fr/image.ashx?id=2669699&use=l&cat=p&typeid=i","cat":284667},{"id":22968,"n":"Eponges grattantes Mamison Surfaces délicates x2","p":1.49,"u":"0,75 €/P","img":"https://fd13-photos.leclercdrive.fr/image.ashx?id=2202392&use=l&cat=p&typeid=i","cat":284667},{"id":22969,"n":"Lavette Mamison multi-usages Microfibre plusieurs coloris x2","p":0.84,"u":"0,42 €/P","img":"https://fd13-photos.leclercdrive.fr/image.ashx?id=2595095&use=l&cat=p&typeid=i","cat":284667},{"id":22976,"n":"Crème visage nourrissante Inell Peau sèche - 50ml","p":1.96,"u":"39,20 €/L","img":"https://fd13-photos.leclercdrive.fr/image.ashx?id=2771124&use=l&cat=p&typeid=i","cat":325345},{"id":22979,"n":"Gel nettoyant Inell visage Purifiant px norm. mixtes 150ml","p":2.58,"u":"17,20 €/L","img":"https://fd13-photos.leclercdrive.fr/image.ashx?id=1961443&use=l&cat=p&typeid=i","cat":284603},{"id":22981,"n":"Eau de Cologne Belles Saisons Fraîcheur 250ml","p":1.69,"u":"6,76 €/L","img":"https://fd13-photos.leclercdrive.fr/image.ashx?id=2949179&use=l&cat=p&typeid=i","cat":291525},{"id":22996,"n":"Nettoyant détachant Clair Tapis moquettes 600ml","p":2.16,"u":"3,60 €/L","img":"https://fd13-photos.leclercdrive.fr/image.ashx?id=2242721&use=l&cat=p&typeid=i","cat":284907},{"id":23012,"n":"Huile d'Argan Floressance Pure Argan Bio - 50ml","p":7.64,"u":"152,80 €/L","img":"https://fd13-photos.leclercdrive.fr/image.ashx?id=2990688&use=l&cat=p&typeid=i","cat":325349},{"id":23024,"n":"Miel de fleurs Lune de Miel Liquide squeezer Bio -  500g","p":5.11,"u":"10,22 €/KG","img":"https://fd13-photos.leclercdrive.fr/image.ashx?id=3004825&use=l&cat=p&typeid=i","cat":287643},{"id":23031,"n":"Biscottes Heudebert  Céréales complètes - 280g","p":1.76,"u":"6,29 €/KG","img":"https://fd13-photos.leclercdrive.fr/image.ashx?id=2498371&use=l&cat=p&typeid=i","cat":284479},{"id":23040,"n":"Café moulu Méo L'original Bio - 500g","p":8.71,"u":"17,42 €/KG","img":"https://fd13-photos.leclercdrive.fr/image.ashx?id=2571287&use=l&cat=p&typeid=i","cat":284750},{"id":23122,"n":"Fromage enfant Ficello Emmental à effilocher x4 - 84g","p":2.21,"u":"26,31 €/KG","img":"https://fd13-photos.leclercdrive.fr/image.ashx?id=2409553&use=l&cat=p&typeid=i","cat":314030},{"id":23123,"n":"Fromage enfant Ficello Nature à effilocher x4 -84g","p":2.03,"u":"24,17 €/KG","img":"https://fd13-photos.leclercdrive.fr/image.ashx?id=2375373&use=l&cat=p&typeid=i","cat":314030},{"id":23131,"n":"Jambon sec Saint Azay 4 grandes tranches - 110g","p":3.25,"u":"29,55 €/KG","img":"https://fd13-photos.leclercdrive.fr/image.ashx?id=2921372&use=l&cat=p&typeid=i","cat":316007},{"id":23132,"n":"Pâte feuilletée Tablier Blanc Epaisse - 280g","p":1.55,"u":"5,54 €/KG","img":"https://fd13-photos.leclercdrive.fr/image.ashx?id=2635910&use=l&cat=p&typeid=i","cat":333681},{"id":23133,"n":"Pâte brisée Tablier Blanc Epaisse - 280g","p":1.65,"u":"5,89 €/KG","img":"https://fd13-photos.leclercdrive.fr/image.ashx?id=2635913&use=l&cat=p&typeid=i","cat":333681},{"id":23147,"n":"AOP Crémant de Loire  Ackerman Vin blanc brut - 75cl","p":4.99,"u":"6,65 €/L","img":"https://fd13-photos.leclercdrive.fr/image.ashx?id=2928426&use=l&cat=p&typeid=i","cat":284545},{"id":23154,"n":"AOP Crémant Wolfberger Demi-sec d'Alsace - 75cl","p":7.39,"u":"9,85 €/L","img":"https://fd13-photos.leclercdrive.fr/image.ashx?id=2764197&use=l&cat=p&typeid=i","cat":284545},{"id":23157,"n":"AOP Champagne Brut Nicolas Feuillatte - 75cl","p":25.94,"u":"34,59 €/L","img":"https://fd13-photos.leclercdrive.fr/image.ashx?id=2962791&use=l&cat=p&typeid=i","cat":284542},{"id":23158,"n":"AOC Crémant de Bourgogne  Veuve Ambal Brut - 75cl","p":7.99,"pp":5.99,"u":"7,99 €/L","img":"https://fd13-photos.leclercdrive.fr/image.ashx?id=1737205&use=l&cat=p&typeid=i","cat":284545},{"id":23168,"n":"Beurre léger Les Croisés Doux - 40% MG - 250g","p":1.75,"u":"7,00 €/KG","img":"https://fd13-photos.leclercdrive.fr/image.ashx?id=2839909&use=l&cat=p&typeid=i","cat":284379},{"id":23169,"n":"Papier toilette Mimosa Blanc - Ultra Moelleux - x6","p":3.29,"u":"0,55 €/P","img":"https://fd13-photos.leclercdrive.fr/image.ashx?id=2777857&use=l&cat=p&typeid=i","cat":284634},{"id":23170,"n":"Papier toilette Mimosa Décoré - Ultra Confort - x6","p":3.06,"u":"0,51 €/P","img":"https://fd13-photos.leclercdrive.fr/image.ashx?id=2778755&use=l&cat=p&typeid=i","cat":284634},{"id":23176,"n":"Pur jus de tomate Bio Village Bio - 1L","p":2.77,"u":"2,77 €/L","img":"https://fd13-photos.leclercdrive.fr/image.ashx?id=2954115&use=l&cat=p&typeid=i","cat":284523},{"id":23177,"n":"Pur jus Bio Village Bio Carotte - 1L","p":2.87,"u":"2,87 €/L","img":"https://fd13-photos.leclercdrive.fr/image.ashx?id=2901533&use=l&cat=p&typeid=i","cat":284523},{"id":23179,"n":"Pur jus 7 fruits Bio Village Bio - 1L","p":2.78,"u":"2,78 €/L","img":"https://fd13-photos.leclercdrive.fr/image.ashx?id=2901530&use=l&cat=p&typeid=i","cat":284917},{"id":23180,"n":"Rasoirs jetables Carré Homme 3 lames - x4","p":2.65,"img":"https://fd13-photos.leclercdrive.fr/image.ashx?id=2704666&use=l&cat=p&typeid=i","cat":284616},{"id":23181,"n":"Lames de rasoir Carré Homme 5 lames - x4","p":4.94,"img":"https://fd13-photos.leclercdrive.fr/image.ashx?id=2704660&use=l&cat=p&typeid=i","cat":284616},{"id":23182,"n":"Rasoirs jetables Siliss 3 lames - x4","p":1.99,"u":"0,50 €/P","img":"https://fd13-photos.leclercdrive.fr/image.ashx?id=2699438&use=l&cat=p&typeid=i","cat":325352},{"id":23188,"n":"Tomato Ketchup Heinz - 250g","p":1.12,"u":"4,48 €/KG","img":"https://fd13-photos.leclercdrive.fr/image.ashx?id=2943801&use=l&cat=p&typeid=i","cat":284455},{"id":23190,"n":"Mayonnaise AMORA Recette Fouettée - 398g","p":2.52,"u":"6,33 €/KG","img":"https://fd13-photos.leclercdrive.fr/image.ashx?id=2598684&use=l&cat=p&typeid=i","cat":298295},{"id":23212,"n":"Compote Douceur du Verger Coupelle pomme framboise-4x100g","p":1.63,"u":"4,08 €/KG","img":"https://fd13-photos.leclercdrive.fr/image.ashx?id=2663494&use=l&cat=p&typeid=i","cat":284508},{"id":23215,"n":"Biscuits Cookies P'tit Déli Chocolat raisin cranberrie 200g","p":1.44,"u":"7,20 €/KG","img":"https://fd13-photos.leclercdrive.fr/image.ashx?id=2529593&use=l&cat=p&typeid=i","cat":325066},{"id":23219,"n":"Sauce Pesto Turini Basilic - 185g","p":1.3,"u":"7,03 €/KG","img":"https://fd13-photos.leclercdrive.fr/image.ashx?id=2546248&use=l&cat=p&typeid=i","cat":287599},{"id":23220,"n":"Chips Pom'Lisse Légumes - 100g","p":1.99,"u":"19,90 €/KG","img":"https://fd13-photos.leclercdrive.fr/image.ashx?id=2919610&use=l&cat=p&typeid=i","cat":284447},{"id":23221,"n":"Sauce Tomates Turini Basilic - 420g","p":1.15,"u":"2,74 €/KG","img":"https://fd13-photos.leclercdrive.fr/image.ashx?id=2487458&use=l&cat=p&typeid=i","cat":287599},{"id":23226,"n":"Madeleines bio Bio Village Coquilles - 250g","p":1.88,"u":"7,52 €/KG","img":"https://fd13-photos.leclercdrive.fr/image.ashx?id=2711619&use=l&cat=p&typeid=i","cat":284492},{"id":23227,"n":"Chips Bio Village Bio - Nature - 125g","p":1.99,"u":"15,92 €/KG","img":"https://fd13-photos.leclercdrive.fr/image.ashx?id=2743834&use=l&cat=p&typeid=i","cat":284447},{"id":23244,"n":"Désodorisant frigo Bien Air Sans parfum 40g","p":1.83,"u":"45,75 €/KG","img":"https://fd13-photos.leclercdrive.fr/image.ashx?id=606570&use=l&cat=p&typeid=i","cat":311628},{"id":23251,"n":"Bâtonnets allume-feu Silex Sans odeur x24","p":2.05,"u":"0,09 €/P","img":"https://fd13-photos.leclercdrive.fr/image.ashx?id=2999721&use=l&cat=p&typeid=i","cat":300578},{"id":23252,"n":"Cubes allume-feu Silex Sans odeur 100% naturel x40","p":1.57,"u":"0,04 €/P","img":"https://fd13-photos.leclercdrive.fr/image.ashx?id=2669735&use=l&cat=p&typeid=i","cat":300578},{"id":23253,"n":"Nettoyant spray Clair Surpuissant - 750ml","p":1.86,"u":"2,48 €/L","img":"https://fd13-photos.leclercdrive.fr/image.ashx?id=2520831&use=l&cat=p&typeid=i","cat":325357},{"id":23255,"n":"Déodorant Carré Homme Vétiver longue durée 200ml","p":1.35,"u":"6,75 €/L","img":"https://fd13-photos.leclercdrive.fr/image.ashx?id=2375992&use=l&cat=p&typeid=i","cat":284618},{"id":23268,"n":"Vin mousseux de France rosé  Muscador Doux 11.5%vol. - 75cl","p":2.7,"u":"3,60 €/L","img":"https://fd13-photos.leclercdrive.fr/image.ashx?id=2157055&use=l&cat=p&typeid=i","cat":284544},{"id":23271,"n":"Vin mousseux de France blanc Muscador doux 11.5% Vol 75cl","p":2.66,"u":"3,55 €/L","img":"https://fd13-photos.leclercdrive.fr/image.ashx?id=2157052&use=l&cat=p&typeid=i","cat":284544},{"id":23304,"n":"Feuilletés paniers Côté Table Saumon - 4x100g","p":4.45,"u":"11,13 €/KG","img":"https://fd13-photos.leclercdrive.fr/image.ashx?id=2549400&use=l&cat=p&typeid=i","cat":319776},{"id":23336,"n":"Soufflés Grignot' Tokapi Bacon - 90g","p":0.89,"u":"9,89 €/KG","img":"https://fd13-photos.leclercdrive.fr/image.ashx?id=2059480&use=l&cat=p&typeid=i","cat":284449},{"id":23363,"n":"Lait bébé poudre Nidal Nestlé 1er âge - 0-6 mois - 800g","p":12.91,"u":"16,14 €/KG","img":"https://fd13-photos.leclercdrive.fr/image.ashx?id=2811638&use=l&cat=p&typeid=i","cat":284726},{"id":23365,"n":"Lait bébé 2A NIDAL GEST  6-12 mois - 800g","p":12.25,"u":"15,31 €/KG","img":"https://fd13-photos.leclercdrive.fr/image.ashx?id=2890799&use=l&cat=p&typeid=i","cat":284727},{"id":23371,"n":"Mozzarella Maxi Les Croisés - 250g","p":1.86,"u":"7,44 €/KG","img":"https://fd13-photos.leclercdrive.fr/image.ashx?id=2133617&use=l&cat=p&typeid=i","cat":314026},{"id":23372,"n":"Ricotta Les Croisés - 250g","p":1.29,"u":"5,16 €/KG","img":"https://fd13-photos.leclercdrive.fr/image.ashx?id=2133294&use=l&cat=p&typeid=i","cat":314026},{"id":23380,"n":"Feuilles simples Esquisse 200 pages 21x29,7cm 5x5","p":1.79,"img":"https://fd13-photos.leclercdrive.fr/image.ashx?id=2131197&use=l&cat=p&typeid=i","cat":284697},{"id":23387,"n":"Gâteaux St Michel Savaroises Chocolat 8 sachets 220g","p":1.95,"u":"8,86 €/KG","img":"https://fd13-photos.leclercdrive.fr/image.ashx?id=2935693&use=l&cat=p&typeid=i","cat":284495},{"id":23411,"n":"Petits pains grillés Epi d'Or Froment - 400g","p":1.39,"u":"3,48 €/KG","img":"https://fd13-photos.leclercdrive.fr/image.ashx?id=2496413&use=l&cat=p&typeid=i","cat":284479},{"id":23412,"n":"Vermicelles Tables du Monde Haricot mungo - 100g","p":1.23,"u":"12,30 €/KG","img":"https://fd13-photos.leclercdrive.fr/image.ashx?id=2679723&use=l&cat=p&typeid=i","cat":288992},{"id":23419,"n":"Chocolat noir Equador Fourré mousse 160g","p":2.49,"u":"15,56 €/KG","img":"https://fd13-photos.leclercdrive.fr/image.ashx?id=2834299&use=l&cat=p&typeid=i","cat":284956},{"id":23430,"n":"Croquettes chat Tous mes amis Lapin/volailles - 2kg","p":3.99,"u":"2,00 €/KG","img":"https://fd13-photos.leclercdrive.fr/image.ashx?id=2301605&use=l&cat=p&typeid=i","cat":284680},{"id":23432,"n":"Croquettes Lydog Petits chiens - Vollaile - 2kg","p":4.12,"u":"2,06 €/KG","img":"https://fd13-photos.leclercdrive.fr/image.ashx?id=2191126&use=l&cat=p&typeid=i","cat":294526},{"id":23434,"n":"Cacahuètes Tokapi Sans sel ajouté - 200g","p":0.76,"u":"3,80 €/KG","img":"https://fd13-photos.leclercdrive.fr/image.ashx?id=2858833&use=l&cat=p&typeid=i","cat":284448},{"id":23437,"n":"Maïs Notre Jardin Croquant - 285g","p":0.85,"u":"2,98 €/KG","img":"https://fd13-photos.leclercdrive.fr/image.ashx?id=1993188&use=l&cat=p&typeid=i","cat":312611},{"id":23438,"n":"Soufflés RingsTokapi Oignon - 60g","p":0.77,"u":"12,83 €/KG","img":"https://fd13-photos.leclercdrive.fr/image.ashx?id=2898838&use=l&cat=p&typeid=i","cat":284449},{"id":23439,"n":"Crème dessert Délisse Choco Billes bicompartiment 4x117g","p":1.99,"u":"4,25 €/KG","img":"https://fd13-photos.leclercdrive.fr/image.ashx?id=2965482&use=l&cat=p&typeid=i","cat":285041},{"id":23444,"n":"Quenelles Côté Table volaille Au naturel 255g","p":1.37,"u":"5,37 €/KG","img":"https://fd13-photos.leclercdrive.fr/image.ashx?id=2977870&use=l&cat=p&typeid=i","cat":284441},{"id":23449,"n":"Dessert fruitier pomme mangue Douceur du Verger s/sucre4x100g","p":1.23,"u":"3,08 €/KG","img":"https://fd13-photos.leclercdrive.fr/image.ashx?id=2530479&use=l&cat=p&typeid=i","cat":284416},{"id":23450,"n":"Yaourts aux fruits Délisse Fruits rouges - 8x125g","p":2.29,"u":"2,29 €/KG","img":"https://fd13-photos.leclercdrive.fr/image.ashx?id=2616736&use=l&cat=p&typeid=i","cat":284410},{"id":23452,"n":"Terrines chats Tous mes amis Viandes variées - 4x400g","p":3.74,"u":"2,34 €/KG","img":"https://fd13-photos.leclercdrive.fr/image.ashx?id=606862&use=l&cat=p&typeid=i","cat":285601},{"id":23485,"n":"Terrines de st Jacques Guyader 120g","p":3.6,"u":"30,00 €/KG","img":"https://fd13-photos.leclercdrive.fr/image.ashx?id=2504725&use=l&cat=p&typeid=i","cat":285191},{"id":23486,"n":"Terrines saumon Guyader 120g","p":2.99,"u":"24,92 €/KG","img":"https://fd13-photos.leclercdrive.fr/image.ashx?id=2504722&use=l&cat=p&typeid=i","cat":285191},{"id":23497,"n":"Bonbons Confiséo Acacia menthe eucalyptus 300g","p":2.06,"u":"6,87 €/KG","img":"https://fd13-photos.leclercdrive.fr/image.ashx?id=2934676&use=l&cat=p&typeid=i","cat":304252},{"id":23499,"n":"Huile Bio Village mélange 4 huiles biologiques - 75 cl","p":3.99,"u":"5,32 €/L","img":"https://fd13-photos.leclercdrive.fr/image.ashx?id=3005703&use=l&cat=p&typeid=i","cat":284453},{"id":23500,"n":"Bouillon de légumes Bio Village Bio - 8x10g","p":1.69,"u":"21,13 €/KG","img":"https://fd13-photos.leclercdrive.fr/image.ashx?id=1943409&use=l&cat=p&typeid=i","cat":288379},{"id":23522,"n":"Bûche de chèvre Les Croisés Format famililal 25%mg 300g","p":2.95,"u":"9,83 €/KG","img":"https://fd13-photos.leclercdrive.fr/image.ashx?id=2949415&use=l&cat=p&typeid=i","cat":314031},{"id":23543,"n":"Bière blonde Leffe 6,6% - 12x33cl","p":12.98,"u":"3,28 €/L","img":"https://fd13-photos.leclercdrive.fr/image.ashx?id=2811578&use=l&cat=p&typeid=i","cat":334852},{"id":23546,"n":"Poêlée savoyarde Marie Aux lardons fumés - 900g","p":4.19,"u":"4,66 €/KG","img":"https://fd13-photos.leclercdrive.fr/image.ashx?id=2996782&use=l&cat=p&typeid=i","cat":319823},{"id":23552,"n":"Lait bébé poudre Nidal Nestlé 2e âge -6-12 mois - 800g","p":10.27,"u":"12,84 €/KG","img":"https://fd13-photos.leclercdrive.fr/image.ashx?id=2805597&use=l&cat=p&typeid=i","cat":284727},{"id":23553,"n":"Lait bébé 1A NIDAL GEST  0-6 mois - 800g","p":16.04,"u":"20,05 €/KG","img":"https://fd13-photos.leclercdrive.fr/image.ashx?id=2890796&use=l&cat=p&typeid=i","cat":284726},{"id":23583,"n":"Crème Fraîche Elle&Vire Epaisse Entière - 30% MG - 33cl","p":1.87,"u":"5,67 €/L","img":"https://fd13-photos.leclercdrive.fr/image.ashx?id=3003333&use=l&cat=p&typeid=i","cat":284381},{"id":23595,"n":"Fromage raclette Les Croisés 3 poivres 26%mg 250g","p":2.99,"u":"11,96 €/KG","img":"https://fd13-photos.leclercdrive.fr/image.ashx?id=2791782&use=l&cat=p&typeid=i","cat":314037},{"id":23598,"n":"Fromage raclette Les Croisés Sans croûte - 28%mg - 400g","p":3.95,"u":"9,88 €/KG","img":"https://fd13-photos.leclercdrive.fr/image.ashx?id=2969752&use=l&cat=p&typeid=i","cat":314037},{"id":23618,"n":"Couscous Weight Watchers Oriental 300g","p":3.16,"u":"10,53 €/KG","img":"https://fd13-photos.leclercdrive.fr/image.ashx?id=2610915&use=l&cat=p&typeid=i","cat":333665},{"id":23628,"n":"Fond de volaille Rustica 110g","p":2.21,"u":"20,09 €/KG","img":"https://fd13-photos.leclercdrive.fr/image.ashx?id=2140914&use=l&cat=p&typeid=i","cat":288379},{"id":23630,"n":"Mouliné de carottes Régal Soupe Poireaux pommes de terre 1L","p":2.16,"u":"2,16 €/L","img":"https://fd13-photos.leclercdrive.fr/image.ashx?id=2607506&use=l&cat=p&typeid=i","cat":284462},{"id":23631,"n":"Chocolat noir Equador Mini carrés 72% cacao 200g","p":4.35,"u":"21,75 €/KG","img":"https://fd13-photos.leclercdrive.fr/image.ashx?id=2856483&use=l&cat=p&typeid=i","cat":284956},{"id":23632,"n":"Liégeois Délisse Caramel - 4x100g","p":1.25,"u":"3,13 €/KG","img":"https://fd13-photos.leclercdrive.fr/image.ashx?id=2884240&use=l&cat=p&typeid=i","cat":285042},{"id":23636,"n":"Bouillon de volaille Rustica Dégraissé - Tablettes 12x10g","p":0.79,"u":"6,58 €/KG","img":"https://fd13-photos.leclercdrive.fr/image.ashx?id=1880033&use=l&cat=p&typeid=i","cat":288379},{"id":23642,"n":"Huile spéciale fondue Rustica Aux aromates - 1L","p":3.45,"u":"3,45 €/L","img":"https://fd13-photos.leclercdrive.fr/image.ashx?id=2546245&use=l&cat=p&typeid=i","cat":284453},{"id":23709,"n":"Riz à la Cantonaise Marie 900g","p":4.85,"u":"5,39 €/KG","img":"https://fd13-photos.leclercdrive.fr/image.ashx?id=2996791&use=l&cat=p&typeid=i","cat":284254},{"id":23712,"n":"Saumon fumé Eco+ Atlantique - 200g","p":4.67,"u":"23,35 €/KG","img":"https://fd13-photos.leclercdrive.fr/image.ashx?id=2856733&use=l&cat=p&typeid=i","cat":285188},{"id":23715,"n":"Samoussa Tables du Monde Au boeuf - x4 - 220g","p":3.29,"u":"14,95 €/KG","img":"https://fd13-photos.leclercdrive.fr/image.ashx?id=2807190&use=l&cat=p&typeid=i","cat":333673},{"id":23717,"n":"Nem au poulet Traditions d'Asie Sauce nuoc mam - x4 - 280g","p":2.67,"u":"9,54 €/KG","img":"https://fd13-photos.leclercdrive.fr/image.ashx?id=2985222&use=l&cat=p&typeid=i","cat":333673},{"id":23725,"n":"Liquide vaisselle Eco+ Pomme - 1L","p":0.74,"u":"0,74 €/L","img":"https://fd13-photos.leclercdrive.fr/image.ashx?id=2949161&use=l&cat=p&typeid=i","cat":284655},{"id":23726,"n":"Aluminium Eco+ 30m","p":1.89,"u":"0,06 €/MT","img":"https://fd13-photos.leclercdrive.fr/image.ashx?id=2880216&use=l&cat=p&typeid=i","cat":334134},{"id":23727,"n":"Sacs poubelle 100L Eco+ x10","p":0.76,"u":"0,08 €/P","img":"https://fd13-photos.leclercdrive.fr/image.ashx?id=1904753&use=l&cat=p&typeid=i","cat":285168},{"id":23728,"n":"Huile de tournesol Eco+ 1L","p":1.63,"u":"1,63 €/L","img":"https://fd13-photos.leclercdrive.fr/image.ashx?id=2913636&use=l&cat=p&typeid=i","cat":284453},{"id":23729,"n":"Tomato Ketchup Eco+ 560g","p":0.88,"u":"1,57 €/KG","img":"https://fd13-photos.leclercdrive.fr/image.ashx?id=2954328&use=l&cat=p&typeid=i","cat":284455},{"id":23753,"n":"Alcool modifié Primoplast 70° 250ml","p":2.2,"u":"8,80 €/L","img":"https://fd13-photos.leclercdrive.fr/image.ashx?id=2856498&use=l&cat=p&typeid=i","cat":284630},{"id":23754,"n":"Eau oxygénée Primoplast 250ml","p":1.86,"u":"7,44 €/L","img":"https://fd13-photos.leclercdrive.fr/image.ashx?id=2832936&use=l&cat=p&typeid=i","cat":284630},{"id":23759,"n":"Vin de l'Union Européenne La Villageoise  11% Vol. - 1.5L","p":3.63,"u":"2,42 €/L","img":"https://fd13-photos.leclercdrive.fr/image.ashx?id=2153492&use=l&cat=p&typeid=i","cat":289556},{"id":23788,"n":"Pizza Bio Bio Village 3 fromages - 380g","p":3.24,"u":"8,53 €/KG","img":"https://fd13-photos.leclercdrive.fr/image.ashx?id=2946202&use=l&cat=p&typeid=i","cat":284256},{"id":23791,"n":"Tartines craquantes Epi d'Or Au blé complet - 250g","p":1.29,"u":"5,16 €/KG","img":"https://fd13-photos.leclercdrive.fr/image.ashx?id=2843788&use=l&cat=p&typeid=i","cat":284479},{"id":23794,"n":"Pain grillé Epi d'Or Blé complet x24 - 500g","p":1.72,"u":"3,44 €/KG","img":"https://fd13-photos.leclercdrive.fr/image.ashx?id=2680545&use=l&cat=p&typeid=i","cat":284479},{"id":23797,"n":"Lentilles vertes Bio Village Bio 500g","p":2.15,"u":"4,30 €/KG","img":"https://fd13-photos.leclercdrive.fr/image.ashx?id=3002656&use=l&cat=p&typeid=i","cat":284430},{"id":23798,"n":"Riz Risotto Comptoir du Grain 500g","p":1.42,"u":"2,84 €/KG","img":"https://fd13-photos.leclercdrive.fr/image.ashx?id=2363283&use=l&cat=p&typeid=i","cat":284428},{"id":23799,"n":"Riz rond Comptoir du Grain Dessert - 1kg","p":1.94,"u":"1,94 €/KG","img":"https://fd13-photos.leclercdrive.fr/image.ashx?id=776471&use=l&cat=p&typeid=i","cat":284428},{"id":23827,"n":"Cordon Bleu poulet Père Dodu  Les Bons plans x10 - 1kg","p":7.45,"u":"7,45 €/KG","img":"https://fd13-photos.leclercdrive.fr/image.ashx?id=2971095&use=l&cat=p&typeid=i","cat":333683},{"id":23936,"n":"Fromage blanc jockey Stracciatella - 4x120g","p":2.07,"u":"4,31 €/KG","img":"https://fd13-photos.leclercdrive.fr/image.ashx?id=2280011&use=l&cat=p&typeid=i","cat":314999},{"id":23937,"n":"Boisson aux fruits Oasis Pomme framboise cassis 4x2L","p":10.5,"u":"1,31 €/L","img":"https://fd13-photos.leclercdrive.fr/image.ashx?id=2118734&use=l&cat=p&typeid=i","cat":295018},{"id":23963,"n":"Beurre Tendre Les Croisés Demi-sel Allegé - 40% MG - 250g","p":2.25,"u":"9,00 €/KG","img":"https://fd13-photos.leclercdrive.fr/image.ashx?id=2839912&use=l&cat=p&typeid=i","cat":284379},{"id":23968,"n":"Roquefort AOP Les Croisés Tranché 150g","p":2.29,"u":"15,27 €/KG","img":"https://fd13-photos.leclercdrive.fr/image.ashx?id=2676537&use=l&cat=p&typeid=i","cat":314032},{"id":23972,"n":"Fusili Côté Snack Pâtes Bolognaise - 300g","p":1.89,"u":"6,30 €/KG","img":"https://fd13-photos.leclercdrive.fr/image.ashx?id=2650898&use=l&cat=p&typeid=i","cat":334983},{"id":24009,"n":"Crackers Tuc Fromage - 100g","p":0.81,"u":"8,10 €/KG","img":"https://fd13-photos.leclercdrive.fr/image.ashx?id=3002291&use=l&cat=p&typeid=i","cat":297000},{"id":24035,"n":"Echalotes semoule Rustica 36g","p":1.29,"u":"35,83 €/KG","img":"https://fd13-photos.leclercdrive.fr/image.ashx?id=2772951&use=l&cat=p&typeid=i","cat":298297},{"id":24043,"n":"Thé vert Britley Menthe x25 sachets - 40g","p":0.79,"u":"19,75 €/KG","img":"https://fd13-photos.leclercdrive.fr/image.ashx?id=2672930&use=l&cat=p&typeid=i","cat":293233},{"id":24047,"n":"Yaourts aromatisés Délisse Vanille - 4x125g","p":1.29,"u":"2,58 €/KG","img":"https://fd13-photos.leclercdrive.fr/image.ashx?id=2134524&use=l&cat=p&typeid=i","cat":286006},{"id":24049,"n":"Pâtée chats Tous mes amis Thon en sauce - 80g","p":0.99,"u":"12,38 €/KG","img":"https://fd13-photos.leclercdrive.fr/image.ashx?id=2450306&use=l&cat=p&typeid=i","cat":285601},{"id":24050,"n":"Pâtée chats Tous mes amis Poulet en sauce - 80g","p":0.99,"u":"12,38 €/KG","img":"https://fd13-photos.leclercdrive.fr/image.ashx?id=2450309&use=l&cat=p&typeid=i","cat":285601},{"id":24051,"n":"Pâtée pour chats Tous mes amis Thon aux crevettes - 80g","p":0.99,"u":"12,38 €/KG","img":"https://fd13-photos.leclercdrive.fr/image.ashx?id=1971897&use=l&cat=p&typeid=i","cat":285601},{"id":24082,"n":"Mayonnaise Fine MAILLE Qualité Traiteur Bocal - 320g","p":2.46,"u":"7,69 €/KG","img":"https://fd13-photos.leclercdrive.fr/image.ashx?id=2908369&use=l&cat=p&typeid=i","cat":298295},{"id":24083,"n":"Nuggets de Poulet  Père Dodu  x50 - 1kg - Les Bons plans","p":5.95,"u":"5,95 €/KG","img":"https://fd13-photos.leclercdrive.fr/image.ashx?id=2957086&use=l&cat=p&typeid=i","cat":333684},{"id":24085,"n":"Pizza la Moelleuse Turini Royale - 600g","p":3.36,"u":"5,60 €/KG","img":"https://fd13-photos.leclercdrive.fr/image.ashx?id=2815641&use=l&cat=p&typeid=i","cat":284256},{"id":24088,"n":"Pizza la Moelleuse Turini 6 Fromages - 600g","p":3.63,"u":"6,05 €/KG","img":"https://fd13-photos.leclercdrive.fr/image.ashx?id=2815638&use=l&cat=p&typeid=i","cat":284256},{"id":24094,"n":"Jus de pommes pressées Andros 1,5L","p":3.77,"u":"2,51 €/L","img":"https://fd13-photos.leclercdrive.fr/image.ashx?id=2902981&use=l&cat=p&typeid=i","cat":285435},{"id":24095,"n":"Jus de clémentines préssées Andros - 1,5L","p":4.14,"u":"2,76 €/L","img":"https://fd13-photos.leclercdrive.fr/image.ashx?id=2902984&use=l&cat=p&typeid=i","cat":285435},{"id":24162,"n":"Vinaigre balsamique Bio Village Bio 50cl","p":3.49,"u":"6,98 €/L","img":"https://fd13-photos.leclercdrive.fr/image.ashx?id=2865206&use=l&cat=p&typeid=i","cat":298543},{"id":24163,"n":"Infusion Tiséa Tilleul Citron 25 sachets 34g","p":1.69,"u":"48,29 €/KG","img":"https://fd13-photos.leclercdrive.fr/image.ashx?id=2854240&use=l&cat=p&typeid=i","cat":293234},{"id":24164,"n":"Thé vert Briley 32.5g","p":0.79,"u":"24,69 €/KG","img":"https://fd13-photos.leclercdrive.fr/image.ashx?id=2645939&use=l&cat=p&typeid=i","cat":293233},{"id":24186,"n":"Bandes à découper Mercurochrome 5 bandes - 10x6cm","p":2.59,"img":"https://fd13-photos.leclercdrive.fr/image.ashx?id=2862152&use=l&cat=p&typeid=i","cat":284630},{"id":24258,"n":"Philadelphia Nature - 300g","p":2.87,"u":"9,57 €/KG","img":"https://fd13-photos.leclercdrive.fr/image.ashx?id=2787863&use=l&cat=p&typeid=i","cat":314029},{"id":24296,"n":"Sauce apéritif Old El Paso Salsa doux - 312g","p":2.48,"u":"7,95 €/KG","img":"https://fd13-photos.leclercdrive.fr/image.ashx?id=2859944&use=l&cat=p&typeid=i","cat":288993},{"id":24363,"n":"Boisson lactée Délisse Chocolat - 6x20cl","p":2.17,"u":"1,81 €/L","img":"https://fd13-photos.leclercdrive.fr/image.ashx?id=3015245&use=l&cat=p&typeid=i","cat":295246},{"id":24390,"n":"Pétales de blé Eco+ Chocolat - 750g","p":2.03,"u":"2,71 €/KG","img":"https://fd13-photos.leclercdrive.fr/image.ashx?id=2927836&use=l&cat=p&typeid=i","cat":309513},{"id":24395,"n":"AOC Rasteau rouge Ortas Cave de Rasteau -75cl","p":7.48,"u":"9,97 €/L","img":"https://fd13-photos.leclercdrive.fr/image.ashx?id=1883876&use=l&cat=p&typeid=i","cat":289556},{"id":24403,"n":"Vodka Novotna Pure grain 37.5%vol - 1L","p":14.99,"u":"14,99 €/L","img":"https://fd13-photos.leclercdrive.fr/image.ashx?id=784848&use=l&cat=p&typeid=i","cat":284550},{"id":24410,"n":"Bonbons Copains Copines Tendres fruits - 360 g","p":2.05,"u":"5,69 €/KG","img":"https://fd13-photos.leclercdrive.fr/image.ashx?id=2934694&use=l&cat=p&typeid=i","cat":304250},{"id":24418,"n":"Sauces gourmandes Rustica Pour viande 4 saveurs - 4x90g","p":2.41,"u":"6,69 €/KG","img":"https://fd13-photos.leclercdrive.fr/image.ashx?id=2275513&use=l&cat=p&typeid=i","cat":318430},{"id":24474,"n":"Petites crevettes roses Pêche Océan - 125g","p":2.49,"u":"19,92 €/KG","img":"https://fd13-photos.leclercdrive.fr/image.ashx?id=2953635&use=l&cat=p&typeid=i","cat":284343},{"id":24492,"n":"Blanc de poulet Tradilège Doré à la broche - 120g","p":1.39,"u":"11,58 €/KG","img":"https://fd13-photos.leclercdrive.fr/image.ashx?id=2974864&use=l&cat=p&typeid=i","cat":316010},{"id":24495,"n":"Capsules Nescafé Dolce Gusto  Nesquik - x16","p":4.47,"u":"17,46 €/KG","img":"https://fd13-photos.leclercdrive.fr/image.ashx?id=2946634&use=l&cat=p&typeid=i","cat":293239},{"id":24500,"n":"Pain de mie nature Epi d'Or Sans croute - 500g","p":1.39,"u":"2,78 €/KG","img":"https://fd13-photos.leclercdrive.fr/image.ashx?id=2209282&use=l&cat=p&typeid=i","cat":284477},{"id":24574,"n":"Bandes de cire froide L.Dumont Visage x20 bandes","p":3.33,"u":"0,17 €/P","img":"https://fd13-photos.leclercdrive.fr/image.ashx?id=2606355&use=l&cat=p&typeid=i","cat":325351},{"id":24642,"n":"Déodorant Rexona Confidence Stick anti-transpirant - 45ml","p":3.6,"u":"80,00 €/L","img":"https://fd13-photos.leclercdrive.fr/image.ashx?id=2738194&use=l&cat=p&typeid=i","cat":284595},{"id":24652,"n":"Déodorant Stick Rexona Anti- Transpirant CleanScent 96H 45ml","p":3.45,"u":"76,67 €/L","img":"https://fd13-photos.leclercdrive.fr/image.ashx?id=2895101&use=l&cat=p&typeid=i","cat":284595},{"id":24659,"n":"Secret de mousse la Laitière Chocolat au lait - 8x59g","p":2.93,"u":"6,21 €/KG","img":"https://fd13-photos.leclercdrive.fr/image.ashx?id=3007984&use=l&cat=p&typeid=i","cat":284417},{"id":24666,"n":"Roquefort AOP Société Fromage de brebis - 100g","p":2.71,"u":"27,10 €/KG","img":"https://fd13-photos.leclercdrive.fr/image.ashx?id=2729683&use=l&cat=p&typeid=i","cat":314032},{"id":24671,"n":"Crème Chantilly Bridelice Légère fouettée 20%mg - 250g","p":2.69,"u":"10,76 €/KG","img":"https://fd13-photos.leclercdrive.fr/image.ashx?id=2939313&use=l&cat=p&typeid=i","cat":284382},{"id":24672,"n":"Lait Matin Léger Lactel Sans lactose écrémé - 6x1l","p":11.5,"u":"1,92 €/L","img":"https://fd13-photos.leclercdrive.fr/image.ashx?id=2883546&use=l&cat=p&typeid=i","cat":317169},{"id":24674,"n":"Dentifrice Dentamyl 2en1 blancheur 75ml","p":1.3,"u":"17,33 €/L","img":"https://fd13-photos.leclercdrive.fr/image.ashx?id=2613834&use=l&cat=p&typeid=i","cat":284612},{"id":24694,"n":"Brosses à dent souple Dentamyl x4","p":0.99,"u":"0,25 €/P","img":"https://fd13-photos.leclercdrive.fr/image.ashx?id=2790946&use=l&cat=p&typeid=i","cat":284614},{"id":24738,"n":"Sacs poubelle Alfapac 10L Salle de bain végétal x25","p":1.34,"u":"0,05 €/P","img":"https://fd13-photos.leclercdrive.fr/image.ashx?id=2526860&use=l&cat=p&typeid=i","cat":284707},{"id":24758,"n":"IGP Saucisse de Montbéliard VPF - 5x100g","p":6.99,"u":"13,98 €/KG","img":"https://fd13-photos.leclercdrive.fr/image.ashx?id=2833534&use=l&cat=p&typeid=i","cat":316012},{"id":24759,"n":"Mini nems Tables du Monde porc x5/poulet x5 +sauce - 220g","p":2.99,"u":"13,59 €/KG","img":"https://fd13-photos.leclercdrive.fr/image.ashx?id=2613276&use=l&cat=p&typeid=i","cat":333673},{"id":24789,"n":"Oeufs De Nos Villages Moyen - Plein Air - x12","p":4.42,"u":"0,37 €/P","img":"https://fd13-photos.leclercdrive.fr/image.ashx?id=2228933&use=l&cat=p&typeid=i","cat":284378},{"id":24790,"n":"Oeufs De Nos Villages Plein air - Gros - x6","p":1.79,"u":"0,30 €/P","img":"https://fd13-photos.leclercdrive.fr/image.ashx?id=2228927&use=l&cat=p&typeid=i","cat":284378},{"id":24847,"n":"Gâche tranchée ovale NRT Beurre - 450g","p":2.48,"u":"5,51 €/KG","img":"https://fd13-photos.leclercdrive.fr/image.ashx?id=2670443&use=l&cat=p&typeid=i","cat":284478},{"id":24886,"n":"Bâtonnets Trium Vanille Spéculoos x4 - 280g","p":3.19,"u":"11,39 €/KG","img":"https://fd13-photos.leclercdrive.fr/image.ashx?id=2920770&use=l&cat=p&typeid=i","cat":284265},{"id":24906,"n":"Mozzarella mini billes  Les Croisés - 150g","p":1.7,"u":"11,33 €/KG","img":"https://fd13-photos.leclercdrive.fr/image.ashx?id=2463468&use=l&cat=p&typeid=i","cat":314026},{"id":24908,"n":"Sacs poubelle 20L Alfapac Ultra résistant Coulissac - x20","p":2.4,"img":"https://fd13-photos.leclercdrive.fr/image.ashx?id=2732356&use=l&cat=p&typeid=i","cat":285168},{"id":24961,"n":"Soin de jour L'Oréal Paris Age Perfect anti-âge - 50ml","p":11.97,"pp":7.9,"u":"158,00 €/L","img":"https://fd13-photos.leclercdrive.fr/image.ashx?id=2868047&use=l&cat=p&typeid=i","cat":325345},{"id":24967,"n":"Fondue Savoyarde RichesMonts  3 fromages - 450g","p":5.75,"u":"12,78 €/KG","img":"https://fd13-photos.leclercdrive.fr/image.ashx?id=2986239&use=l&cat=p&typeid=i","cat":314037},{"id":24972,"n":"Chèvre à dorer Les Croisés x4 - 100g","p":1.77,"u":"17,70 €/KG","img":"https://fd13-photos.leclercdrive.fr/image.ashx?id=2460592&use=l&cat=p&typeid=i","cat":314027},{"id":24982,"n":"Fromage à tartiner Philadelphia Light nature - 150g","p":2.26,"u":"15,07 €/KG","img":"https://fd13-photos.leclercdrive.fr/image.ashx?id=1626572&use=l&cat=p&typeid=i","cat":314029},{"id":25005,"n":"Préparation Papillotes Maggi Rôti thym et fines herbes - 30g","p":0.73,"u":"24,33 €/KG","img":"https://fd13-photos.leclercdrive.fr/image.ashx?id=2963964&use=l&cat=p&typeid=i","cat":288380},{"id":25006,"n":"Sauce béchamel Maggi Saveur à l'ancienne sachet -60g","p":0.63,"u":"10,50 €/KG","img":"https://fd13-photos.leclercdrive.fr/image.ashx?id=2697297&use=l&cat=p&typeid=i","cat":288381},{"id":25010,"n":"Barres Chocolatées KINDER Maxi Chocolat au Lait x10 - 210g","p":3.02,"u":"14,38 €/KG","img":"https://fd13-photos.leclercdrive.fr/image.ashx?id=2679609&use=l&cat=p&typeid=i","cat":284498},{"id":25027,"n":"Pots soir bébé bio Babybio Légumes riz - 6 mois - 2x200g","p":2.5,"u":"6,25 €/KG","img":"https://fd13-photos.leclercdrive.fr/image.ashx?id=2833474&use=l&cat=p&typeid=i","cat":312239},{"id":25028,"n":"Assiette Babybio Bio 12 mois Panais carotte polenta - 230g","p":1.65,"u":"7,17 €/KG","img":"https://fd13-photos.leclercdrive.fr/image.ashx?id=2875390&use=l&cat=p&typeid=i","cat":312239},{"id":25029,"n":"Assiette bébé bio Babybio Légumes agneau - 12 mois - 230g","p":1.99,"u":"8,65 €/KG","img":"https://fd13-photos.leclercdrive.fr/image.ashx?id=2855909&use=l&cat=p&typeid=i","cat":312237},{"id":25030,"n":"Petits pots Babynat Petits pois Cabillaud - 8mois 2x200g","p":2.75,"u":"6,88 €/KG","img":"https://fd13-photos.leclercdrive.fr/image.ashx?id=2825742&use=l&cat=p&typeid=i","cat":312236},{"id":25034,"n":"Mousse Coiffante Franck Provost A l'Huile d'Argan - 300ml","p":4.54,"u":"15,13 €/L","img":"https://fd13-photos.leclercdrive.fr/image.ashx?id=2575615&use=l&cat=p&typeid=i","cat":284609},{"id":25035,"n":"Salade Menu Fraîcheur Concombre au fromage blanc 300g","p":1.64,"u":"5,47 €/KG","img":"https://fd13-photos.leclercdrive.fr/image.ashx?id=2901443&use=l&cat=p&typeid=i","cat":333657},{"id":25044,"n":"Nettoyant spray Clair Salle de bain - Mousse - 600ml","p":1.99,"u":"3,32 €/L","img":"https://fd13-photos.leclercdrive.fr/image.ashx?id=2856678&use=l&cat=p&typeid=i","cat":325357},{"id":25049,"n":"Lames de rasoir Carré Homme 3 lames - x4","p":3.45,"u":"0,86 €/P","img":"https://fd13-photos.leclercdrive.fr/image.ashx?id=2704624&use=l&cat=p&typeid=i","cat":284616},{"id":25051,"n":"Boulettes de boeuf Férial x30 - 900g","p":7.39,"u":"8,21 €/KG","img":"https://fd13-photos.leclercdrive.fr/image.ashx?id=2966520&use=l&cat=p&typeid=i","cat":319779},{"id":25061,"n":"Cornichons Rustica Vinaigre - 360g","p":1.65,"u":"4,58 €/KG","img":"https://fd13-photos.leclercdrive.fr/image.ashx?id=2799763&use=l&cat=p&typeid=i","cat":284458},{"id":25064,"n":"Film étirable Alfapac Extensible auto-adhérent 50m","p":2.16,"img":"https://fd13-photos.leclercdrive.fr/image.ashx?id=2918271&use=l&cat=p&typeid=i","cat":334134},{"id":25067,"n":"Oeufs frais De Nos Régions Plein Air - Label Rouge - x12","p":3.58,"u":"0,30 €/P","img":"https://fd13-photos.leclercdrive.fr/image.ashx?id=2858105&use=l&cat=p&typeid=i","cat":284378},{"id":25068,"n":"Oeufs frais De Nos Régions Plein Air - Label rouge - x6","p":1.79,"u":"0,30 €/P","img":"https://fd13-photos.leclercdrive.fr/image.ashx?id=2858102&use=l&cat=p&typeid=i","cat":284378},{"id":25069,"n":"Fromage à Tartiner St Môret  Nature Léger - 9 portions 180g","p":2.5,"u":"13,89 €/KG","img":"https://fd13-photos.leclercdrive.fr/image.ashx?id=2755453&use=l&cat=p&typeid=i","cat":314029},{"id":25072,"n":"Mascarpone Casa Azzurra 500g","p":5.19,"u":"10,38 €/KG","img":"https://fd13-photos.leclercdrive.fr/image.ashx?id=2290269&use=l&cat=p&typeid=i","cat":314026},{"id":25080,"n":"Parmigiano Reggiano AOP Les Croisés - 200G","p":4.99,"u":"24,95 €/KG","img":"https://fd13-photos.leclercdrive.fr/image.ashx?id=2903959&use=l&cat=p&typeid=i","cat":314034},{"id":25093,"n":"Yaourts brassés Délisse Fruits jaunes - 8x125 g","p":2.28,"u":"2,28 €/KG","img":"https://fd13-photos.leclercdrive.fr/image.ashx?id=2495536&use=l&cat=p&typeid=i","cat":284410},{"id":25095,"n":"Yaourts brassés Délisse Fruits rouges - 8X125g","p":2.27,"u":"2,27 €/KG","img":"https://fd13-photos.leclercdrive.fr/image.ashx?id=2494217&use=l&cat=p&typeid=i","cat":284410},{"id":25124,"n":"Pur jus Multifruits Bio Village Bio - 6x20cl","p":3.11,"u":"2,59 €/L","img":"https://fd13-photos.leclercdrive.fr/image.ashx?id=2843626&use=l&cat=p&typeid=i","cat":284524},{"id":25125,"n":"Pur jus d'orange Bio Village Bio - 6x20cl","p":2.99,"u":"2,49 €/L","img":"https://fd13-photos.leclercdrive.fr/image.ashx?id=2671016&use=l&cat=p&typeid=i","cat":284521},{"id":25151,"n":"Confiture Bonne Maman Abricots et Framboises - 370g","p":2.78,"u":"7,51 €/KG","img":"https://fd13-photos.leclercdrive.fr/image.ashx?id=2474990&use=l&cat=p&typeid=i","cat":284480},{"id":25152,"n":"Confiture cerises Andros Allégée bocal 350g","p":1.97,"u":"5,63 €/KG","img":"https://fd13-photos.leclercdrive.fr/image.ashx?id=2423735&use=l&cat=p&typeid=i","cat":284480},{"id":25153,"n":"Confiture Bonne Maman Abricots - 750g","p":3.4,"u":"4,53 €/KG","img":"https://fd13-photos.leclercdrive.fr/image.ashx?id=2125731&use=l&cat=p&typeid=i","cat":284480},{"id":25164,"n":"Crème dessert Délisse Chocolat noir 4x125g","p":1.05,"u":"2,10 €/KG","img":"https://fd13-photos.leclercdrive.fr/image.ashx?id=2694283&use=l&cat=p&typeid=i","cat":285041},{"id":25171,"n":"Lardons fumés Tradilège Moins 25% de sel 2x75g","p":1.65,"u":"11,00 €/KG","img":"https://fd13-photos.leclercdrive.fr/image.ashx?id=2955267&use=l&cat=p&typeid=i","cat":316011},{"id":25172,"n":"Sacs poubelle 30L Alfapac Ultra résistant Coulissac - x20","p":2.83,"u":"0,14 €/P","img":"https://fd13-photos.leclercdrive.fr/image.ashx?id=2732359&use=l&cat=p&typeid=i","cat":285168},{"id":25178,"n":"Confiture Bonne Maman Prunes bocal - 370g","p":1.77,"u":"4,78 €/KG","img":"https://fd13-photos.leclercdrive.fr/image.ashx?id=2574008&use=l&cat=p&typeid=i","cat":284480},{"id":25179,"n":"Confiture aux myrtilles Andros Allégée - 350g","p":2.53,"u":"7,23 €/KG","img":"https://fd13-photos.leclercdrive.fr/image.ashx?id=2915700&use=l&cat=p&typeid=i","cat":284480},{"id":25181,"n":"Confiture Bonne Maman Fruits des bois 370g","p":2.56,"u":"6,92 €/KG","img":"https://fd13-photos.leclercdrive.fr/image.ashx?id=2476308&use=l&cat=p&typeid=i","cat":284480},{"id":25182,"n":"Confiture Bonne Maman Cerises noires 370g","p":2.6,"u":"7,03 €/KG","img":"https://fd13-photos.leclercdrive.fr/image.ashx?id=2476311&use=l&cat=p&typeid=i","cat":284480},{"id":25183,"n":"Confiture à l'orange Andros Allégée - 350g","p":1.2,"u":"3,43 €/KG","img":"https://fd13-photos.leclercdrive.fr/image.ashx?id=2398418&use=l&cat=p&typeid=i","cat":284480},{"id":25187,"n":"Confiture Bonne Maman Reine-claude bocal - 370g","p":2.26,"u":"6,11 €/KG","img":"https://fd13-photos.leclercdrive.fr/image.ashx?id=2664674&use=l&cat=p&typeid=i","cat":284480},{"id":25203,"n":"Queues de crevettes Pêche Océan Décortiquées cuites 300g","p":6.58,"u":"21,93 €/KG","img":"https://fd13-photos.leclercdrive.fr/image.ashx?id=2955878&use=l&cat=p&typeid=i","cat":319787},{"id":25204,"n":"Petits pois d'aucy  Tendres et fondants - 560g","p":2.15,"u":"3,84 €/KG","img":"https://fd13-photos.leclercdrive.fr/image.ashx?id=2438126&use=l&cat=p&typeid=i","cat":312607},{"id":25205,"n":"Pois carottes D'aucy  Tendres et fondants -530g","p":1.75,"u":"3,30 €/KG","img":"https://fd13-photos.leclercdrive.fr/image.ashx?id=2426367&use=l&cat=p&typeid=i","cat":312607},{"id":25207,"n":"Cornichons Rustica Extra fins - 185g","p":1.28,"u":"6,92 €/KG","img":"https://fd13-photos.leclercdrive.fr/image.ashx?id=2799760&use=l&cat=p&typeid=i","cat":284458},{"id":25236,"n":"Croque Jambon Père Dodu  Dinde x2 - 200g","p":2.34,"u":"11,70 €/KG","img":"https://fd13-photos.leclercdrive.fr/image.ashx?id=2956984&use=l&cat=p&typeid=i","cat":333683},{"id":25283,"n":"Barres céréales Grany Pommes - 125g","p":1.84,"u":"14,72 €/KG","img":"https://fd13-photos.leclercdrive.fr/image.ashx?id=3002093&use=l&cat=p&typeid=i","cat":285869},{"id":25337,"n":"Café moulu L'Or Absolu 100% Arabica - 2x250g","p":9.43,"u":"18,86 €/KG","img":"https://fd13-photos.leclercdrive.fr/image.ashx?id=2294935&use=l&cat=p&typeid=i","cat":284750},{"id":25342,"n":"Céréales Trésor Kellogg's Chocolat au lait - 1kg","p":6.58,"u":"6,58 €/KG","img":"https://fd13-photos.leclercdrive.fr/image.ashx?id=2598319&use=l&cat=p&typeid=i","cat":309513},{"id":25343,"n":"Céréales Trésor de Kellogg's Chocolat Noisettes - 1kg","p":6.45,"u":"6,45 €/KG","img":"https://fd13-photos.leclercdrive.fr/image.ashx?id=2598316&use=l&cat=p&typeid=i","cat":309513},{"id":25359,"n":"Tablette chocolat blanc Lindt Vanille - 100g","p":2.37,"u":"23,70 €/KG","img":"https://fd13-photos.leclercdrive.fr/image.ashx?id=2755318&use=l&cat=p&typeid=i","cat":284957},{"id":25361,"n":"Chocolat Pâtissier Nestlé Dessert : Caramel - 170g","p":3.08,"u":"18,12 €/KG","img":"https://fd13-photos.leclercdrive.fr/image.ashx?id=2902346&use=l&cat=p&typeid=i","cat":285562},{"id":25366,"n":"Tablette de chocolat noir Lindt 90% cacao - 100g","p":2.27,"u":"22,70 €/KG","img":"https://fd13-photos.leclercdrive.fr/image.ashx?id=2689502&use=l&cat=p&typeid=i","cat":284956},{"id":25370,"n":"Tablette chocolat Côte d'Or Chocolat lait/Noisettes - 200g","p":4.23,"u":"21,15 €/KG","img":"https://fd13-photos.leclercdrive.fr/image.ashx?id=2961218&use=l&cat=p&typeid=i","cat":284497},{"id":25372,"n":"Tablette chocolat Milka Au lait du pays Alpin - 200g","p":2.64,"u":"13,20 €/KG","img":"https://fd13-photos.leclercdrive.fr/image.ashx?id=2994455&use=l&cat=p&typeid=i","cat":284497},{"id":25375,"n":"Tablette chocolat Milka Chocolat lait/Noisettes - 200g","p":3.52,"u":"17,60 €/KG","img":"https://fd13-photos.leclercdrive.fr/image.ashx?id=2381748&use=l&cat=p&typeid=i","cat":284497},{"id":25385,"n":"Tablette chocolat Côte d'Or Chocolat lait/praliné - 200g","p":3.47,"u":"17,35 €/KG","img":"https://fd13-photos.leclercdrive.fr/image.ashx?id=2938076&use=l&cat=p&typeid=i","cat":284497},{"id":25407,"n":"Bonbons LUTTI Luttimint Menthe - 250g","p":1.76,"u":"7,04 €/KG","img":"https://fd13-photos.leclercdrive.fr/image.ashx?id=2815019&use=l&cat=p&typeid=i","cat":304252},{"id":25408,"n":"Dragolo Haribo Sachet bonbons - 300g","p":1.51,"u":"5,03 €/KG","img":"https://fd13-photos.leclercdrive.fr/image.ashx?id=2803574&use=l&cat=p&typeid=i","cat":304250},{"id":25421,"n":"Huile d'olive Cauvin Vierge extra 50cl","p":7.79,"u":"15,58 €/L","img":"https://fd13-photos.leclercdrive.fr/image.ashx?id=2676708&use=l&cat=p&typeid=i","cat":284453},{"id":25425,"n":"Biscuits apéritif Lay's 3D's Goût Cacahuetes - 85g","p":0.81,"u":"9,53 €/KG","img":"https://fd13-photos.leclercdrive.fr/image.ashx?id=2916824&use=l&cat=p&typeid=i","cat":284449},{"id":25432,"n":"Herbes de provence Ducros Boîte ménagère 40g","p":1.33,"u":"33,25 €/KG","img":"https://fd13-photos.leclercdrive.fr/image.ashx?id=2486548&use=l&cat=p&typeid=i","cat":298297},{"id":25445,"n":"Lait poudre Croissance Modilac  De 12 mois à 36 mois - 800g","p":13.31,"u":"16,64 €/KG","img":"https://fd13-photos.leclercdrive.fr/image.ashx?id=2873390&use=l&cat=p&typeid=i","cat":290219},{"id":25446,"n":"Lait croissance Nidal Nestlé Dès 12 mois - 800g","p":9.0,"u":"11,25 €/KG","img":"https://fd13-photos.leclercdrive.fr/image.ashx?id=2806405&use=l&cat=p&typeid=i","cat":290219},{"id":25452,"n":"Sucettes au lait Chupa Chups Sachet - 192g","p":2.12,"u":"11,04 €/KG","img":"https://fd13-photos.leclercdrive.fr/image.ashx?id=2647648&use=l&cat=p&typeid=i","cat":304252},{"id":25465,"n":"Recharge distributeur Canderel Comprimés x600 - 51g","p":4.88,"u":"95,69 €/KG","img":"https://fd13-photos.leclercdrive.fr/image.ashx?id=2811008&use=l&cat=p&typeid=i","cat":324846},{"id":25482,"n":"Soupe liquide Liebig  Cèpes et Bolets - 1L","p":2.61,"u":"2,61 €/L","img":"https://fd13-photos.leclercdrive.fr/image.ashx?id=2766728&use=l&cat=p&typeid=i","cat":284462},{"id":25485,"n":"Miel de fleurs Lune de Miel Spécialités 500g","p":4.31,"u":"8,62 €/KG","img":"https://fd13-photos.leclercdrive.fr/image.ashx?id=2972409&use=l&cat=p&typeid=i","cat":287643},{"id":25491,"n":"Confiture Bonne Maman 4 fruits rouges 750g","p":4.65,"u":"6,20 €/KG","img":"https://fd13-photos.leclercdrive.fr/image.ashx?id=2663896&use=l&cat=p&typeid=i","cat":284480},{"id":25492,"n":"Confiture Bonne Maman Fraise & fraises des bois 370g","p":2.49,"u":"6,73 €/KG","img":"https://fd13-photos.leclercdrive.fr/image.ashx?id=2999841&use=l&cat=p&typeid=i","cat":284480},{"id":25493,"n":"Bouillon Cube Maggi Pot au feu - 180g","p":1.61,"u":"8,94 €/KG","img":"https://fd13-photos.leclercdrive.fr/image.ashx?id=2212315&use=l&cat=p&typeid=i","cat":288379},{"id":25515,"n":"Eau minérale naturelle Vittel 6x1L","p":2.25,"u":"0,38 €/L","img":"https://fd13-photos.leclercdrive.fr/image.ashx?id=2276654&use=l&cat=p&typeid=i","cat":284535},{"id":25525,"n":"Boisson aux fruits Oasis Tropical - 4x50cl","p":4.46,"u":"2,23 €/L","img":"https://fd13-photos.leclercdrive.fr/image.ashx?id=3014446&use=l&cat=p&typeid=i","cat":295018},{"id":25527,"n":"Boisson aux fruits Oasis Multifruits - 2L","p":2.39,"u":"1,20 €/L","img":"https://fd13-photos.leclercdrive.fr/image.ashx?id=2688674&use=l&cat=p&typeid=i","cat":295018},{"id":25530,"n":"Sucre Béghin Say pure canne petits morceaux - 1kg","p":2.85,"u":"2,85 €/KG","img":"https://fd13-photos.leclercdrive.fr/image.ashx?id=2949919&use=l&cat=p&typeid=i","cat":284502},{"id":25540,"n":"Soda à l'orange Orangina 4x50cl","p":4.54,"u":"2,27 €/L","img":"https://fd13-photos.leclercdrive.fr/image.ashx?id=2574952&use=l&cat=p&typeid=i","cat":284532},{"id":25541,"n":"Soda à l'orange Orangina 6x25cl","p":4.15,"u":"2,77 €/L","img":"https://fd13-photos.leclercdrive.fr/image.ashx?id=2495653&use=l&cat=p&typeid=i","cat":284532},{"id":25550,"n":"Soda Schweppes Indian Tonic Zero - 1,5L","p":1.72,"u":"1,15 €/L","img":"https://fd13-photos.leclercdrive.fr/image.ashx?id=2852393&use=l&cat=p&typeid=i","cat":284531},{"id":25554,"n":"Soda Schweppes Saveur Citron Zero - 1,5L","p":1.7,"u":"1,13 €/L","img":"https://fd13-photos.leclercdrive.fr/image.ashx?id=2852396&use=l&cat=p&typeid=i","cat":284532},{"id":25567,"n":"Jus d'orange Jafaden A base de concentré  - 2L","p":3.51,"u":"1,76 €/L","img":"https://fd13-photos.leclercdrive.fr/image.ashx?id=2751892&use=l&cat=p&typeid=i","cat":284521},{"id":25575,"n":"Limonade artisanale Lorina Bouteille - 1L","p":3.05,"u":"3,05 €/L","img":"https://fd13-photos.leclercdrive.fr/image.ashx?id=2735137&use=l&cat=p&typeid=i","cat":284531},{"id":25576,"n":"Limonade Cristal Lorina 1,25L","p":2.29,"u":"1,83 €/L","img":"https://fd13-photos.leclercdrive.fr/image.ashx?id=2575555&use=l&cat=p&typeid=i","cat":284531},{"id":25587,"n":"Vin mousseux de France Kriter Blanc Brut - 75cl","p":4.84,"u":"6,45 €/L","img":"https://fd13-photos.leclercdrive.fr/image.ashx?id=2840868&use=l&cat=p&typeid=i","cat":284544},{"id":25589,"n":"Nectar Bio Pressade Orange pêche abricot - 1,5L","p":2.6,"u":"1,73 €/L","img":"https://fd13-photos.leclercdrive.fr/image.ashx?id=2732503&use=l&cat=p&typeid=i","cat":284521},{"id":25596,"n":"Nectar Bio Pressade Multifruits - 6x20cl","p":2.71,"u":"2,26 €/L","img":"https://fd13-photos.leclercdrive.fr/image.ashx?id=2732518&use=l&cat=p&typeid=i","cat":284524},{"id":25607,"n":"Eau minérale gazeuse Perrier  Naturelle  - 6x50cl","p":3.41,"u":"1,14 €/L","img":"https://fd13-photos.leclercdrive.fr/image.ashx?id=2493916&use=l&cat=p&typeid=i","cat":284536},{"id":25609,"n":"Saucisses aux lentilles  William Saurin- 840g","p":3.38,"u":"4,02 €/KG","img":"https://fd13-photos.leclercdrive.fr/image.ashx?id=2890070&use=l&cat=p&typeid=i","cat":284441},{"id":25615,"n":"Concentré à diluer Pulco Agrumes - 70cl","p":2.82,"u":"4,03 €/L","img":"https://fd13-photos.leclercdrive.fr/image.ashx?id=2687851&use=l&cat=p&typeid=i","cat":295020},{"id":25619,"n":"Pastis Ricard Anisé 45% vol - 1,5L","p":29.69,"u":"19,79 €/L","img":"https://fd13-photos.leclercdrive.fr/image.ashx?id=2839115&use=l&cat=p&typeid=i","cat":284548},{"id":25627,"n":"Sirop Moulin de Valdonne Violette - 70cl","p":2.83,"u":"4,04 €/L","img":"https://fd13-photos.leclercdrive.fr/image.ashx?id=2756918&use=l&cat=p&typeid=i","cat":295020},{"id":25630,"n":"Taboulé Menu Fraîcheur Poulet - 500g","p":2.11,"u":"4,22 €/KG","img":"https://fd13-photos.leclercdrive.fr/image.ashx?id=2901449&use=l&cat=p&typeid=i","cat":333657},{"id":25632,"n":"Vodka Absolut 40% vol - 70cl","p":17.77,"u":"25,39 €/L","img":"https://fd13-photos.leclercdrive.fr/image.ashx?id=2887239&use=l&cat=p&typeid=i","cat":284550},{"id":25661,"n":"Rasoir Siliss 3 lames - +1 recharge","p":4.25,"img":"https://fd13-photos.leclercdrive.fr/image.ashx?id=2699411&use=l&cat=p&typeid=i","cat":325352},{"id":25663,"n":"Chips à l'ancienne Pom'Lisse Nature - 270g","p":1.85,"u":"6,85 €/KG","img":"https://fd13-photos.leclercdrive.fr/image.ashx?id=2724835&use=l&cat=p&typeid=i","cat":284447},{"id":25669,"n":"Pâtes de fruits rouges NRT   De Provence - 180g","p":3.55,"u":"19,72 €/KG","img":"https://fd13-photos.leclercdrive.fr/image.ashx?id=2771049&use=l&cat=p&typeid=i","cat":284499},{"id":25670,"n":"Pâtes de fruits jaunes NRT De Provence - 180g","p":3.55,"u":"19,72 €/KG","img":"https://fd13-photos.leclercdrive.fr/image.ashx?id=2771052&use=l&cat=p&typeid=i","cat":284499},{"id":25685,"n":"Bouillon Cube Maggi Boeuf - 180g","p":1.6,"u":"8,89 €/KG","img":"https://fd13-photos.leclercdrive.fr/image.ashx?id=2882896&use=l&cat=p&typeid=i","cat":288379},{"id":25686,"n":"Bouillon Cube Maggi Volaille - 180g","p":1.5,"u":"8,33 €/KG","img":"https://fd13-photos.leclercdrive.fr/image.ashx?id=2737003&use=l&cat=p&typeid=i","cat":288379},{"id":25689,"n":"AOC Coteaux Varois rosé Terres de Saint-Louis - 75cl","p":4.66,"u":"6,21 €/L","img":"https://fd13-photos.leclercdrive.fr/image.ashx?id=2105905&use=l&cat=p&typeid=i","cat":289558},{"id":25703,"n":"Rousquilles fondantes NRT 200g","p":2.15,"u":"10,75 €/KG","img":"https://fd13-photos.leclercdrive.fr/image.ashx?id=2663812&use=l&cat=p&typeid=i","cat":284487},{"id":25709,"n":"Madeleines Ker Cadélac Extra moelleuses chocolat 600g","p":3.62,"u":"6,03 €/KG","img":"https://fd13-photos.leclercdrive.fr/image.ashx?id=2959934&use=l&cat=p&typeid=i","cat":284492},{"id":25724,"n":"Huile d'olive puissante Puget Vierge extra - 75cl","p":11.63,"u":"15,51 €/L","img":"https://fd13-photos.leclercdrive.fr/image.ashx?id=2980929&use=l&cat=p&typeid=i","cat":284453},{"id":25729,"n":"Vinaigrette balsamique Puget Tomate séchée - 33cl","p":2.39,"u":"7,24 €/L","img":"https://fd13-photos.leclercdrive.fr/image.ashx?id=2912143&use=l&cat=p&typeid=i","cat":284456},{"id":25738,"n":"Blanc de poulet Fleury Michon -25% de sel x4 - 160g","p":2.17,"u":"13,56 €/KG","img":"https://fd13-photos.leclercdrive.fr/image.ashx?id=2885974&use=l&cat=p&typeid=i","cat":316010},{"id":25739,"n":"Bûche de chèvre Les Croisés Fondante 22%mg - 180g","p":1.84,"u":"10,22 €/KG","img":"https://fd13-photos.leclercdrive.fr/image.ashx?id=2894725&use=l&cat=p&typeid=i","cat":314031},{"id":25741,"n":"Grana Padano AOP Les Croisés - 200g","p":3.35,"u":"16,75 €/KG","img":"https://fd13-photos.leclercdrive.fr/image.ashx?id=2954088&use=l&cat=p&typeid=i","cat":314034},{"id":25742,"n":"Macédoine Menu Fraîcheur  Légumes - 300g","p":1.59,"u":"5,30 €/KG","img":"https://fd13-photos.leclercdrive.fr/image.ashx?id=2901446&use=l&cat=p&typeid=i","cat":333657},{"id":25743,"n":"Mascarpone Les Croisés - 500g","p":3.08,"u":"6,16 €/KG","img":"https://fd13-photos.leclercdrive.fr/image.ashx?id=2123626&use=l&cat=p&typeid=i","cat":314026},{"id":25744,"n":"Nems au Poulet Tables du Monde  x4  - 280g","p":1.79,"u":"6,39 €/KG","img":"https://fd13-photos.leclercdrive.fr/image.ashx?id=2953338&use=l&cat=p&typeid=i","cat":333673},{"id":25746,"n":"Saucisse de volaille Tradilège  x10 350g","p":1.47,"u":"4,20 €/KG","img":"https://fd13-photos.leclercdrive.fr/image.ashx?id=2625110&use=l&cat=p&typeid=i","cat":316012},{"id":25748,"n":"Hachés au colin d'Alaska Pêche Océan - 200g","p":2.24,"u":"11,20 €/KG","img":"https://fd13-photos.leclercdrive.fr/image.ashx?id=2953623&use=l&cat=p&typeid=i","cat":284344},{"id":25749,"n":"Hachés au saumon Pêche Océan à la ciboulette - 200g","p":2.25,"u":"11,25 €/KG","img":"https://fd13-photos.leclercdrive.fr/image.ashx?id=2953632&use=l&cat=p&typeid=i","cat":284344},{"id":25751,"n":"Barres céréales moelleux Grany Fruits des bois - 192g","p":1.88,"u":"9,79 €/KG","img":"https://fd13-photos.leclercdrive.fr/image.ashx?id=2963916&use=l&cat=p&typeid=i","cat":285869},{"id":25759,"n":"Barquettes chats Gourmet Gold Double délice luxe mix - 12x85g","p":5.75,"u":"5,64 €/KG","img":"https://fd13-photos.leclercdrive.fr/image.ashx?id=2857096&use=l&cat=p&typeid=i","cat":285286},{"id":25762,"n":"Bâtonnets Dentastix Pedigree Grand chien x28 - 1080g","p":8.42,"u":"7,80 €/KG","img":"https://fd13-photos.leclercdrive.fr/image.ashx?id=2924776&use=l&cat=p&typeid=i","cat":294527},{"id":25764,"n":"Olives noires Tramier Dénoyautées - 150g","p":1.57,"u":"10,47 €/KG","img":"https://fd13-photos.leclercdrive.fr/image.ashx?id=2840814&use=l&cat=p&typeid=i","cat":284458},{"id":25765,"n":"Céréales Nestlé Mix Chocapic, Lion, Nesquik x6","p":2.27,"u":"11,95 €/KG","img":"https://fd13-photos.leclercdrive.fr/image.ashx?id=2981364&use=l&cat=p&typeid=i","cat":309513},{"id":25779,"n":"Yaourts Lait de chèvre Soignon Nature - 4x125g","p":2.24,"u":"4,48 €/KG","img":"https://fd13-photos.leclercdrive.fr/image.ashx?id=2518250&use=l&cat=p&typeid=i","cat":314998},{"id":25790,"n":"Sucre pure canne Bio Village En morceaux bio - 500g","p":2.09,"u":"4,18 €/KG","img":"https://fd13-photos.leclercdrive.fr/image.ashx?id=3010440&use=l&cat=p&typeid=i","cat":284502},{"id":25793,"n":"AOP Côtes du Rhône rouge Cellier des Dauphins - BIB 3L","p":11.33,"u":"3,78 €/L","img":"https://fd13-photos.leclercdrive.fr/image.ashx?id=2830006&use=l&cat=p&typeid=i","cat":289560},{"id":25801,"n":"Lingettes Wc Syphon Désinfectantes x40","p":2.2,"img":"https://fd13-photos.leclercdrive.fr/image.ashx?id=2768092&use=l&cat=p&typeid=i","cat":325358},{"id":25805,"n":"Légumes pour pot au feu Panier du Primeur - 1kg","p":2.49,"u":"2,49 €/KG","img":"https://fd13-photos.leclercdrive.fr/image.ashx?id=2958717&use=l&cat=p&typeid=i","cat":284352},{"id":25806,"n":"Lingettes bébé H2O Biolane Epaisses - x72","p":1.87,"u":"0,03 €/P","img":"https://fd13-photos.leclercdrive.fr/image.ashx?id=2877910&use=l&cat=p&typeid=i","cat":284738},{"id":25808,"n":"Protection incontinence Chorys Homme - Important - x20","p":5.38,"u":"0,27 €/P","img":"https://fd13-photos.leclercdrive.fr/image.ashx?id=2672933&use=l&cat=p&typeid=i","cat":291514},{"id":25811,"n":"Salade Coleslaw Menu Fraîcheur  500g","p":1.83,"u":"3,66 €/KG","img":"https://fd13-photos.leclercdrive.fr/image.ashx?id=2645930&use=l&cat=p&typeid=i","cat":333657},{"id":25817,"n":"Emincés de saumon fumé ASC Ronde des mers - 100g","p":4.49,"u":"44,90 €/KG","img":"https://fd13-photos.leclercdrive.fr/image.ashx?id=2953620&use=l&cat=p&typeid=i","cat":285188},{"id":25818,"n":"Émincés de saumon fumé ASC Ronde de mers - 100g","p":4.49,"u":"44,90 €/KG","img":"https://fd13-photos.leclercdrive.fr/image.ashx?id=2953617&use=l&cat=p&typeid=i","cat":285188},{"id":25819,"n":"Feuilletés Jambon Emmental Coté Table - 2x140g","p":2.99,"u":"10,68 €/KG","img":"https://fd13-photos.leclercdrive.fr/image.ashx?id=2846517&use=l&cat=p&typeid=i","cat":333671},{"id":25820,"n":"Flammekueche Coté Table 350g","p":1.88,"u":"5,37 €/KG","img":"https://fd13-photos.leclercdrive.fr/image.ashx?id=2064819&use=l&cat=p&typeid=i","cat":333680},{"id":25821,"n":"Filets de Limande du Nord MSC Pêche Océan - 500g","p":5.99,"u":"11,98 €/KG","img":"https://fd13-photos.leclercdrive.fr/image.ashx?id=2807187&use=l&cat=p&typeid=i","cat":319786},{"id":25822,"n":"Fromage à tartiner Les Croisés Nature - 24%mg - 300g","p":1.84,"u":"6,13 €/KG","img":"https://fd13-photos.leclercdrive.fr/image.ashx?id=1630699&use=l&cat=p&typeid=i","cat":314029},{"id":25825,"n":"Fromage de brebis Les Croisés 210g","p":2.86,"u":"13,62 €/KG","img":"https://fd13-photos.leclercdrive.fr/image.ashx?id=2900112&use=l&cat=p&typeid=i","cat":329184},{"id":25835,"n":"Soufflés Menguy's Cacahuète - 250g","p":1.78,"u":"7,12 €/KG","img":"https://fd13-photos.leclercdrive.fr/image.ashx?id=2845374&use=l&cat=p&typeid=i","cat":284449},{"id":25836,"n":"Choucroute garnie  William Saurin - 800g","p":3.94,"u":"4,93 €/KG","img":"https://fd13-photos.leclercdrive.fr/image.ashx?id=2890058&use=l&cat=p&typeid=i","cat":284441},{"id":25839,"n":"Couscous parfumé Tipiak Prêt en 5 min  - 500g","p":2.02,"u":"4,04 €/KG","img":"https://fd13-photos.leclercdrive.fr/image.ashx?id=2946937&use=l&cat=p&typeid=i","cat":284429},{"id":25841,"n":"Couscous Tipiak  Prêt en 1 min 30 s - 500g","p":1.32,"u":"2,64 €/KG","img":"https://fd13-photos.leclercdrive.fr/image.ashx?id=2640431&use=l&cat=p&typeid=i","cat":284429},{"id":25848,"n":"Lait de coco Suzi Wan 500ml","p":2.64,"u":"5,28 €/L","img":"https://fd13-photos.leclercdrive.fr/image.ashx?id=2892934&use=l&cat=p&typeid=i","cat":288992},{"id":25854,"n":"Mignonnettes Côte d'Or Chocolat noir /orange - 24x10g","p":5.31,"u":"22,13 €/KG","img":"https://fd13-photos.leclercdrive.fr/image.ashx?id=3009152&use=l&cat=p&typeid=i","cat":284499},{"id":25855,"n":"Noix d'epaule Tulip Boîte - 340g","p":3.56,"u":"10,47 €/KG","img":"https://fd13-photos.leclercdrive.fr/image.ashx?id=2465598&use=l&cat=p&typeid=i","cat":305149},{"id":25856,"n":"Olives vertes La Ciota Farcies anchois - 120g","p":1.96,"u":"16,33 €/KG","img":"https://fd13-photos.leclercdrive.fr/image.ashx?id=2296575&use=l&cat=p&typeid=i","cat":284458},{"id":25860,"n":"Pain au chocolat La Boulangère Pur beurre - x8 - 400g","p":2.8,"u":"7,00 €/KG","img":"https://fd13-photos.leclercdrive.fr/image.ashx?id=2912182&use=l&cat=p&typeid=i","cat":296366},{"id":25865,"n":"Préparation taboulé Tipiak Menthe citron olive - 350g","p":1.99,"u":"5,69 €/KG","img":"https://fd13-photos.leclercdrive.fr/image.ashx?id=2973862&use=l&cat=p&typeid=i","cat":284429},{"id":25868,"n":"Flocons d'avoine Quaker Oats Classic - 800g","p":2.24,"u":"2,80 €/KG","img":"https://fd13-photos.leclercdrive.fr/image.ashx?id=2344498&use=l&cat=p&typeid=i","cat":309512},{"id":25879,"n":"Bâtonnets Dentastix Pedigree Petit chien x28 - 440g","p":5.59,"u":"12,70 €/KG","img":"https://fd13-photos.leclercdrive.fr/image.ashx?id=2877106&use=l&cat=p&typeid=i","cat":294527},{"id":25889,"n":"Mignonnettes Côte d'Or Chocolat au lait - 24x10g","p":5.58,"u":"23,25 €/KG","img":"https://fd13-photos.leclercdrive.fr/image.ashx?id=3002210&use=l&cat=p&typeid=i","cat":284499},{"id":25893,"n":"Tablette chocolat Côte d'Or Chocolat noir - 200g","p":2.73,"u":"13,65 €/KG","img":"https://fd13-photos.leclercdrive.fr/image.ashx?id=2993119&use=l&cat=p&typeid=i","cat":284956},{"id":25898,"n":"Chocolat Nougatti Côte d'Or Nougat/chocolat au lait -270g","p":4.54,"u":"16,81 €/KG","img":"https://fd13-photos.leclercdrive.fr/image.ashx?id=2612388&use=l&cat=p&typeid=i","cat":284498},{"id":25913,"n":"Chocolat noir Côte d'Or Nougat 130g","p":2.95,"u":"22,69 €/KG","img":"https://fd13-photos.leclercdrive.fr/image.ashx?id=2985588&use=l&cat=p&typeid=i","cat":284956},{"id":25914,"n":"Tablette chocolat Côte d'Or Chocolat noir praliné - 200g","p":3.47,"u":"17,35 €/KG","img":"https://fd13-photos.leclercdrive.fr/image.ashx?id=2941943&use=l&cat=p&typeid=i","cat":284956},{"id":26014,"n":"Colin d'Alaska Marie Petites St Jacques Hisseo 900g","p":5.6,"u":"6,22 €/KG","img":"https://fd13-photos.leclercdrive.fr/image.ashx?id=2996758&use=l&cat=p&typeid=i","cat":319786},{"id":26027,"n":"Gel douche Eco  Senteur vanille - 500ml","p":0.65,"u":"1,30 €/L","img":"https://fd13-photos.leclercdrive.fr/image.ashx?id=2965789&use=l&cat=p&typeid=i","cat":284594},{"id":26038,"n":"Recharge savon mains Manava Crème Lait et miel - 250ml","p":0.57,"u":"2,28 €/L","img":"https://fd13-photos.leclercdrive.fr/image.ashx?id=2935489&use=l&cat=p&typeid=i","cat":284597},{"id":26040,"n":"Recharge savon mains Manava Gel spécial cuisine - 250ml","p":0.66,"u":"2,64 €/L","img":"https://fd13-photos.leclercdrive.fr/image.ashx?id=2935492&use=l&cat=p&typeid=i","cat":284597},{"id":26087,"n":"Fromage blanc sous mousse  gervita nature - 8x100g","p":3.54,"u":"4,43 €/KG","img":"https://fd13-photos.leclercdrive.fr/image.ashx?id=2265768&use=l&cat=p&typeid=i","cat":284409},{"id":26151,"n":"Sucre Eco+  En poudre - 1kg","p":0.95,"u":"0,95 €/KG","img":"https://fd13-photos.leclercdrive.fr/image.ashx?id=2702277&use=l&cat=p&typeid=i","cat":284502},{"id":26152,"n":"Salade Mexicaine Eco+ Au thon - 280g","p":1.12,"u":"4,00 €/KG","img":"https://fd13-photos.leclercdrive.fr/image.ashx?id=2884201&use=l&cat=p&typeid=i","cat":284437},{"id":26153,"n":"Salade Americaine Eco+ Au thon - 280g","p":1.12,"u":"4,00 €/KG","img":"https://fd13-photos.leclercdrive.fr/image.ashx?id=2873649&use=l&cat=p&typeid=i","cat":284437},{"id":26154,"n":"Salade Niçoise Eco+ Au thon - 280g","p":1.12,"u":"4,00 €/KG","img":"https://fd13-photos.leclercdrive.fr/image.ashx?id=2896012&use=l&cat=p&typeid=i","cat":284437},{"id":26183,"n":"Adoucissant Hyperdou Rêve de fraîcheur - 3x250ml","p":1.23,"u":"1,64 €/L","img":"https://fd13-photos.leclercdrive.fr/image.ashx?id=2643318&use=l&cat=p&typeid=i","cat":284650},{"id":26184,"n":"Adoucissant Hyperdou Senteur de provence - 3x250ml","p":1.2,"u":"1,60 €/L","img":"https://fd13-photos.leclercdrive.fr/image.ashx?id=2675685&use=l&cat=p&typeid=i","cat":284650},{"id":26185,"n":"Lingettes désinfectante Sanytol Multi-usage Eucalyptus - x72","p":1.5,"u":"0,03 €/P","img":"https://fd13-photos.leclercdrive.fr/image.ashx?id=2899353&use=l&cat=p&typeid=i","cat":325358},{"id":26193,"n":"Edulcorant Canderel sticks x120 - 120g","p":2.58,"u":"21,50 €/KG","img":"https://fd13-photos.leclercdrive.fr/image.ashx?id=2811011&use=l&cat=p&typeid=i","cat":324846},{"id":26220,"n":"Sucre Eco+ Cristal  - 5kg","p":5.02,"u":"1,00 €/KG","img":"https://fd13-photos.leclercdrive.fr/image.ashx?id=3010413&use=l&cat=p&typeid=i","cat":284502},{"id":26223,"n":"Sauce Sacla'Italia Arrabbiata - 190g","p":1.95,"u":"10,26 €/KG","img":"https://fd13-photos.leclercdrive.fr/image.ashx?id=2971413&use=l&cat=p&typeid=i","cat":287599},{"id":26258,"n":"Madeleines coquilles P'tit déli Sachet 600g","p":2.39,"u":"3,98 €/KG","img":"https://fd13-photos.leclercdrive.fr/image.ashx?id=2540948&use=l&cat=p&typeid=i","cat":284492},{"id":26271,"n":"Rôti de porc Tradilège 6 tranches VPF 180g","p":2.38,"u":"13,22 €/KG","img":"https://fd13-photos.leclercdrive.fr/image.ashx?id=2675786&use=l&cat=p&typeid=i","cat":316009},{"id":26278,"n":"Mélange chili mexicain Ducros Sachet malin - 20g","p":1.06,"u":"53,00 €/KG","img":"https://fd13-photos.leclercdrive.fr/image.ashx?id=2326661&use=l&cat=p&typeid=i","cat":298297},{"id":26279,"n":"Mélange couscous royal Ducros Sachet malin - 20g","p":1.06,"u":"53,00 €/KG","img":"https://fd13-photos.leclercdrive.fr/image.ashx?id=2490491&use=l&cat=p&typeid=i","cat":298297},{"id":26286,"n":"Soupe instantanée Royco  Crème de Champignons - 4x200ml","p":1.42,"u":"23,67 €/KG","img":"https://fd13-photos.leclercdrive.fr/image.ashx?id=2650979&use=l&cat=p&typeid=i","cat":293527},{"id":26287,"n":"Sauce Sacla'Italia Caviar de tomate à l'ail - 190g","p":1.94,"u":"10,21 €/KG","img":"https://fd13-photos.leclercdrive.fr/image.ashx?id=2160225&use=l&cat=p&typeid=i","cat":287599},{"id":26289,"n":"Sauce froide Suzi Wan Aigre douce 330g","p":2.06,"u":"6,24 €/KG","img":"https://fd13-photos.leclercdrive.fr/image.ashx?id=2990886&use=l&cat=p&typeid=i","cat":288992},{"id":26295,"n":"Spaghetti bolognaise Panzani 1/2 400g","p":2.0,"u":"5,00 €/KG","img":"https://fd13-photos.leclercdrive.fr/image.ashx?id=2876065&use=l&cat=p&typeid=i","cat":284442},{"id":26298,"n":"Torsades Lustucru 3min - 500g","p":1.35,"u":"2,70 €/KG","img":"https://fd13-photos.leclercdrive.fr/image.ashx?id=2276099&use=l&cat=p&typeid=i","cat":284427},{"id":26303,"n":"Céréales Corn Flakes Eco+ sucrés - 750g","p":2.13,"u":"2,84 €/KG","img":"https://fd13-photos.leclercdrive.fr/image.ashx?id=2699099&use=l&cat=p&typeid=i","cat":309513},{"id":26307,"n":"Boisson énergisante Red Bull 473ml","p":2.07,"u":"4,38 €/L","img":"https://fd13-photos.leclercdrive.fr/image.ashx?id=3011986&use=l&cat=p&typeid=i","cat":284533},{"id":26308,"n":"Boisson énergisante Red Bull 355ml","p":1.6,"u":"4,51 €/L","img":"https://fd13-photos.leclercdrive.fr/image.ashx?id=3011980&use=l&cat=p&typeid=i","cat":284533},{"id":26309,"n":"Boîte chat Whiskas  Gelée mer & campagne - 8x400g","p":8.87,"u":"2,84 €/KG","img":"https://fd13-photos.leclercdrive.fr/image.ashx?id=2759628&use=l&cat=p&typeid=i","cat":285601},{"id":26310,"n":"Cornichons Kühne Aigre doux - 360g","p":2.29,"u":"6,36 €/KG","img":"https://fd13-photos.leclercdrive.fr/image.ashx?id=2550925&use=l&cat=p&typeid=i","cat":284458},{"id":26320,"n":"Oignons frits snack Kühne Boîte -  100g","p":1.36,"u":"13,60 €/KG","img":"https://fd13-photos.leclercdrive.fr/image.ashx?id=2447079&use=l&cat=p&typeid=i","cat":298297},{"id":26323,"n":"Soda Jean's Cola Canette - 12x15cl","p":3.75,"u":"2,08 €/L","img":"https://fd13-photos.leclercdrive.fr/image.ashx?id=2637895&use=l&cat=p&typeid=i","cat":284530},{"id":26361,"n":"Levure super active Vahiné Spécial pain sachet 6x27.6g","p":1.35,"u":"8,04 €/KG","img":"https://fd13-photos.leclercdrive.fr/image.ashx?id=2606259&use=l&cat=p&typeid=i","cat":294686},{"id":26376,"n":"Pepites de chocolat au lait Vahiné - 100g","p":2.09,"u":"20,90 €/KG","img":"https://fd13-photos.leclercdrive.fr/image.ashx?id=2983243&use=l&cat=p&typeid=i","cat":284504},{"id":26377,"n":"Pépites Vahiné Chocolat chunks - 100g","p":2.76,"u":"27,60 €/KG","img":"https://fd13-photos.leclercdrive.fr/image.ashx?id=2606262&use=l&cat=p&typeid=i","cat":284504},{"id":26384,"n":"Pépites Vahiné Chocolat noir 200g","p":3.85,"u":"19,25 €/KG","img":"https://fd13-photos.leclercdrive.fr/image.ashx?id=2606265&use=l&cat=p&typeid=i","cat":284504},{"id":26398,"n":"Sucre vanilliné Vahiné 10 sachets 75g","p":0.74,"u":"9,87 €/KG","img":"https://fd13-photos.leclercdrive.fr/image.ashx?id=2490539&use=l&cat=p&typeid=i","cat":294686},{"id":26443,"n":"Liqueur Litchi Yen Li 15%vol. - 70cl","p":7.23,"u":"10,33 €/L","img":"https://fd13-photos.leclercdrive.fr/image.ashx?id=2710789&use=l&cat=p&typeid=i","cat":286032},{"id":26458,"n":"Armagnac Duc de Borzac VSOP - 40%vol. - 70cl","p":27.12,"u":"38,74 €/L","img":"https://fd13-photos.leclercdrive.fr/image.ashx?id=1648332&use=l&cat=p&typeid=i","cat":286032},{"id":26460,"n":"Oignon rose de Roscoff AOP NRT - 1kg","p":3.99,"u":"3,99 €/KG","img":"https://fd13-photos.leclercdrive.fr/image.ashx?id=2726433&use=l&cat=p&typeid=i","cat":284352},{"id":26461,"n":"Lait sans lactose Délisse UHT Bouteille -  1L","p":1.25,"u":"1,25 €/L","img":"https://fd13-photos.leclercdrive.fr/image.ashx?id=2610217&use=l&cat=p&typeid=i","cat":317169},{"id":26464,"n":"Steak haché 5% MG Bio Village Bio 2x100g","p":4.59,"u":"22,95 €/KG","img":"https://fd13-photos.leclercdrive.fr/image.ashx?id=2951338&use=l&cat=p&typeid=i","cat":284332},{"id":26483,"n":"Huile d'olive fruitée Cauvin Vierge extra - 75cl","p":8.49,"u":"11,32 €/L","img":"https://fd13-photos.leclercdrive.fr/image.ashx?id=2498350&use=l&cat=p&typeid=i","cat":284453},{"id":26484,"n":"Croquette chat stérilisé Ultima  Poulet - 3kg","p":11.57,"u":"3,86 €/KG","img":"https://fd13-photos.leclercdrive.fr/image.ashx?id=2918886&use=l&cat=p&typeid=i","cat":284680},{"id":26493,"n":"Pizza Merveillosa Turini Mozzarella - 335g","p":2.15,"u":"6,42 €/KG","img":"https://fd13-photos.leclercdrive.fr/image.ashx?id=2816573&use=l&cat=p&typeid=i","cat":284256},{"id":26494,"n":"Pizza Merveillosa Turini Thon - 355g","p":2.26,"u":"6,37 €/KG","img":"https://fd13-photos.leclercdrive.fr/image.ashx?id=2815238&use=l&cat=p&typeid=i","cat":284256},{"id":26512,"n":"Fromage blanc Délisse Fraise 5.5%MG - 500g","p":2.55,"u":"5,10 €/KG","img":"https://fd13-photos.leclercdrive.fr/image.ashx?id=3009514&use=l&cat=p&typeid=i","cat":284409},{"id":26562,"n":"Lait sans lactose Délisse UHT Bouteille -  6x1L","p":7.5,"u":"1,25 €/L","img":"https://fd13-photos.leclercdrive.fr/image.ashx?id=2366292&use=l&cat=p&typeid=i","cat":317169},{"id":26565,"n":"Lait Croissance Bio Village bio 10 à 36 mois - 6x1L","p":9.99,"u":"1,67 €/L","img":"https://fd13-photos.leclercdrive.fr/image.ashx?id=2802032&use=l&cat=p&typeid=i","cat":284728},{"id":26569,"n":"Filet de poulet blanc Le Gaulois 720g","p":10.25,"u":"14,24 €/KG","img":"https://fd13-photos.leclercdrive.fr/image.ashx?id=3003212&use=l&cat=p&typeid=i","cat":284336},{"id":26570,"n":"Filet de poulet jaune Le Gaulois 720g","p":10.13,"u":"14,07 €/KG","img":"https://fd13-photos.leclercdrive.fr/image.ashx?id=3003209&use=l&cat=p&typeid=i","cat":284336},{"id":26586,"n":"Fromage blanc Déli'light Vanille 0%MG - 8x100g","p":2.66,"u":"3,33 €/KG","img":"https://fd13-photos.leclercdrive.fr/image.ashx?id=2043352&use=l&cat=p&typeid=i","cat":315000},{"id":26611,"n":"Sel moulu Le Guérandais Tradition - 250g","p":1.89,"u":"7,56 €/KG","img":"https://fd13-photos.leclercdrive.fr/image.ashx?id=1954622&use=l&cat=p&typeid=i","cat":284457},{"id":26646,"n":"AOP Champagne Brut Nicolas Feuillatte Grande Réserve 75cl","p":22.35,"pp":19.38,"u":"25,84 €/L","img":"https://fd13-photos.leclercdrive.fr/image.ashx?id=2733184&use=l&cat=p&typeid=i","cat":284542},{"id":26647,"n":"Chair à saucisses porc Férial 400g","p":3.49,"u":"8,73 €/KG","img":"https://fd13-photos.leclercdrive.fr/image.ashx?id=2953308&use=l&cat=p&typeid=i","cat":284332},{"id":26648,"n":"Couscous Grain Moyen Regia - 500G","p":1.22,"u":"2,44 €/KG","img":"https://fd13-photos.leclercdrive.fr/image.ashx?id=2870206&use=l&cat=p&typeid=i","cat":284429},{"id":26649,"n":"Cacahuètes Benenuts-Twinuts Nature Sel - 150g","p":1.12,"u":"7,47 €/KG","img":"https://fd13-photos.leclercdrive.fr/image.ashx?id=2967735&use=l&cat=p&typeid=i","cat":284448},{"id":26651,"n":"Farine de blé Coeur de Blé 1kg","p":1.1,"u":"1,10 €/KG","img":"https://fd13-photos.leclercdrive.fr/image.ashx?id=2642639&use=l&cat=p&typeid=i","cat":284503},{"id":26653,"n":"Farine Coeur de blé Bio - 1kg","p":1.95,"u":"1,95 €/KG","img":"https://fd13-photos.leclercdrive.fr/image.ashx?id=2383790&use=l&cat=p&typeid=i","cat":284503},{"id":26659,"n":"Fonds d'artichauts Notre Jardin 210g","p":2.75,"u":"13,10 €/KG","img":"https://fd13-photos.leclercdrive.fr/image.ashx?id=2607921&use=l&cat=p&typeid=i","cat":312611},{"id":26663,"n":"Farine de sarrasin Treblec 1kg","p":2.95,"u":"2,95 €/KG","img":"https://fd13-photos.leclercdrive.fr/image.ashx?id=2734843&use=l&cat=p&typeid=i","cat":284503},{"id":26708,"n":"Cacahuètes Benenuts-Twinuts Bacon Grillé - 150g","p":1.11,"u":"7,40 €/KG","img":"https://fd13-photos.leclercdrive.fr/image.ashx?id=2967738&use=l&cat=p&typeid=i","cat":284448},{"id":26713,"n":"Brownie Brossard Chocolat pépites 285g","p":2.68,"u":"9,40 €/KG","img":"https://fd13-photos.leclercdrive.fr/image.ashx?id=2977492&use=l&cat=p&typeid=i","cat":294776},{"id":26720,"n":"Lentilles Préparées Cassegrain Tendres et Fondantes 130g","p":1.06,"u":"8,15 €/KG","img":"https://fd13-photos.leclercdrive.fr/image.ashx?id=2912992&use=l&cat=p&typeid=i","cat":312609},{"id":26722,"n":"Ratatouille Cuisinée Cassegrain à la Provençale 660g","p":3.65,"u":"5,53 €/KG","img":"https://fd13-photos.leclercdrive.fr/image.ashx?id=2902660&use=l&cat=p&typeid=i","cat":312612},{"id":26725,"n":"Infusion camomille Tiséa 25 sachets - 37,5g","p":0.92,"u":"0,25 €/KG","img":"https://fd13-photos.leclercdrive.fr/image.ashx?id=2441288&use=l&cat=p&typeid=i","cat":293234},{"id":26733,"n":"Dessert végétal au soja Sojasun Nature - 12x100g","p":3.12,"u":"2,60 €/KG","img":"https://fd13-photos.leclercdrive.fr/image.ashx?id=2355665&use=l&cat=p&typeid=i","cat":316071},{"id":26737,"n":"Terreau pour sol Eco  40L","p":2.55,"u":"0,06 €/L","img":"https://fd13-photos.leclercdrive.fr/image.ashx?id=2162132&use=l&cat=p&typeid=i","cat":335919},{"id":26765,"n":"Mayonnaise Rustica A la moutarde de Dijon - 470g","p":1.6,"u":"3,40 €/KG","img":"https://fd13-photos.leclercdrive.fr/image.ashx?id=2954361&use=l&cat=p&typeid=i","cat":298295},{"id":26797,"n":"Compote Douceur du Verger Coupelle pomme fraise - 4x100g","p":1.15,"u":"2,88 €/KG","img":"https://fd13-photos.leclercdrive.fr/image.ashx?id=2663503&use=l&cat=p&typeid=i","cat":284508},{"id":26801,"n":"Langue de boeuf Hénaff Sauce Madère 410g","p":5.57,"u":"13,59 €/KG","img":"https://fd13-photos.leclercdrive.fr/image.ashx?id=2334359&use=l&cat=p&typeid=i","cat":284441},{"id":26808,"n":"Thon blanc entier Connétable Naturel Label Rouge - 120g","p":3.23,"u":"26,92 €/KG","img":"https://fd13-photos.leclercdrive.fr/image.ashx?id=2901935&use=l&cat=p&typeid=i","cat":303867},{"id":26818,"n":"Boisson base vin rosée Very Pamp Pamplemousse - 75cl","p":2.98,"u":"3,97 €/L","img":"https://fd13-photos.leclercdrive.fr/image.ashx?id=2446629&use=l&cat=p&typeid=i","cat":304569},{"id":26819,"n":"Boisson aromatisée Vin rosé Pamplemousse 7.5%,vol BIB 3L","p":9.48,"u":"3,16 €/L","img":"https://fd13-photos.leclercdrive.fr/image.ashx?id=2470024&use=l&cat=p&typeid=i","cat":304569},{"id":26820,"n":"IGP Pays d'Oc rouge Roche Mazet Merlot - BIB 3L","p":10.58,"u":"3,53 €/L","img":"https://fd13-photos.leclercdrive.fr/image.ashx?id=2597387&use=l&cat=p&typeid=i","cat":289560},{"id":26823,"n":"Beurre Montfleuri Demi-sel - 60%MG - 250g","p":1.95,"u":"7,80 €/KG","img":"https://fd13-photos.leclercdrive.fr/image.ashx?id=2985279&use=l&cat=p&typeid=i","cat":284379},{"id":26840,"n":"Spray Détachant Vanish  Avant-lavage - 750ml","p":4.2,"u":"5,60 €/L","img":"https://fd13-photos.leclercdrive.fr/image.ashx?id=2963913&use=l&cat=p&typeid=i","cat":284651},{"id":26877,"n":"Crackers Mini pizza Tokapi 85g","p":0.69,"u":"8,12 €/KG","img":"https://fd13-photos.leclercdrive.fr/image.ashx?id=2351232&use=l&cat=p&typeid=i","cat":297000},{"id":26926,"n":"Couches bébé Mots d'Enfants -T3 Ultra confort - 4/9kg - x162","p":19.7,"u":"0,12 €/P","img":"https://fd13-photos.leclercdrive.fr/image.ashx?id=2573987&use=l&cat=p&typeid=i","cat":284737},{"id":26978,"n":"Chewing-gum menthol Airwaves Eucalyptus s/sucre 5x10","p":2.2,"img":"https://fd13-photos.leclercdrive.fr/image.ashx?id=2355902&use=l&cat=p&typeid=i","cat":304251},{"id":26979,"n":"Chewing-gum Airwaves Cool cassis s/sucre 5x10","p":2.21,"img":"https://fd13-photos.leclercdrive.fr/image.ashx?id=2355905&use=l&cat=p&typeid=i","cat":304251},{"id":26980,"n":"Chewing-gum Airwaves Black menthol sans sucre 5x10","p":2.43,"img":"https://fd13-photos.leclercdrive.fr/image.ashx?id=2355908&use=l&cat=p&typeid=i","cat":304251},{"id":26988,"n":"Courgette Eco+ 1kg","p":1.79,"u":"1,79 €/KG","img":"https://fd13-photos.leclercdrive.fr/image.ashx?id=2625692&use=l&cat=p&typeid=i","cat":284352},{"id":26998,"n":"Sachet repas chats Gourmet Les filettines en sauce -12x85g","p":5.5,"u":"5,39 €/KG","img":"https://fd13-photos.leclercdrive.fr/image.ashx?id=2902277&use=l&cat=p&typeid=i","cat":285286},{"id":27026,"n":"Huggies® Little Swimmers® Maxipack Taille 3-4 x20","p":12.78,"u":"0,64 €/P","img":"https://fd13-photos.leclercdrive.fr/image.ashx?id=2844703&use=l&cat=p&typeid=i","cat":290634},{"id":27069,"n":"Sorbet Oasis Multifruits x10 - 400g","p":2.78,"u":"6,95 €/KG","img":"https://fd13-photos.leclercdrive.fr/image.ashx?id=2831924&use=l&cat=p&typeid=i","cat":285250},{"id":27070,"n":"Bâtonnets Oasis Tropical x10 - 400g","p":2.49,"u":"6,23 €/KG","img":"https://fd13-photos.leclercdrive.fr/image.ashx?id=2877829&use=l&cat=p&typeid=i","cat":285250},{"id":27086,"n":"Crème légère fluide UHT Bio Bio Village 15%mg - 3x20cl","p":3.65,"u":"6,08 €/L","img":"https://fd13-photos.leclercdrive.fr/image.ashx?id=2694434&use=l&cat=p&typeid=i","cat":284381},{"id":27087,"n":"Crème entière fluide UHT Bio Bio Village 30% MG - 3x20cl","p":3.96,"u":"6,60 €/L","img":"https://fd13-photos.leclercdrive.fr/image.ashx?id=2496899&use=l&cat=p&typeid=i","cat":284381},{"id":27088,"n":"Glace à l'eau Stick Smicy 5 parfums x20 - 845g","p":2.74,"u":"3,24 €/KG","img":"https://fd13-photos.leclercdrive.fr/image.ashx?id=2073057&use=l&cat=p&typeid=i","cat":285250},{"id":27091,"n":"Mayonnaise Rustica A la moutarde de Dijon - 235g","p":1.14,"u":"4,85 €/KG","img":"https://fd13-photos.leclercdrive.fr/image.ashx?id=2954358&use=l&cat=p&typeid=i","cat":298295},{"id":27093,"n":"Compote Douceur du Verger Coupelle pomme abricot - 4x100g","p":1.19,"u":"2,98 €/KG","img":"https://fd13-photos.leclercdrive.fr/image.ashx?id=2663500&use=l&cat=p&typeid=i","cat":284508},{"id":27096,"n":"Mayonnaise allégée Rustica 450g","p":1.13,"u":"2,51 €/KG","img":"https://fd13-photos.leclercdrive.fr/image.ashx?id=1026709&use=l&cat=p&typeid=i","cat":298295},{"id":27098,"n":"Café moulu Plantation Brésil - 250g","p":3.71,"u":"14,84 €/KG","img":"https://fd13-photos.leclercdrive.fr/image.ashx?id=2607512&use=l&cat=p&typeid=i","cat":284750},{"id":27106,"n":"Couches bébé Mots d'Enfants Mini - T2 : 3/6kg - x35 changes","p":5.18,"u":"0,15 €/P","img":"https://fd13-photos.leclercdrive.fr/image.ashx?id=2904568&use=l&cat=p&typeid=i","cat":284737},{"id":27108,"n":"Steak haché 5%mg Férial façon bouchère - 250g","p":4.49,"u":"17,96 €/KG","img":"https://fd13-photos.leclercdrive.fr/image.ashx?id=2903989&use=l&cat=p&typeid=i","cat":284332},{"id":27109,"n":"Steak haché 15mg Férial Façon bouchère - 250g","p":3.99,"u":"15,96 €/KG","img":"https://fd13-photos.leclercdrive.fr/image.ashx?id=2903992&use=l&cat=p&typeid=i","cat":284332},{"id":27114,"n":"Lait céréales Blédidej 12 mois Chocolat - 4x250ml","p":3.59,"u":"3,59 €/L","img":"https://fd13-photos.leclercdrive.fr/image.ashx?id=2921058&use=l&cat=p&typeid=i","cat":312226},{"id":27123,"n":"Petit sucre Beghin Say Morceaux boite - 1kg","p":2.57,"u":"2,57 €/KG","img":"https://fd13-photos.leclercdrive.fr/image.ashx?id=2855100&use=l&cat=p&typeid=i","cat":284502},{"id":27129,"n":"Papillotes Préparation Maggi Poulet ail et oignons - 36g","p":0.71,"u":"19,72 €/KG","img":"https://fd13-photos.leclercdrive.fr/image.ashx?id=2965295&use=l&cat=p&typeid=i","cat":288380},{"id":27149,"n":"Bonbons Croibleu Sève de pin - 250g","p":1.9,"u":"7,60 €/KG","img":"https://fd13-photos.leclercdrive.fr/image.ashx?id=1640045&use=l&cat=p&typeid=i","cat":304252},{"id":27158,"n":"Mini Barre Chocolat Lait KitKat x21 barres - 350g","p":4.5,"u":"12,86 €/KG","img":"https://fd13-photos.leclercdrive.fr/image.ashx?id=2762611&use=l&cat=p&typeid=i","cat":284498},{"id":27174,"n":"Bière blonde Tripel Karmeliet 8,4% - 75cl","p":4.64,"u":"6,19 €/L","img":"https://fd13-photos.leclercdrive.fr/image.ashx?id=2861180&use=l&cat=p&typeid=i","cat":334872},{"id":27178,"n":"Friandises Fun Tastix Fido Jambon fromage - 150g","p":1.59,"u":"10,60 €/KG","img":"https://fd13-photos.leclercdrive.fr/image.ashx?id=2681212&use=l&cat=p&typeid=i","cat":294527},{"id":27186,"n":"Bière blonde Leffe Triple 8,5% - 75cl","p":2.9,"u":"3,87 €/L","img":"https://fd13-photos.leclercdrive.fr/image.ashx?id=1890049&use=l&cat=p&typeid=i","cat":334852},{"id":27228,"n":"Couches bébé Mots d'Enfants Ecologique - T3 : 4/9kg - x36","p":8.99,"u":"0,25 €/P","img":"https://fd13-photos.leclercdrive.fr/image.ashx?id=2914258&use=l&cat=p&typeid=i","cat":284737},{"id":27229,"n":"Couches bébé Mots d'Enfants Ecologique - T4 : 7/18kg - x32","p":8.99,"u":"0,28 €/P","img":"https://fd13-photos.leclercdrive.fr/image.ashx?id=2904562&use=l&cat=p&typeid=i","cat":284737},{"id":27367,"n":"Vin d'Union Européenne blanc François D'Aubigné - 75 cl","p":1.49,"u":"1,99 €/L","img":"https://fd13-photos.leclercdrive.fr/image.ashx?id=2721565&use=l&cat=p&typeid=i","cat":289557},{"id":27372,"n":"Adoucissant Hyperdou Douceur pêche - 3x250ml","p":1.24,"u":"1,65 €/L","img":"https://fd13-photos.leclercdrive.fr/image.ashx?id=2657208&use=l&cat=p&typeid=i","cat":284650},{"id":27377,"n":"Cordons bleus Isla Délice Halal - x4 400g","p":3.43,"u":"8,58 €/KG","img":"https://fd13-photos.leclercdrive.fr/image.ashx?id=2249689&use=l&cat=p&typeid=i","cat":319780},{"id":27379,"n":"Steak haché Isla Délice 80% pur boeuf Halal - 800g","p":10.04,"u":"12,55 €/KG","img":"https://fd13-photos.leclercdrive.fr/image.ashx?id=1583297&use=l&cat=p&typeid=i","cat":319778},{"id":27382,"n":"Nuggets Isla Délice Halal - 400g","p":3.15,"u":"7,88 €/KG","img":"https://fd13-photos.leclercdrive.fr/image.ashx?id=2256104&use=l&cat=p&typeid=i","cat":319780},{"id":27434,"n":"Coupelles Pêches DDV Sirop léger - 4x70 g","p":2.49,"u":"8,89 €/KG","img":"https://fd13-photos.leclercdrive.fr/image.ashx?id=2100784&use=l&cat=p&typeid=i","cat":284507},{"id":27454,"n":"Maïs Notre Jardin Croquant - 3x140g","p":1.83,"u":"4,36 €/KG","img":"https://fd13-photos.leclercdrive.fr/image.ashx?id=2988051&use=l&cat=p&typeid=i","cat":312611},{"id":27487,"n":"Dés Salakis basilic Fromage brebis - 300g","p":3.48,"u":"11,60 €/KG","img":"https://fd13-photos.leclercdrive.fr/image.ashx?id=2729695&use=l&cat=p&typeid=i","cat":314026},{"id":27523,"n":"Colin d'Alaska Pêche Océan À la parisienne - MSC - 400g","p":2.79,"u":"6,98 €/KG","img":"https://fd13-photos.leclercdrive.fr/image.ashx?id=2930120&use=l&cat=p&typeid=i","cat":319786},{"id":27524,"n":"Colin d'Alaska Côté Table A la provençale - MSC - 400g","p":2.79,"u":"6,98 €/KG","img":"https://fd13-photos.leclercdrive.fr/image.ashx?id=2930123&use=l&cat=p&typeid=i","cat":319786},{"id":27531,"n":"Assortiment exotique Tables du Monde 470g","p":4.79,"u":"10,19 €/KG","img":"https://fd13-photos.leclercdrive.fr/image.ashx?id=2657954&use=l&cat=p&typeid=i","cat":333673},{"id":27563,"n":"Blocs WC 3en1 Syphon Javel + Eau bleue - x2","p":1.5,"u":"0,75 €/P","img":"https://fd13-photos.leclercdrive.fr/image.ashx?id=2637643&use=l&cat=p&typeid=i","cat":284662},{"id":27564,"n":"Blé précuit Comptoir du Grain Sachet cuisson - x4 - 500g","p":1.7,"u":"3,40 €/KG","img":"https://fd13-photos.leclercdrive.fr/image.ashx?id=3012836&use=l&cat=p&typeid=i","cat":284429},{"id":27566,"n":"Ruban adhésif d'emballage Siléa Largeur 50mm x 66 mètres","p":2.84,"img":"https://fd13-photos.leclercdrive.fr/image.ashx?id=2162345&use=l&cat=p&typeid=i","cat":300576},{"id":27576,"n":"Barres céréales Special K Kellogg's Fruits rouges 6x21,5g","p":2.07,"u":"16,05 €/KG","img":"https://fd13-photos.leclercdrive.fr/image.ashx?id=3003176&use=l&cat=p&typeid=i","cat":285869},{"id":27684,"n":"Moutarde condiment Amora 430g","p":1.71,"u":"3,98 €/KG","img":"https://fd13-photos.leclercdrive.fr/image.ashx?id=2732461&use=l&cat=p&typeid=i","cat":288850},{"id":27686,"n":"IGP Pâtes Grand'Mère Nids - 500g","p":3.12,"u":"6,24 €/KG","img":"https://fd13-photos.leclercdrive.fr/image.ashx?id=2191990&use=l&cat=p&typeid=i","cat":284427},{"id":27709,"n":"Dentifrice Dentamyl Soin complet sensitive 75ml","p":0.92,"u":"12,27 €/L","img":"https://fd13-photos.leclercdrive.fr/image.ashx?id=2489119&use=l&cat=p&typeid=i","cat":284612},{"id":27721,"n":"Emmental Les Croisés En tranches - 200g","p":1.94,"u":"9,70 €/KG","img":"https://fd13-photos.leclercdrive.fr/image.ashx?id=2436317&use=l&cat=p&typeid=i","cat":314028},{"id":27798,"n":"Bière ambrée corse Pietra 6° - 75cl","p":3.64,"u":"4,85 €/L","img":"https://fd13-photos.leclercdrive.fr/image.ashx?id=2992921&use=l&cat=p&typeid=i","cat":334872},{"id":27834,"n":"Pizza Crousti-moelleuse Marie 4 fromages - 510g","p":3.48,"u":"6,82 €/KG","img":"https://fd13-photos.leclercdrive.fr/image.ashx?id=2996749&use=l&cat=p&typeid=i","cat":284256},{"id":27836,"n":"Pizza Crousti-moelleuse Marie Poulet kebab - 530g","p":3.95,"u":"7,45 €/KG","img":"https://fd13-photos.leclercdrive.fr/image.ashx?id=2996752&use=l&cat=p&typeid=i","cat":284256},{"id":27925,"n":"AOP Réserve du Président rosé Sciaccrellu - 75cl","p":5.59,"u":"7,45 €/L","img":"https://fd13-photos.leclercdrive.fr/image.ashx?id=2093463&use=l&cat=p&typeid=i","cat":289558},{"id":27941,"n":"Cotons Duo Démaquillants Inell Disques x110","p":0.97,"img":"https://fd13-photos.leclercdrive.fr/image.ashx?id=1709588&use=l&cat=p&typeid=i","cat":285593},{"id":27961,"n":"Poulet basquaise Marie Riz à la tomate - 900g","p":4.4,"u":"4,89 €/KG","img":"https://fd13-photos.leclercdrive.fr/image.ashx?id=2996779&use=l&cat=p&typeid=i","cat":284254},{"id":27976,"n":"Eau minérale naturelle Vittel 8x33cl","p":2.48,"u":"0,94 €/L","img":"https://fd13-photos.leclercdrive.fr/image.ashx?id=3000423&use=l&cat=p&typeid=i","cat":284535},{"id":27977,"n":"Eau minérale naturelle Vittel 6x50cl","p":2.43,"u":"0,81 €/L","img":"https://fd13-photos.leclercdrive.fr/image.ashx?id=2999850&use=l&cat=p&typeid=i","cat":284535},{"id":28004,"n":"Sucre cristal Daddy Sac 5kg","p":9.97,"u":"1,99 €/KG","img":"https://fd13-photos.leclercdrive.fr/image.ashx?id=2936068&use=l&cat=p&typeid=i","cat":284502},{"id":28021,"n":"Dentifrice enfant Dentamyl Gel fraise - 75ml","p":1.25,"u":"16,67 €/L","img":"https://fd13-photos.leclercdrive.fr/image.ashx?id=2613831&use=l&cat=p&typeid=i","cat":288898},{"id":28028,"n":"Recharge power tabs Rubson Lot de 4","p":21.1,"u":"5,28 €/P","img":"https://fd13-photos.leclercdrive.fr/image.ashx?id=1971365&use=l&cat=p&typeid=i","cat":300576},{"id":28078,"n":"Coton bébé Mots d'Enfants Duo maxi carrés - x80","p":1.79,"u":"0,02 €/P","img":"https://fd13-photos.leclercdrive.fr/image.ashx?id=3014206&use=l&cat=p&typeid=i","cat":284739},{"id":28083,"n":"Maïs Notre Jardin Tendre  - 2x300g","p":1.88,"u":"3,13 €/KG","img":"https://fd13-photos.leclercdrive.fr/image.ashx?id=3005661&use=l&cat=p&typeid=i","cat":312611},{"id":28104,"n":"IGP Pays d'Oc Merlot vin rosé Vieux Carion 12.5% vol -75 cl","p":2.25,"u":"3,00 €/L","img":"https://fd13-photos.leclercdrive.fr/image.ashx?id=2903962&use=l&cat=p&typeid=i","cat":289558},{"id":28203,"n":"Fromage : Le Carré Les Croisés 23%mg - 230g","p":1.92,"u":"8,35 €/KG","img":"https://fd13-photos.leclercdrive.fr/image.ashx?id=2974801&use=l&cat=p&typeid=i","cat":314033},{"id":28209,"n":"Noix de cajou grillées Tokapi Salées - 125g","p":1.48,"u":"11,84 €/KG","img":"https://fd13-photos.leclercdrive.fr/image.ashx?id=2839821&use=l&cat=p&typeid=i","cat":284448},{"id":28211,"n":"Pistaches Tokapi Grillées et salées - 125g","p":1.85,"u":"14,80 €/KG","img":"https://fd13-photos.leclercdrive.fr/image.ashx?id=2795550&use=l&cat=p&typeid=i","cat":284448},{"id":28216,"n":"Café en grains Bio Village Bio 100% arabica - 250g","p":4.51,"u":"18,04 €/KG","img":"https://fd13-photos.leclercdrive.fr/image.ashx?id=1470434&use=l&cat=p&typeid=i","cat":293237},{"id":28217,"n":"Pain d'épices bio Bio Village Miel - Pré-tranché - 300g","p":1.65,"u":"5,50 €/KG","img":"https://fd13-photos.leclercdrive.fr/image.ashx?id=2355419&use=l&cat=p&typeid=i","cat":284493},{"id":28226,"n":"Cotons Duo Démaquillants Inell Duo ovale - Disques x70","p":1.56,"img":"https://fd13-photos.leclercdrive.fr/image.ashx?id=1709940&use=l&cat=p&typeid=i","cat":285593},{"id":28227,"n":"Tablette bio Bio Village Chocolat au lait - 100g","p":1.76,"u":"17,60 €/KG","img":"https://fd13-photos.leclercdrive.fr/image.ashx?id=2791057&use=l&cat=p&typeid=i","cat":284497},{"id":28228,"n":"Chocolat Pâtissier Bio Village Bio - Noir  52% cacao - 200g","p":2.75,"u":"13,75 €/KG","img":"https://fd13-photos.leclercdrive.fr/image.ashx?id=2802305&use=l&cat=p&typeid=i","cat":285562},{"id":28241,"n":"Savon mains en crème Manava Lait et miel - 300ml","p":1.05,"u":"3,50 €/L","img":"https://fd13-photos.leclercdrive.fr/image.ashx?id=2935486&use=l&cat=p&typeid=i","cat":284597},{"id":28269,"n":"Sacs congélation Eco+ Moyen modèle - x75","p":1.71,"u":"0,02 €/P","img":"https://fd13-photos.leclercdrive.fr/image.ashx?id=2558748&use=l&cat=p&typeid=i","cat":334134},{"id":28308,"n":"Paëlla Royale Côté Table Poulet, moule et chorizo 940g","p":3.69,"u":"3,93 €/KG","img":"https://fd13-photos.leclercdrive.fr/image.ashx?id=2977873&use=l&cat=p&typeid=i","cat":325094},{"id":28311,"n":"Liqueur Grand Marnier Orange & Cognac - 40%vol - 70cl","p":22.91,"u":"32,73 €/L","img":"https://fd13-photos.leclercdrive.fr/image.ashx?id=3007909&use=l&cat=p&typeid=i","cat":286032},{"id":28323,"n":"Mayonnaise à l'ancienne Rustica 235g","p":1.28,"u":"5,45 €/KG","img":"https://fd13-photos.leclercdrive.fr/image.ashx?id=2954364&use=l&cat=p&typeid=i","cat":298295},{"id":28336,"n":"Huile d'olive Cauvin Vierge extra - 2L","p":22.46,"u":"11,23 €/L","img":"https://fd13-photos.leclercdrive.fr/image.ashx?id=2477739&use=l&cat=p&typeid=i","cat":284453},{"id":28343,"n":"Cardons Olabe 400g","p":1.78,"u":"4,45 €/KG","img":"https://fd13-photos.leclercdrive.fr/image.ashx?id=2609842&use=l&cat=p&typeid=i","cat":312608},{"id":28344,"n":"Olives vertes La Ciota Farcies poivrons - 120g","p":2.01,"u":"16,75 €/KG","img":"https://fd13-photos.leclercdrive.fr/image.ashx?id=2296584&use=l&cat=p&typeid=i","cat":284458},{"id":28353,"n":"AOP Reblochon de Savoie Pochat 45%mg - 450g","p":6.94,"u":"15,42 €/KG","img":"https://fd13-photos.leclercdrive.fr/image.ashx?id=2102761&use=l&cat=p&typeid=i","cat":314037},{"id":28358,"n":"Diot de Savoie nature Henri Raffin x4 - 340g","p":4.49,"u":"13,21 €/KG","img":"https://fd13-photos.leclercdrive.fr/image.ashx?id=2953905&use=l&cat=p&typeid=i","cat":316012},{"id":28368,"n":"Tablette de chocolat Equador Noir fleur de sel 100g","p":1.42,"u":"14,20 €/KG","img":"https://fd13-photos.leclercdrive.fr/image.ashx?id=2660565&use=l&cat=p&typeid=i","cat":284956},{"id":28385,"n":"Ammoniaque Alcali 1L","p":2.58,"u":"2,58 €/L","img":"https://fd13-photos.leclercdrive.fr/image.ashx?id=2277002&use=l&cat=p&typeid=i","cat":284907},{"id":28415,"n":"Colin d'Alaska Pêche Océan À la moutarde - MSC - 400g","p":2.99,"u":"7,48 €/KG","img":"https://fd13-photos.leclercdrive.fr/image.ashx?id=2930117&use=l&cat=p&typeid=i","cat":319786},{"id":28419,"n":"Lingettes anti-transfert Texil Tous textiles x25","p":2.32,"u":"0,09 €/P","img":"https://fd13-photos.leclercdrive.fr/image.ashx?id=2964571&use=l&cat=p&typeid=i","cat":290450},{"id":28422,"n":"Choucroute d'Alsace NRT 920g","p":6.87,"u":"7,47 €/KG","img":"https://fd13-photos.leclercdrive.fr/image.ashx?id=2723243&use=l&cat=p&typeid=i","cat":333666},{"id":28423,"n":"Choucroute d'Alsace NRT 370g","p":3.04,"u":"8,22 €/KG","img":"https://fd13-photos.leclercdrive.fr/image.ashx?id=2723246&use=l&cat=p&typeid=i","cat":333665},{"id":28432,"n":"Jus d'ananas Eco + Brique 1L","p":1.57,"u":"1,57 €/L","img":"https://fd13-photos.leclercdrive.fr/image.ashx?id=2595074&use=l&cat=p&typeid=i","cat":284916},{"id":28444,"n":"Fleur de sel de Camargue Le Saunier de Camargue - 125g","p":2.67,"u":"21,36 €/KG","img":"https://fd13-photos.leclercdrive.fr/image.ashx?id=2819343&use=l&cat=p&typeid=i","cat":284457},{"id":28594,"n":"Soupe instantanée Royco  Crème d'asperges - 4x200ml","p":1.64,"u":"2,05 €/L","img":"https://fd13-photos.leclercdrive.fr/image.ashx?id=2650982&use=l&cat=p&typeid=i","cat":293527},{"id":28613,"n":"Nectar multifruits  1L","p":0.98,"u":"0,98 €/L","img":"https://fd13-photos.leclercdrive.fr/image.ashx?id=2595531&use=l&cat=p&typeid=i","cat":284917},{"id":28614,"n":"Pur jus d'orange Eco+ Brique - 1L","p":1.87,"u":"1,87 €/L","img":"https://fd13-photos.leclercdrive.fr/image.ashx?id=2802260&use=l&cat=p&typeid=i","cat":284521},{"id":28710,"n":"Lingettes Mots d'Enfants Bio Bébé - x72 lingettes","p":2.53,"u":"0,04 €/P","img":"https://fd13-photos.leclercdrive.fr/image.ashx?id=2158209&use=l&cat=p&typeid=i","cat":284738},{"id":28713,"n":"Tablettes anti-calcaire Calgon 4 en 1 x17 - 221g","p":3.94,"u":"17,83 €/KG","img":"https://fd13-photos.leclercdrive.fr/image.ashx?id=2953761&use=l&cat=p&typeid=i","cat":284653},{"id":28724,"n":"Nettoyant écologique Uni Vert Spécial Vitres - 750ml","p":1.79,"u":"2,39 €/L","img":"https://fd13-photos.leclercdrive.fr/image.ashx?id=2370993&use=l&cat=p&typeid=i","cat":325363},{"id":28725,"n":"Nettoyant écologique Uni Vert Spécial Vitres - 750ml","p":1.47,"u":"1,96 €/L","img":"https://fd13-photos.leclercdrive.fr/image.ashx?id=2372341&use=l&cat=p&typeid=i","cat":325363},{"id":28727,"n":"Tablettes anti-calcaire Calgon  4 en 1 - x48","p":9.73,"u":"15,59 €/KG","img":"https://fd13-photos.leclercdrive.fr/image.ashx?id=2954881&use=l&cat=p&typeid=i","cat":284653},{"id":28753,"n":"Café Soluble Nescafé Cappuccino Café Viennois - 306g","p":4.71,"u":"15,39 €/KG","img":"https://fd13-photos.leclercdrive.fr/image.ashx?id=2874087&use=l&cat=p&typeid=i","cat":284843},{"id":28827,"n":"Chili con carne Côté Table Au piment de Cayenne - 820g","p":3.24,"u":"3,95 €/KG","img":"https://fd13-photos.leclercdrive.fr/image.ashx?id=2977156&use=l&cat=p&typeid=i","cat":325094},{"id":28828,"n":"Pâtes fraîches Turini Gnocchi 380g","p":1.09,"u":"2,87 €/KG","img":"https://fd13-photos.leclercdrive.fr/image.ashx?id=2254526&use=l&cat=p&typeid=i","cat":333682},{"id":28831,"n":"Cookies Méga pépites P'tit Déli Choco amandes caramelisées 184g","p":1.51,"u":"8,21 €/KG","img":"https://fd13-photos.leclercdrive.fr/image.ashx?id=2116128&use=l&cat=p&typeid=i","cat":325066},{"id":28832,"n":"Cookies Méga pépites P'tit Déli Chocolat 184g","p":1.51,"u":"8,21 €/KG","img":"https://fd13-photos.leclercdrive.fr/image.ashx?id=2722814&use=l&cat=p&typeid=i","cat":325066},{"id":28864,"n":"Cassoulet au confit canard NRT - 300g","p":2.97,"u":"9,90 €/KG","img":"https://fd13-photos.leclercdrive.fr/image.ashx?id=2996143&use=l&cat=p&typeid=i","cat":284953},{"id":28866,"n":"Coq au vin et ses torsades NRT 300g","p":2.61,"u":"8,70 €/KG","img":"https://fd13-photos.leclercdrive.fr/image.ashx?id=2723240&use=l&cat=p&typeid=i","cat":284953},{"id":28867,"n":"Foie gras canard IGP perigord NRT Entier - 125g","p":12.5,"u":"100,00 €/KG","img":"https://fd13-photos.leclercdrive.fr/image.ashx?id=2753514&use=l&cat=p&typeid=i","cat":305148},{"id":28869,"n":"Parmentier canard Sud Ouest NRT - 300g","p":2.99,"u":"9,97 €/KG","img":"https://fd13-photos.leclercdrive.fr/image.ashx?id=2925210&use=l&cat=p&typeid=i","cat":284953},{"id":28872,"n":"Saucisses de Toulouse lentilles NRT - 300g","p":2.36,"u":"7,87 €/KG","img":"https://fd13-photos.leclercdrive.fr/image.ashx?id=2723234&use=l&cat=p&typeid=i","cat":284953},{"id":28873,"n":"Thon blanc Bretagne NRT huile d'olive - 160g","p":2.88,"u":"18,00 €/KG","img":"https://fd13-photos.leclercdrive.fr/image.ashx?id=2791099&use=l&cat=p&typeid=i","cat":303867},{"id":28912,"n":"Pastis 51 Anisé 45% vol - 70cl","p":14.56,"u":"20,80 €/L","img":"https://fd13-photos.leclercdrive.fr/image.ashx?id=2452041&use=l&cat=p&typeid=i","cat":284548},{"id":28938,"n":"Velouté bio Bio Village Légumes variés  - 1L","p":2.06,"u":"2,06 €/L","img":"https://fd13-photos.leclercdrive.fr/image.ashx?id=2133954&use=l&cat=p&typeid=i","cat":284462},{"id":28941,"n":"Potage gourmand Régal Soupe Légumes et fromage fondu - 1L","p":2.42,"u":"2,42 €/L","img":"https://fd13-photos.leclercdrive.fr/image.ashx?id=2607524&use=l&cat=p&typeid=i","cat":284462},{"id":28966,"n":"Liqueur Malibu Coco 18% vol - 70cl","p":10.28,"u":"14,69 €/L","img":"https://fd13-photos.leclercdrive.fr/image.ashx?id=2993481&use=l&cat=p&typeid=i","cat":284551},{"id":28970,"n":"Oeufs de lompe Ronde des Mers MSC - 2x100g","p":4.85,"u":"24,25 €/KG","img":"https://fd13-photos.leclercdrive.fr/image.ashx?id=2456144&use=l&cat=p&typeid=i","cat":285191},{"id":28974,"n":"Saumon fumé MSC Sauvage Ronde des Mers x4T - 120g","p":6.65,"u":"55,42 €/KG","img":"https://fd13-photos.leclercdrive.fr/image.ashx?id=2837692&use=l&cat=p&typeid=i","cat":285188},{"id":28996,"n":"Mayonnaise de Dijon AMORA 235g","p":1.96,"u":"8,34 €/KG","img":"https://fd13-photos.leclercdrive.fr/image.ashx?id=2946649&use=l&cat=p&typeid=i","cat":298295},{"id":28997,"n":"Mayonnaise de Dijon Amora 235g","p":1.52,"u":"6,47 €/KG","img":"https://fd13-photos.leclercdrive.fr/image.ashx?id=2877208&use=l&cat=p&typeid=i","cat":298295},{"id":28999,"n":"Mayonnaise de Dijon Amora Sans conservateur  - 415g","p":2.24,"u":"5,40 €/KG","img":"https://fd13-photos.leclercdrive.fr/image.ashx?id=2964207&use=l&cat=p&typeid=i","cat":298295},{"id":29000,"n":"Mayonnaise de Dijon Amora 710g","p":3.26,"u":"4,59 €/KG","img":"https://fd13-photos.leclercdrive.fr/image.ashx?id=2598672&use=l&cat=p&typeid=i","cat":298295},{"id":29006,"n":"Escargots préparés Eco+ Recette bourguignonne - 89g","p":2.99,"u":"33,60 €/KG","img":"https://fd13-photos.leclercdrive.fr/image.ashx?id=2794758&use=l&cat=p&typeid=i","cat":319775},{"id":29015,"n":"Foie gras de canard entier Bocal - 180g","p":12.9,"u":"71,67 €/KG","img":"https://fd13-photos.leclercdrive.fr/image.ashx?id=2801031&use=l&cat=p&typeid=i","cat":316008},{"id":29032,"n":"Chips Bret's Poulet braisé - 125g","p":1.17,"u":"9,36 €/KG","img":"https://fd13-photos.leclercdrive.fr/image.ashx?id=1927788&use=l&cat=p&typeid=i","cat":284447},{"id":29044,"n":"Cerneaux de noix Tablier Blanc 50g","p":1.3,"u":"26,00 €/KG","img":"https://fd13-photos.leclercdrive.fr/image.ashx?id=2460607&use=l&cat=p&typeid=i","cat":323809},{"id":29047,"n":"Pignons de pin Tablier Blanc 50g","p":2.39,"u":"47,80 €/KG","img":"https://fd13-photos.leclercdrive.fr/image.ashx?id=2867907&use=l&cat=p&typeid=i","cat":323809},{"id":29048,"n":"Pralin Tablier Blanc 100g","p":1.56,"u":"15,60 €/KG","img":"https://fd13-photos.leclercdrive.fr/image.ashx?id=2460604&use=l&cat=p&typeid=i","cat":284504},{"id":29053,"n":"Cocktail Old Nick Mojito 16%vol - 70cl","p":5.9,"u":"8,43 €/L","img":"https://fd13-photos.leclercdrive.fr/image.ashx?id=2926200&use=l&cat=p&typeid=i","cat":284551},{"id":29095,"n":"Yaourts brassés Délisse Vanille - 8x125g","p":2.65,"u":"2,65 €/KG","img":"https://fd13-photos.leclercdrive.fr/image.ashx?id=2372338&use=l&cat=p&typeid=i","cat":284410},{"id":29117,"n":"Bonbons sans sucres Confiséo Menthe - 150g","p":1.98,"u":"13,20 €/KG","img":"https://fd13-photos.leclercdrive.fr/image.ashx?id=2934697&use=l&cat=p&typeid=i","cat":304252},{"id":29119,"n":"Potage gourmand Régal Soupe 8 légumes à la crème - 1L","p":1.69,"u":"1,69 €/L","img":"https://fd13-photos.leclercdrive.fr/image.ashx?id=732101&use=l&cat=p&typeid=i","cat":284462},{"id":29133,"n":"Sacs poubelle Haute 50L Elembal Poignées coulissantes - x15","p":1.94,"u":"0,13 €/P","img":"https://fd13-photos.leclercdrive.fr/image.ashx?id=2958726&use=l&cat=p&typeid=i","cat":285168},{"id":29134,"n":"Mousse coiffante Vitanove Effet boucles - 200ml","p":1.48,"u":"7,40 €/L","img":"https://fd13-photos.leclercdrive.fr/image.ashx?id=2490040&use=l&cat=p&typeid=i","cat":284609},{"id":29156,"n":"Saumon au beurre blanc Marie Echalotes confites au vin 400g","p":5.37,"u":"13,43 €/KG","img":"https://fd13-photos.leclercdrive.fr/image.ashx?id=2996806&use=l&cat=p&typeid=i","cat":319786},{"id":29323,"n":"Superlevure Gayelord Hauser Paillettes étui 150g","p":2.92,"u":"19,47 €/KG","img":"https://fd13-photos.leclercdrive.fr/image.ashx?id=2786012&use=l&cat=p&typeid=i","cat":294686},{"id":29334,"n":"Biscuits miel sésame GERBLE  crousti'son - 4x5 200g","p":1.57,"u":"7,85 €/KG","img":"https://fd13-photos.leclercdrive.fr/image.ashx?id=2662280&use=l&cat=p&typeid=i","cat":318651},{"id":29354,"n":"Caramels tendres Confiséo 4 parfums 450g","p":3.14,"u":"6,98 €/KG","img":"https://fd13-photos.leclercdrive.fr/image.ashx?id=2934685&use=l&cat=p&typeid=i","cat":304250},{"id":29358,"n":"Pur jus pamplemousse Jafaden Rose - 1L","p":1.67,"u":"1,67 €/L","img":"https://fd13-photos.leclercdrive.fr/image.ashx?id=2869269&use=l&cat=p&typeid=i","cat":284914},{"id":29360,"n":"AOP Cabernet d'Anjou vin rosé Les Caractères - BIB 5L","p":21.49,"u":"4,30 €/L","img":"https://fd13-photos.leclercdrive.fr/image.ashx?id=2776045&use=l&cat=p&typeid=i","cat":289560},{"id":29361,"n":"Sacs poubelle haute 30L Elembal Poignées coulissantes - x25","p":3.23,"u":"0,13 €/P","img":"https://fd13-photos.leclercdrive.fr/image.ashx?id=2958723&use=l&cat=p&typeid=i","cat":285168},{"id":29369,"n":"AOC Côtes du Rhône vin rosé Grégoire XI - BIB 3L","p":9.99,"u":"3,33 €/L","img":"https://fd13-photos.leclercdrive.fr/image.ashx?id=2882322&use=l&cat=p&typeid=i","cat":289560},{"id":29378,"n":"AOP Côtes du Rhône rouge Bio Rives & Terrasses - 3L","p":13.99,"u":"4,66 €/L","img":"https://fd13-photos.leclercdrive.fr/image.ashx?id=2742626&use=l&cat=p&typeid=i","cat":289560},{"id":29419,"n":"Tortillas chips Tokapi Nature - 150g","p":0.55,"u":"3,67 €/KG","img":"https://fd13-photos.leclercdrive.fr/image.ashx?id=2647955&use=l&cat=p&typeid=i","cat":287899},{"id":29535,"n":"Croûtons Epi d'Or Ail - 2x90g","p":1.19,"u":"6,61 €/KG","img":"https://fd13-photos.leclercdrive.fr/image.ashx?id=2606049&use=l&cat=p&typeid=i","cat":284464},{"id":29570,"n":"Saucisson Petit Justin Bridou  Bâton de Berger Nature - 160g","p":3.36,"u":"21,00 €/KG","img":"https://fd13-photos.leclercdrive.fr/image.ashx?id=2894893&use=l&cat=p&typeid=i","cat":316006},{"id":29701,"n":"Bonbons Confiséo Menthe fraîcheur - 360g","p":1.87,"u":"5,19 €/KG","img":"https://fd13-photos.leclercdrive.fr/image.ashx?id=2934682&use=l&cat=p&typeid=i","cat":304252},{"id":29724,"n":"Escalope de dinde Le Gaulois Milanaise x2 - 240g","p":4.19,"u":"17,46 €/KG","img":"https://fd13-photos.leclercdrive.fr/image.ashx?id=2259652&use=l&cat=p&typeid=i","cat":284337},{"id":29729,"n":"Escalope de dinde Le Gaulois Extra tendre x2 - 250g","p":3.27,"u":"13,08 €/KG","img":"https://fd13-photos.leclercdrive.fr/image.ashx?id=2259649&use=l&cat=p&typeid=i","cat":284337},{"id":29745,"n":"Steak haché Burger Tendre&Plus 15%MG x4 - 320g","p":5.0,"u":"15,63 €/KG","img":"https://fd13-photos.leclercdrive.fr/image.ashx?id=2786381&use=l&cat=p&typeid=i","cat":284332},{"id":29759,"n":"Bière Hoegaarden rosée 3% - 6x25cl","p":4.73,"u":"3,15 €/L","img":"https://fd13-photos.leclercdrive.fr/image.ashx?id=1562515&use=l&cat=p&typeid=i","cat":334878},{"id":29761,"n":"Taboulé Pierre Martinet Au poulet 500g","p":2.34,"u":"4,68 €/KG","img":"https://fd13-photos.leclercdrive.fr/image.ashx?id=2990526&use=l&cat=p&typeid=i","cat":333657},{"id":29764,"n":"Galettes blé noir Bio village Bio x4 - 200g","p":1.83,"u":"9,15 €/KG","img":"https://fd13-photos.leclercdrive.fr/image.ashx?id=2907258&use=l&cat=p&typeid=i","cat":333672},{"id":29765,"n":"Eau gazeuse aromatisée Badoit citron sans sucres - 1l","p":0.83,"u":"0,83 €/L","img":"https://fd13-photos.leclercdrive.fr/image.ashx?id=2730634&use=l&cat=p&typeid=i","cat":284537},{"id":29768,"n":"Bière blonde 1664 5,5° - 50cl canette","p":1.23,"u":"2,46 €/L","img":"https://fd13-photos.leclercdrive.fr/image.ashx?id=2887563&use=l&cat=p&typeid=i","cat":334853},{"id":29773,"n":"Eau minérale naturelle Mag Source de magnésium - 6x1L","p":2.28,"u":"0,38 €/L","img":"https://fd13-photos.leclercdrive.fr/image.ashx?id=2423520&use=l&cat=p&typeid=i","cat":284535},{"id":29775,"n":"Bière blonde Kronenbourg 7,2° - 4x50cl canettes","p":4.29,"u":"2,15 €/L","img":"https://fd13-photos.leclercdrive.fr/image.ashx?id=2034992&use=l&cat=p&typeid=i","cat":334853},{"id":29793,"n":"Fromage de brebis Les Croisés Rond 25%mg - 100g","p":1.83,"u":"18,30 €/KG","img":"https://fd13-photos.leclercdrive.fr/image.ashx?id=1942404&use=l&cat=p&typeid=i","cat":314031},{"id":29794,"n":"Triangolo Fromage enfants vache Les Croisés 24 portions - 400g","p":2.67,"u":"6,68 €/KG","img":"https://fd13-photos.leclercdrive.fr/image.ashx?id=2791779&use=l&cat=p&typeid=i","cat":314030},{"id":29795,"n":"Fromage à tartiner Les Croisés Ail et fines herbes 24%mg 250g","p":2.09,"u":"8,36 €/KG","img":"https://fd13-photos.leclercdrive.fr/image.ashx?id=2476143&use=l&cat=p&typeid=i","cat":314029},{"id":29799,"n":"Galettes jambon emmental NRT x2 - 300g","p":3.78,"u":"12,60 €/KG","img":"https://fd13-photos.leclercdrive.fr/image.ashx?id=2743882&use=l&cat=p&typeid=i","cat":333672},{"id":29802,"n":"Kit Pâte à pizza Tablier Blanc 600g","p":2.59,"u":"4,32 €/KG","img":"https://fd13-photos.leclercdrive.fr/image.ashx?id=1731167&use=l&cat=p&typeid=i","cat":333681},{"id":29816,"n":"Bicarbonate alimentaire La Baleine - 800g","p":1.89,"u":"2,36 €/KG","img":"https://fd13-photos.leclercdrive.fr/image.ashx?id=2468335&use=l&cat=p&typeid=i","cat":284457},{"id":29824,"n":"Liqueur Lagoa Goût coco 17%vol - 70cl","p":8.8,"u":"12,57 €/L","img":"https://fd13-photos.leclercdrive.fr/image.ashx?id=2958332&use=l&cat=p&typeid=i","cat":284551},{"id":29838,"n":"Bouillon cubes Knorr Bœuf - x15 cubes - 150g","p":1.4,"u":"9,33 €/KG","img":"https://fd13-photos.leclercdrive.fr/image.ashx?id=2848542&use=l&cat=p&typeid=i","cat":288379},{"id":29840,"n":"Bouillon cubes herbes Knorr Huile d'olive Puget x15 -150g","p":1.38,"u":"9,20 €/KG","img":"https://fd13-photos.leclercdrive.fr/image.ashx?id=2890601&use=l&cat=p&typeid=i","cat":288379},{"id":29841,"n":"Bouillon de Poule KNORR 15 Tablettes - 150g","p":1.19,"u":"7,93 €/KG","img":"https://fd13-photos.leclercdrive.fr/image.ashx?id=2906043&use=l&cat=p&typeid=i","cat":288379},{"id":29845,"n":"Moulin saveur Ducros Assaisonnement steak - 35g","p":2.75,"u":"78,57 €/KG","img":"https://fd13-photos.leclercdrive.fr/image.ashx?id=2559448&use=l&cat=p&typeid=i","cat":298297},{"id":29854,"n":"Beurre de Bretagne Les Croisés Doux - 82% MG - 250g","p":2.61,"u":"10,44 €/KG","img":"https://fd13-photos.leclercdrive.fr/image.ashx?id=2943641&use=l&cat=p&typeid=i","cat":284379},{"id":29855,"n":"Beurre de Bretagne Les Croisés Demi-sel - 80% MG - 250g","p":2.61,"u":"10,44 €/KG","img":"https://fd13-photos.leclercdrive.fr/image.ashx?id=2943644&use=l&cat=p&typeid=i","cat":284379},{"id":29856,"n":"Beurre Extra fin Les Croisés Doux - 82 % MG - 125g","p":1.49,"u":"11,92 €/KG","img":"https://fd13-photos.leclercdrive.fr/image.ashx?id=2791272&use=l&cat=p&typeid=i","cat":284379},{"id":29857,"n":"Beurre Les Croisés 80% MG  Demi-sel Extra fin - 125g","p":1.49,"u":"11,92 €/KG","img":"https://fd13-photos.leclercdrive.fr/image.ashx?id=2778066&use=l&cat=p&typeid=i","cat":284379},{"id":29861,"n":"Boisson lactée Délisse Fraise - 6x20cl","p":2.13,"u":"1,78 €/L","img":"https://fd13-photos.leclercdrive.fr/image.ashx?id=2174693&use=l&cat=p&typeid=i","cat":295246},{"id":29864,"n":"Crème fraîche entière Délisse Fleurette - 30% MG - 40cl","p":1.72,"u":"4,30 €/L","img":"https://fd13-photos.leclercdrive.fr/image.ashx?id=3002575&use=l&cat=p&typeid=i","cat":284381},{"id":29865,"n":"Crème fraîche légère Délisse Fleurette - 12% MG - 40cl","p":1.62,"u":"4,05 €/L","img":"https://fd13-photos.leclercdrive.fr/image.ashx?id=3002578&use=l&cat=p&typeid=i","cat":284381},{"id":29866,"n":"Crème légère fluide UHT Délisse Brique 12%mg - 1L","p":3.39,"u":"3,39 €/L","img":"https://fd13-photos.leclercdrive.fr/image.ashx?id=3002584&use=l&cat=p&typeid=i","cat":284381},{"id":29869,"n":"Crème anglaise Délisse 1L","p":2.49,"u":"2,49 €/L","img":"https://fd13-photos.leclercdrive.fr/image.ashx?id=3002596&use=l&cat=p&typeid=i","cat":284382},{"id":29874,"n":"Emincés poireaux Notre Jardin A la crème 750g","p":2.55,"u":"3,40 €/KG","img":"https://fd13-photos.leclercdrive.fr/image.ashx?id=2873144&use=l&cat=p&typeid=i","cat":319805},{"id":29896,"n":"Peppermint Whist Club 17%vol. - 70cl","p":6.99,"u":"9,99 €/L","img":"https://fd13-photos.leclercdrive.fr/image.ashx?id=1730735&use=l&cat=p&typeid=i","cat":286032},{"id":29897,"n":"Liqueur pomme verte Manzella 17%vol. - 70cl","p":6.5,"u":"9,29 €/L","img":"https://fd13-photos.leclercdrive.fr/image.ashx?id=2715997&use=l&cat=p&typeid=i","cat":286032},{"id":29900,"n":"Bière belge Rince Cochon Blonde - 8.5%vol. - 33cl","p":1.85,"u":"5,61 €/L","img":"https://fd13-photos.leclercdrive.fr/image.ashx?id=2694695&use=l&cat=p&typeid=i","cat":334872},{"id":29906,"n":"Bière blonde Bellerose 6.5%vol. - 75cl","p":5.27,"u":"7,03 €/L","img":"https://fd13-photos.leclercdrive.fr/image.ashx?id=2744290&use=l&cat=p&typeid=i","cat":334872},{"id":29910,"n":"Bière blonde La Démon 12%vol. - 33cl","p":1.77,"u":"5,36 €/L","img":"https://fd13-photos.leclercdrive.fr/image.ashx?id=2686855&use=l&cat=p&typeid=i","cat":334872},{"id":29913,"n":"Bière belge Rince Cochon Fruits rouges - 7.5%vol. - 33cl","p":2.01,"u":"6,09 €/L","img":"https://fd13-photos.leclercdrive.fr/image.ashx?id=2694698&use=l&cat=p&typeid=i","cat":334872},{"id":29927,"n":"Bière belge Rince Cochon Blonde - 8.5%vol. - 75cl","p":3.43,"u":"4,57 €/L","img":"https://fd13-photos.leclercdrive.fr/image.ashx?id=1741463&use=l&cat=p&typeid=i","cat":334872},{"id":30027,"n":"Tubes d'encornets Pêche Océan Sachet 750g","p":11.85,"u":"15,80 €/KG","img":"https://fd13-photos.leclercdrive.fr/image.ashx?id=2217942&use=l&cat=p&typeid=i","cat":319786},{"id":30029,"n":"Poêlée champignons Notre Jardin Forestière - 400g","p":4.66,"u":"11,65 €/KG","img":"https://fd13-photos.leclercdrive.fr/image.ashx?id=2771372&use=l&cat=p&typeid=i","cat":319823},{"id":30042,"n":"Lait frais demi-écrémé Délisse Bouteille - 1L","p":1.12,"u":"1,12 €/L","img":"https://fd13-photos.leclercdrive.fr/image.ashx?id=2970581&use=l&cat=p&typeid=i","cat":285609},{"id":30043,"n":"Lait frais Délisse Entier Bouteille - 1L","p":1.33,"u":"1,33 €/L","img":"https://fd13-photos.leclercdrive.fr/image.ashx?id=2970584&use=l&cat=p&typeid=i","cat":285609},{"id":30051,"n":"Mini gratins Côté Table Choux fleurs - x4 480g","p":3.19,"u":"6,65 €/KG","img":"https://fd13-photos.leclercdrive.fr/image.ashx?id=2029370&use=l&cat=p&typeid=i","cat":319802},{"id":30059,"n":"Trio de fleurette Notre Jardin 1kg","p":2.48,"u":"2,48 €/KG","img":"https://fd13-photos.leclercdrive.fr/image.ashx?id=2873141&use=l&cat=p&typeid=i","cat":319805},{"id":30067,"n":"Assaisonnement En Poudre KNORR Secret d’Arômes Tube - 60g","p":1.32,"u":"22,00 €/KG","img":"https://fd13-photos.leclercdrive.fr/image.ashx?id=3014401&use=l&cat=p&typeid=i","cat":298297},{"id":30069,"n":"Roux minute Maïzena Béchamel - 250g","p":1.93,"u":"7,72 €/KG","img":"https://fd13-photos.leclercdrive.fr/image.ashx?id=2769603&use=l&cat=p&typeid=i","cat":288382},{"id":30084,"n":"Bacon Saint Azay 100g","p":1.62,"u":"16,20 €/KG","img":"https://fd13-photos.leclercdrive.fr/image.ashx?id=2943653&use=l&cat=p&typeid=i","cat":316007},{"id":30089,"n":"Blanc de poulet Tradilège 6 tranches - 180g","p":1.51,"u":"8,39 €/KG","img":"https://fd13-photos.leclercdrive.fr/image.ashx?id=2943677&use=l&cat=p&typeid=i","cat":316010},{"id":30091,"n":"Blanc de dinde Tradilège 6 tranches 180g","p":1.96,"u":"10,89 €/KG","img":"https://fd13-photos.leclercdrive.fr/image.ashx?id=2974867&use=l&cat=p&typeid=i","cat":316010},{"id":30094,"n":"Jambon à griller Tradilège 2 tranches 160g","p":2.42,"u":"15,13 €/KG","img":"https://fd13-photos.leclercdrive.fr/image.ashx?id=2984176&use=l&cat=p&typeid=i","cat":316009},{"id":30110,"n":"Pommes de terre NRT à la Sarladaise - 600g","p":2.99,"u":"4,98 €/KG","img":"https://fd13-photos.leclercdrive.fr/image.ashx?id=2699816&use=l&cat=p&typeid=i","cat":319823},{"id":30114,"n":"Pansements Mercurochrome Hydrocolloïdes - x6","p":4.31,"u":"0,72 €/P","img":"https://fd13-photos.leclercdrive.fr/image.ashx?id=2663962&use=l&cat=p&typeid=i","cat":284630},{"id":30120,"n":"Tampon-gratte Spontex A récurer - x3","p":1.32,"u":"0,44 €/P","img":"https://fd13-photos.leclercdrive.fr/image.ashx?id=2393221&use=l&cat=p&typeid=i","cat":284667},{"id":30124,"n":"Soupe Régal Soupe Tomate et vermicelles - 1L","p":1.8,"u":"1,80 €/L","img":"https://fd13-photos.leclercdrive.fr/image.ashx?id=2607518&use=l&cat=p&typeid=i","cat":284462},{"id":30128,"n":"Céréales Chocapic Nestlé Chocolat - 1kg","p":5.96,"u":"5,96 €/KG","img":"https://fd13-photos.leclercdrive.fr/image.ashx?id=2977729&use=l&cat=p&typeid=i","cat":309513},{"id":30145,"n":"Croquettes chiens Ultima Allégées - 7.5kg","p":22.01,"u":"2,93 €/KG","img":"https://fd13-photos.leclercdrive.fr/image.ashx?id=2328175&use=l&cat=p&typeid=i","cat":284672},{"id":30150,"n":"Eau aromatisée Volvic Juicy Agrumes -1,5L","p":1.6,"u":"1,07 €/L","img":"https://fd13-photos.leclercdrive.fr/image.ashx?id=2961987&use=l&cat=p&typeid=i","cat":284537},{"id":30185,"n":"Haché moelleux oignon Férial x10 - 1kg","p":7.49,"u":"7,49 €/KG","img":"https://fd13-photos.leclercdrive.fr/image.ashx?id=2704517&use=l&cat=p&typeid=i","cat":319778},{"id":30186,"n":"Haché moelleux Férial x10 - 1kg","p":9.73,"u":"9,73 €/KG","img":"https://fd13-photos.leclercdrive.fr/image.ashx?id=2966514&use=l&cat=p&typeid=i","cat":319778},{"id":30188,"n":"Steak haché bio - Bio Village  15%mg x4 - 400g","p":8.25,"u":"20,63 €/KG","img":"https://fd13-photos.leclercdrive.fr/image.ashx?id=2840422&use=l&cat=p&typeid=i","cat":319778},{"id":30189,"n":"Tortillas chips Tokapi Chili - 150g","p":0.99,"u":"6,60 €/KG","img":"https://fd13-photos.leclercdrive.fr/image.ashx?id=2647958&use=l&cat=p&typeid=i","cat":287899},{"id":30193,"n":"IGP Var rosé 12.5% vol - BIB 5L","p":19.56,"u":"3,91 €/L","img":"https://fd13-photos.leclercdrive.fr/image.ashx?id=2774550&use=l&cat=p&typeid=i","cat":289560},{"id":30195,"n":"IGP Vin de Pays de l'Hérault Rouge JL Parsat 11.5%vol BIB 5L","p":11.69,"u":"2,34 €/L","img":"https://fd13-photos.leclercdrive.fr/image.ashx?id=2572197&use=l&cat=p&typeid=i","cat":289560},{"id":30201,"n":"Tielles sétoises Coudène 220g","p":3.37,"u":"15,32 €/KG","img":"https://fd13-photos.leclercdrive.fr/image.ashx?id=2427302&use=l&cat=p&typeid=i","cat":285340},{"id":30212,"n":"Soufflés l'Original Curly Cacahuète - 100g","p":0.88,"u":"8,80 €/KG","img":"https://fd13-photos.leclercdrive.fr/image.ashx?id=2693635&use=l&cat=p&typeid=i","cat":284449},{"id":30213,"n":"Soufflés l'Original Curly Cacahuète - 2x100g","p":1.74,"u":"8,70 €/KG","img":"https://fd13-photos.leclercdrive.fr/image.ashx?id=2962887&use=l&cat=p&typeid=i","cat":284449},{"id":30235,"n":"Bonbons Tic Tac  Menthe x100 - 49g","p":1.6,"u":"32,65 €/KG","img":"https://fd13-photos.leclercdrive.fr/image.ashx?id=2729470&use=l&cat=p&typeid=i","cat":304256},{"id":30256,"n":"Pâte à tartiner Nutella 825g","p":5.76,"u":"6,98 €/KG","img":"https://fd13-photos.leclercdrive.fr/image.ashx?id=2961813&use=l&cat=p&typeid=i","cat":284481},{"id":30257,"n":"Cassoulet La Belle Chaurienne Au canard 420g","p":2.89,"u":"6,88 €/KG","img":"https://fd13-photos.leclercdrive.fr/image.ashx?id=2831912&use=l&cat=p&typeid=i","cat":284440},{"id":30272,"n":"IGP Pays d'Oc rouge Merlot Les Ormes de Cambras 12.5% BIB 5L","p":15.52,"u":"3,10 €/L","img":"https://fd13-photos.leclercdrive.fr/image.ashx?id=2443871&use=l&cat=p&typeid=i","cat":289560},{"id":30273,"n":"IGP Pays d'OC rouge Les Ormes De Cambras Sauvignon 12% BIB 5L","p":15.5,"u":"3,10 €/L","img":"https://fd13-photos.leclercdrive.fr/image.ashx?id=2445115&use=l&cat=p&typeid=i","cat":289560},{"id":30349,"n":"Nettoyant écologique Uni Vert Salle de bain - 750ml","p":2.06,"u":"2,75 €/L","img":"https://fd13-photos.leclercdrive.fr/image.ashx?id=2059089&use=l&cat=p&typeid=i","cat":325357},{"id":30350,"n":"Nettoyant écologique Uni Vert Cuisine - 750ml","p":2.02,"u":"2,69 €/L","img":"https://fd13-photos.leclercdrive.fr/image.ashx?id=2192676&use=l&cat=p&typeid=i","cat":325357},{"id":30360,"n":"Bonbons Tic Tac 100 pastilles citron vert et orange - 49g","p":1.6,"u":"32,65 €/KG","img":"https://fd13-photos.leclercdrive.fr/image.ashx?id=2736280&use=l&cat=p&typeid=i","cat":304256},{"id":30362,"n":"Fleur de maïs Maïzena 400g","p":1.41,"u":"3,53 €/KG","img":"https://fd13-photos.leclercdrive.fr/image.ashx?id=2312770&use=l&cat=p&typeid=i","cat":288382},{"id":30372,"n":"Fleur de Maïs Maïzena Sans Gluten Format Famille 700g","p":2.48,"u":"3,54 €/KG","img":"https://fd13-photos.leclercdrive.fr/image.ashx?id=2773907&use=l&cat=p&typeid=i","cat":288382},{"id":30386,"n":"Crème dessert Mont Blanc Boîte Praliné - 570g","p":2.45,"u":"4,30 €/KG","img":"https://fd13-photos.leclercdrive.fr/image.ashx?id=3011596&use=l&cat=p&typeid=i","cat":284506},{"id":30394,"n":"Mélange malin Ducros Pour pâtes - 30g","p":2.37,"u":"79,00 €/KG","img":"https://fd13-photos.leclercdrive.fr/image.ashx?id=2559457&use=l&cat=p&typeid=i","cat":298297},{"id":30395,"n":"Piment d'Espelette AOP Ducros - 40g","p":8.46,"u":"211,50 €/KG","img":"https://fd13-photos.leclercdrive.fr/image.ashx?id=2559463&use=l&cat=p&typeid=i","cat":298297},{"id":30407,"n":"Dés de fromage salade Boursin Ail & fines herbes -120g","p":2.19,"u":"18,25 €/KG","img":"https://fd13-photos.leclercdrive.fr/image.ashx?id=2864366&use=l&cat=p&typeid=i","cat":314027},{"id":30413,"n":"Pommeau de Normandie NRT  17%vol. - 70cl","p":8.6,"u":"12,29 €/L","img":"https://fd13-photos.leclercdrive.fr/image.ashx?id=1647898&use=l&cat=p&typeid=i","cat":284913},{"id":30415,"n":"IGP Pays d'Oc rouge J-P Chenet Cabernet Syrah 13% vol - BIB 3L","p":10.4,"u":"3,47 €/L","img":"https://fd13-photos.leclercdrive.fr/image.ashx?id=2837451&use=l&cat=p&typeid=i","cat":289560},{"id":30420,"n":"Pizza Cuite sur pierre Turini Royale familiale - 570g","p":2.84,"u":"4,98 €/KG","img":"https://fd13-photos.leclercdrive.fr/image.ashx?id=2815241&use=l&cat=p&typeid=i","cat":284256},{"id":30477,"n":"Chocolat Pâtissier Nestlé Dessert : Praliné - 170g","p":3.1,"u":"18,24 €/KG","img":"https://fd13-photos.leclercdrive.fr/image.ashx?id=2895637&use=l&cat=p&typeid=i","cat":285562},{"id":30509,"n":"Shampooing Jacques Dessange Réveil color - 2x250ml","p":6.48,"u":"12,96 €/L","img":"https://fd13-photos.leclercdrive.fr/image.ashx?id=2392765&use=l&cat=p&typeid=i","cat":284606},{"id":30520,"n":"Fromage apéritif BoursinFromage Ail et fines herbes 20 roulés","p":3.46,"u":"34,60 €/KG","img":"https://fd13-photos.leclercdrive.fr/image.ashx?id=2918589&use=l&cat=p&typeid=i","cat":314027},{"id":30563,"n":"Coquillettes Lustucru Aux oeufs frais - 500g","p":1.8,"u":"3,60 €/KG","img":"https://fd13-photos.leclercdrive.fr/image.ashx?id=2799856&use=l&cat=p&typeid=i","cat":284427},{"id":30570,"n":"Sauce Tube Ail Oignons Panzani Panzani - 180G","p":1.18,"u":"6,56 €/KG","img":"https://fd13-photos.leclercdrive.fr/image.ashx?id=3004804&use=l&cat=p&typeid=i","cat":288384},{"id":30573,"n":"Edulcorant sucralose Canderel Briquet x300","p":2.96,"u":"95,48 €/KG","img":"https://fd13-photos.leclercdrive.fr/image.ashx?id=2811014&use=l&cat=p&typeid=i","cat":324846},{"id":30575,"n":"Happy' Box Haribo Boîte bonbons - 600g","p":4.24,"u":"7,07 €/KG","img":"https://fd13-photos.leclercdrive.fr/image.ashx?id=2802353&use=l&cat=p&typeid=i","cat":304250},{"id":30576,"n":"Zanzigliss Haribo Sachet bonbons réglisse - 300g","p":1.49,"u":"4,97 €/KG","img":"https://fd13-photos.leclercdrive.fr/image.ashx?id=2802347&use=l&cat=p&typeid=i","cat":304250},{"id":30577,"n":"Les Schtroumpfs Pik Haribo Sachet bonbons acidulés - 275g","p":1.56,"u":"5,67 €/KG","img":"https://fd13-photos.leclercdrive.fr/image.ashx?id=2984898&use=l&cat=p&typeid=i","cat":304250},{"id":30578,"n":"Bonbons LUTTI Scoubidou Doux Fruits - 200g","p":1.21,"u":"6,05 €/KG","img":"https://fd13-photos.leclercdrive.fr/image.ashx?id=2817434&use=l&cat=p&typeid=i","cat":304250},{"id":30582,"n":"Petit pot de crème Délisse Vanille - 8x100g","p":3.48,"u":"4,35 €/KG","img":"https://fd13-photos.leclercdrive.fr/image.ashx?id=2544976&use=l&cat=p&typeid=i","cat":285041},{"id":30587,"n":"Yaourts châtaignes Bio village Bio au lait de brebis - 2x125g","p":1.67,"u":"6,68 €/KG","img":"https://fd13-photos.leclercdrive.fr/image.ashx?id=2658593&use=l&cat=p&typeid=i","cat":314998},{"id":30592,"n":"Fromage blanc Délisse Sucré 3% MG - 8x100g","p":2.29,"u":"2,86 €/KG","img":"https://fd13-photos.leclercdrive.fr/image.ashx?id=1744463&use=l&cat=p&typeid=i","cat":284409},{"id":30594,"n":"Fromage frais nature Bio Bio village - 12x60g","p":3.44,"u":"4,78 €/KG","img":"https://fd13-photos.leclercdrive.fr/image.ashx?id=2992633&use=l&cat=p&typeid=i","cat":284409},{"id":30600,"n":"Billes Chocolat au Lait KitKat Sachet  - 250g","p":3.95,"u":"15,80 €/KG","img":"https://fd13-photos.leclercdrive.fr/image.ashx?id=2806063&use=l&cat=p&typeid=i","cat":304238},{"id":30603,"n":"Soupe liquide brique Liebig  Chinoise - 1L","p":2.88,"u":"2,88 €/L","img":"https://fd13-photos.leclercdrive.fr/image.ashx?id=2750988&use=l&cat=p&typeid=i","cat":287367},{"id":30619,"n":"Jambon cru Aoste Quart Tranché  sans conservateur -  x18 - 220g","p":5.29,"u":"24,05 €/KG","img":"https://fd13-photos.leclercdrive.fr/image.ashx?id=2948057&use=l&cat=p&typeid=i","cat":316007},{"id":30626,"n":"Lait concentré Régilait Sucre entier - Tube 60g","p":0.52,"u":"8,67 €/KG","img":"https://fd13-photos.leclercdrive.fr/image.ashx?id=2018643&use=l&cat=p&typeid=i","cat":299162},{"id":30627,"n":"Salade Notre Jardin Jeunes pousses d'épinard - 100g","p":1.4,"u":"14,00 €/KG","img":"https://fd13-photos.leclercdrive.fr/image.ashx?id=2655604&use=l&cat=p&typeid=i","cat":284353},{"id":30640,"n":"Lapin chasseur Côté Table 280g","p":2.2,"u":"7,86 €/KG","img":"https://fd13-photos.leclercdrive.fr/image.ashx?id=2393866&use=l&cat=p&typeid=i","cat":284953},{"id":30645,"n":"Salade Notre Jardin Duo Mâche et Roquette - 125g","p":1.68,"u":"13,44 €/KG","img":"https://fd13-photos.leclercdrive.fr/image.ashx?id=2669714&use=l&cat=p&typeid=i","cat":284353},{"id":30646,"n":"Salade Notre Jardin Feuille de chêne - 125g","p":0.95,"u":"7,60 €/KG","img":"https://fd13-photos.leclercdrive.fr/image.ashx?id=2669717&use=l&cat=p&typeid=i","cat":284353},{"id":30685,"n":"Liquide vaisselle Palmolive Original  amande - 750ml","p":1.43,"u":"1,91 €/L","img":"https://fd13-photos.leclercdrive.fr/image.ashx?id=2690147&use=l&cat=p&typeid=i","cat":284655},{"id":30729,"n":"Crème Dépilatoire Siliss Maillot aisselles - 100ml","p":1.79,"u":"17,90 €/L","img":"https://fd13-photos.leclercdrive.fr/image.ashx?id=2699687&use=l&cat=p&typeid=i","cat":325351},{"id":30733,"n":"Déboucheur canalisations Syphon 1L","p":1.39,"u":"1,39 €/L","img":"https://fd13-photos.leclercdrive.fr/image.ashx?id=2794193&use=l&cat=p&typeid=i","cat":284908},{"id":30758,"n":"Eau de javel La Croix Précise Désinfectant fraîch - 750ml","p":1.29,"u":"1,72 €/L","img":"https://fd13-photos.leclercdrive.fr/image.ashx?id=2512327&use=l&cat=p&typeid=i","cat":284661},{"id":30768,"n":"Gel douche Manava Pétales d'Orient 100ml","p":0.8,"u":"8,00 €/L","img":"https://fd13-photos.leclercdrive.fr/image.ashx?id=1669982&use=l&cat=p&typeid=i","cat":284594},{"id":30780,"n":"Sacs poubelle 30L Eco+ x20","p":0.57,"u":"0,03 €/P","img":"https://fd13-photos.leclercdrive.fr/image.ashx?id=1979356&use=l&cat=p&typeid=i","cat":285168},{"id":30781,"n":"Sacs poubelle 50L Eco+ x10","p":0.41,"u":"0,04 €/P","img":"https://fd13-photos.leclercdrive.fr/image.ashx?id=1904756&use=l&cat=p&typeid=i","cat":285168},{"id":30791,"n":"Mouchoirs blancs 2 plis Eco+ Boîte mouchoirs en papier- x150","p":0.62,"img":"https://fd13-photos.leclercdrive.fr/image.ashx?id=2882990&use=l&cat=p&typeid=i","cat":284638},{"id":30808,"n":"Coton-tiges Eco+ Tige papier x200 bâtonnets","p":0.34,"img":"https://fd13-photos.leclercdrive.fr/image.ashx?id=2940893&use=l&cat=p&typeid=i","cat":284636},{"id":30815,"n":"Dissolvant Eco+ 250ml","p":1.33,"u":"5,32 €/L","img":"https://fd13-photos.leclercdrive.fr/image.ashx?id=1873934&use=l&cat=p&typeid=i","cat":325347},{"id":30816,"n":"Film étirable Eco+ 50m","p":0.95,"img":"https://fd13-photos.leclercdrive.fr/image.ashx?id=2048995&use=l&cat=p&typeid=i","cat":334134},{"id":30850,"n":"Blanquette veau Côté Table Champignons 285g","p":2.2,"u":"7,72 €/KG","img":"https://fd13-photos.leclercdrive.fr/image.ashx?id=2064822&use=l&cat=p&typeid=i","cat":284953},{"id":30856,"n":"Emincés de poulet Tradilège Rôti - 2x75g","p":2.09,"u":"13,93 €/KG","img":"https://fd13-photos.leclercdrive.fr/image.ashx?id=2994366&use=l&cat=p&typeid=i","cat":316011},{"id":30869,"n":"Marqueur noir Esquisse Permanent x1","p":0.75,"img":"https://fd13-photos.leclercdrive.fr/image.ashx?id=1694158&use=l&cat=p&typeid=i","cat":284696},{"id":30881,"n":"Tortillas Old El Paso de maïs et blé x8 - 335g","p":2.45,"u":"7,31 €/KG","img":"https://fd13-photos.leclercdrive.fr/image.ashx?id=2738794&use=l&cat=p&typeid=i","cat":288993},{"id":30882,"n":"Bloc de fromage Leerdammer L'Original - 250g","p":3.33,"u":"13,32 €/KG","img":"https://fd13-photos.leclercdrive.fr/image.ashx?id=2146096&use=l&cat=p&typeid=i","cat":314034},{"id":30898,"n":"Gâteaux aux pépites chocolat x6 Chaque Jour Sans Gluten 230g","p":3.21,"u":"13,96 €/KG","img":"https://fd13-photos.leclercdrive.fr/image.ashx?id=2691249&use=l&cat=p&typeid=i","cat":318654},{"id":30901,"n":"Cookies Chaque Jour sans gluten aux pépites de chocolat - 150g","p":2.44,"u":"16,27 €/KG","img":"https://fd13-photos.leclercdrive.fr/image.ashx?id=2669744&use=l&cat=p&typeid=i","cat":318654},{"id":30905,"n":"Coquilles moelleuses x6 Chaque Jour Sans Gluten 180g","p":2.2,"u":"12,22 €/KG","img":"https://fd13-photos.leclercdrive.fr/image.ashx?id=2710792&use=l&cat=p&typeid=i","cat":318654},{"id":30910,"n":"Pain façon campagnard Chaque Jour Sans Gluten - 400g","p":4.0,"u":"10,00 €/KG","img":"https://fd13-photos.leclercdrive.fr/image.ashx?id=2710795&use=l&cat=p&typeid=i","cat":325069},{"id":30917,"n":"Pâtes Escalope volaille Marie Crème champignons - 900g","p":4.86,"u":"5,40 €/KG","img":"https://fd13-photos.leclercdrive.fr/image.ashx?id=2996794&use=l&cat=p&typeid=i","cat":284254},{"id":30929,"n":"Tortillas chips Tables du Monde Nature - 200g","p":1.15,"u":"5,75 €/KG","img":"https://fd13-photos.leclercdrive.fr/image.ashx?id=2655695&use=l&cat=p&typeid=i","cat":288993},{"id":30933,"n":"Biscuit chocolat noir Gerblé Sans Sucres Ajoutés - 126g","p":1.87,"u":"14,84 €/KG","img":"https://fd13-photos.leclercdrive.fr/image.ashx?id=2662799&use=l&cat=p&typeid=i","cat":318653},{"id":30935,"n":"Huile d'arachide Lesieur 2L","p":9.83,"u":"4,92 €/L","img":"https://fd13-photos.leclercdrive.fr/image.ashx?id=2136337&use=l&cat=p&typeid=i","cat":284453},{"id":30936,"n":"Huile Isio 4 Lesieur 2L","p":6.49,"u":"3,25 €/L","img":"https://fd13-photos.leclercdrive.fr/image.ashx?id=2916021&use=l&cat=p&typeid=i","cat":284453},{"id":30947,"n":"Pâtes Collezione Barilla Tagliatelle - 500g","p":1.58,"u":"3,16 €/KG","img":"https://fd13-photos.leclercdrive.fr/image.ashx?id=2654119&use=l&cat=p&typeid=i","cat":284427},{"id":30949,"n":"plat cuisiné quinoa tomates olives bio bjorg- 250g","p":1.76,"u":"7,04 €/KG","img":"https://fd13-photos.leclercdrive.fr/image.ashx?id=2854444&use=l&cat=p&typeid=i","cat":287600},{"id":30953,"n":"Couscous Grain Moyen Ferrero  - 500g","p":1.31,"u":"2,62 €/KG","img":"https://fd13-photos.leclercdrive.fr/image.ashx?id=2886777&use=l&cat=p&typeid=i","cat":284429},{"id":30969,"n":"Glace Cône Nestlé Extrême Sorbet fruits rouges x6 - 426g","p":3.55,"u":"8,33 €/KG","img":"https://fd13-photos.leclercdrive.fr/image.ashx?id=2729845&use=l&cat=p&typeid=i","cat":284264},{"id":30983,"n":"Filets de limande Pêche Océan Meunière - MSC - 400g","p":6.85,"u":"17,13 €/KG","img":"https://fd13-photos.leclercdrive.fr/image.ashx?id=2489122&use=l&cat=p&typeid=i","cat":319788},{"id":30989,"n":"Quiche lorraine Côté Table 2x150g","p":2.92,"u":"9,73 €/KG","img":"https://fd13-photos.leclercdrive.fr/image.ashx?id=2791770&use=l&cat=p&typeid=i","cat":284257},{"id":31002,"n":"Petit salé aux lentilles  William Saurin - 840g","p":6.0,"u":"7,14 €/KG","img":"https://fd13-photos.leclercdrive.fr/image.ashx?id=2904095&use=l&cat=p&typeid=i","cat":284441},{"id":31003,"n":"Jus de citron jaune 50cl","p":1.99,"u":"3,98 €/L","img":"https://fd13-photos.leclercdrive.fr/image.ashx?id=2656982&use=l&cat=p&typeid=i","cat":288383},{"id":31004,"n":"Jus de citron jaune Sicile - 20cl","p":0.79,"u":"3,95 €/L","img":"https://fd13-photos.leclercdrive.fr/image.ashx?id=2656988&use=l&cat=p&typeid=i","cat":288383},{"id":31007,"n":"Etiquettes scolaires Esquisse 32x1","p":0.65,"img":"https://fd13-photos.leclercdrive.fr/image.ashx?id=2943235&use=l&cat=p&typeid=i","cat":334133},{"id":31009,"n":"Protèges cahier A4 5 pièces","p":2.99,"img":"https://fd13-photos.leclercdrive.fr/image.ashx?id=1928824&use=l&cat=p&typeid=i","cat":284697},{"id":31018,"n":"Feuille de brick Tablier Blanc En rouleau - 90g","p":1.49,"u":"16,56 €/KG","img":"https://fd13-photos.leclercdrive.fr/image.ashx?id=2188688&use=l&cat=p&typeid=i","cat":333681},{"id":31019,"n":"Feuilles de lasagne Turini 350g","p":2.69,"u":"7,69 €/KG","img":"https://fd13-photos.leclercdrive.fr/image.ashx?id=1588323&use=l&cat=p&typeid=i","cat":333682},{"id":31021,"n":"Gnocchi Turini 800g","p":2.29,"u":"2,86 €/KG","img":"https://fd13-photos.leclercdrive.fr/image.ashx?id=2254529&use=l&cat=p&typeid=i","cat":333682},{"id":31022,"n":"Gnocchi à poêler Turini 500g","p":1.42,"u":"2,84 €/KG","img":"https://fd13-photos.leclercdrive.fr/image.ashx?id=2606822&use=l&cat=p&typeid=i","cat":333682},{"id":31023,"n":"Ravioli Ricotta épinards Bio  Bio village - 250g","p":2.99,"u":"11,96 €/KG","img":"https://fd13-photos.leclercdrive.fr/image.ashx?id=647425&use=l&cat=p&typeid=i","cat":333682},{"id":31029,"n":"Escalope Cordon Bleu Père Dodu  Dinde - Comté x2 - 200g","p":2.43,"u":"12,15 €/KG","img":"https://fd13-photos.leclercdrive.fr/image.ashx?id=2957179&use=l&cat=p&typeid=i","cat":333683},{"id":31044,"n":"Haricots verts Notre Jardin Extra fins - 5 Fagots - 220g","p":2.15,"u":"9,77 €/KG","img":"https://fd13-photos.leclercdrive.fr/image.ashx?id=2119133&use=l&cat=p&typeid=i","cat":312606},{"id":31046,"n":"Assortiment crackers Tokapi Emmental - 100g","p":0.64,"u":"6,40 €/KG","img":"https://fd13-photos.leclercdrive.fr/image.ashx?id=2034386&use=l&cat=p&typeid=i","cat":297000},{"id":31048,"n":"Algues Nori Tanoshi 7 feuilles -18g","p":2.9,"u":"161,11 €/KG","img":"https://fd13-photos.leclercdrive.fr/image.ashx?id=2912041&use=l&cat=p&typeid=i","cat":288992},{"id":31050,"n":"Biscuits pavot citron GERBLE  - 4x4  200g","p":1.52,"u":"7,60 €/KG","img":"https://fd13-photos.leclercdrive.fr/image.ashx?id=2967001&use=l&cat=p&typeid=i","cat":318651},{"id":31052,"n":"Biscuits figue et son GERBLE   - 5x5, 210g","p":1.4,"u":"6,67 €/KG","img":"https://fd13-photos.leclercdrive.fr/image.ashx?id=2662319&use=l&cat=p&typeid=i","cat":318651},{"id":31054,"n":"Bouillon Cube Maggi Vollaile - x12 cubes - 120g","p":1.67,"u":"13,92 €/KG","img":"https://fd13-photos.leclercdrive.fr/image.ashx?id=2736982&use=l&cat=p&typeid=i","cat":288379},{"id":31058,"n":"Pâtes Barilla Capellini n°1 - 500g","p":0.99,"u":"1,98 €/KG","img":"https://fd13-photos.leclercdrive.fr/image.ashx?id=2392194&use=l&cat=p&typeid=i","cat":284427},{"id":31065,"n":"Chocolat poudre Nestle Dessert pâtissier et instantané  - 250g","p":3.98,"u":"15,92 €/KG","img":"https://fd13-photos.leclercdrive.fr/image.ashx?id=2593023&use=l&cat=p&typeid=i","cat":284505},{"id":31068,"n":"Chocolat Pâtissier Tablette dOr Lait - 170g","p":1.99,"u":"11,71 €/KG","img":"https://fd13-photos.leclercdrive.fr/image.ashx?id=2635916&use=l&cat=p&typeid=i","cat":285562},{"id":31079,"n":"Biscuits cookies bio bjorg  chocolat noisette - 200g","p":3.08,"u":"15,40 €/KG","img":"https://fd13-photos.leclercdrive.fr/image.ashx?id=2652215&use=l&cat=p&typeid=i","cat":325066},{"id":31084,"n":"Crackers Tokapi Sésame et pavot - 100g","p":0.69,"u":"6,90 €/KG","img":"https://fd13-photos.leclercdrive.fr/image.ashx?id=1921880&use=l&cat=p&typeid=i","cat":297000},{"id":31086,"n":"Capsules Nescafé Dolce Gusto  Lungo Décaféiné - x16","p":4.97,"u":"44,38 €/KG","img":"https://fd13-photos.leclercdrive.fr/image.ashx?id=2836676&use=l&cat=p&typeid=i","cat":293239},{"id":31088,"n":"Coeurs d'artichaut Notre Jardin 245g","p":3.49,"u":"14,24 €/KG","img":"https://fd13-photos.leclercdrive.fr/image.ashx?id=2607918&use=l&cat=p&typeid=i","cat":312611},{"id":31097,"n":"Feuilletés Tokapi Emmental - 85g","p":0.98,"u":"11,53 €/KG","img":"https://fd13-photos.leclercdrive.fr/image.ashx?id=1884022&use=l&cat=p&typeid=i","cat":297000},{"id":31098,"n":"Capsules Nescafé Dolce Gusto  Café au Lait - x16","p":4.7,"u":"29,38 €/KG","img":"https://fd13-photos.leclercdrive.fr/image.ashx?id=2946637&use=l&cat=p&typeid=i","cat":293239},{"id":31101,"n":"Filets maquereaux Pêche Océan Sauce escabèche - 169g","p":1.15,"u":"6,80 €/KG","img":"https://fd13-photos.leclercdrive.fr/image.ashx?id=2394666&use=l&cat=p&typeid=i","cat":303868},{"id":31105,"n":"Gaufrettes P'tit Déli Praliné noisette x15 110g","p":0.87,"u":"7,91 €/KG","img":"https://fd13-photos.leclercdrive.fr/image.ashx?id=2418245&use=l&cat=p&typeid=i","cat":284488},{"id":31106,"n":"Gaufrettes P'tit Déli Chocolat x15 110g","p":1.1,"u":"10,00 €/KG","img":"https://fd13-photos.leclercdrive.fr/image.ashx?id=2436020&use=l&cat=p&typeid=i","cat":284488},{"id":31107,"n":"Gâteau P'tit Déli Tout chocolat 300g","p":2.15,"u":"7,17 €/KG","img":"https://fd13-photos.leclercdrive.fr/image.ashx?id=2562707&use=l&cat=p&typeid=i","cat":294776},{"id":31110,"n":"Bonbons Confiséo Acacia assortiment fruit - 300g","p":1.91,"u":"6,37 €/KG","img":"https://fd13-photos.leclercdrive.fr/image.ashx?id=2934679&use=l&cat=p&typeid=i","cat":304252},{"id":31113,"n":"Haricots rouges Notre Jardin 500g","p":1.37,"u":"2,74 €/KG","img":"https://fd13-photos.leclercdrive.fr/image.ashx?id=2988054&use=l&cat=p&typeid=i","cat":312606},{"id":31114,"n":"Hachis parmentier individuel William Saurin - 300g","p":3.39,"u":"11,30 €/KG","img":"https://fd13-photos.leclercdrive.fr/image.ashx?id=2533436&use=l&cat=p&typeid=i","cat":284953},{"id":31116,"n":"Pâtes bio Jardin Bio' Tire-bouchon semi-complet  500g","p":1.38,"u":"2,76 €/KG","img":"https://fd13-photos.leclercdrive.fr/image.ashx?id=2961116&use=l&cat=p&typeid=i","cat":284427},{"id":31132,"n":"Tartine croustillante Epi d'Or Céréales - 250g","p":1.41,"u":"5,64 €/KG","img":"https://fd13-photos.leclercdrive.fr/image.ashx?id=2535256&use=l&cat=p&typeid=i","cat":284479},{"id":31133,"n":"Tartine croustillante Epi d'Or Seigle - 250g","p":1.29,"u":"5,16 €/KG","img":"https://fd13-photos.leclercdrive.fr/image.ashx?id=2533325&use=l&cat=p&typeid=i","cat":284479},{"id":31136,"n":"Pâtes Torti Panzani 3 Minutes - 1Kg","p":2.25,"u":"2,25 €/KG","img":"https://fd13-photos.leclercdrive.fr/image.ashx?id=2896099&use=l&cat=p&typeid=i","cat":284427},{"id":31139,"n":"Tortillas chips Tables du Monde Chili - 200g","p":1.39,"u":"6,95 €/KG","img":"https://fd13-photos.leclercdrive.fr/image.ashx?id=2661544&use=l&cat=p&typeid=i","cat":288993},{"id":31143,"n":"Lait concentré sucré Délisse 397g","p":1.35,"u":"3,40 €/KG","img":"https://fd13-photos.leclercdrive.fr/image.ashx?id=2576588&use=l&cat=p&typeid=i","cat":299162},{"id":31149,"n":"Les p'tites spirales P'tit Déli Fraise 150g","p":1.55,"u":"10,33 €/KG","img":"https://fd13-photos.leclercdrive.fr/image.ashx?id=2660419&use=l&cat=p&typeid=i","cat":284495},{"id":31151,"n":"Financier P'tit Déli Aux amandes 200g","p":2.09,"u":"10,45 €/KG","img":"https://fd13-photos.leclercdrive.fr/image.ashx?id=2683913&use=l&cat=p&typeid=i","cat":284487},{"id":31156,"n":"Café Soluble Nescafé x25 - 50g","p":2.11,"u":"42,20 €/KG","img":"https://fd13-photos.leclercdrive.fr/image.ashx?id=2485131&use=l&cat=p&typeid=i","cat":284843},{"id":31171,"n":"Pop corn sucrés Tokapi Micro-ondable - 3x90g","p":1.25,"u":"4,63 €/KG","img":"https://fd13-photos.leclercdrive.fr/image.ashx?id=2351628&use=l&cat=p&typeid=i","cat":304249},{"id":31174,"n":"Pâtes penne rigate Panzani 1kg","p":2.01,"u":"2,01 €/KG","img":"https://fd13-photos.leclercdrive.fr/image.ashx?id=2876020&use=l&cat=p&typeid=i","cat":284427},{"id":31178,"n":"Pois apéritif Tanoshi wasabi - sachet 100g","p":1.49,"u":"14,90 €/KG","img":"https://fd13-photos.leclercdrive.fr/image.ashx?id=2928522&use=l&cat=p&typeid=i","cat":288992},{"id":31193,"n":"Biscuit apéritif ancel Bretzels Sticks - 200g","p":0.87,"u":"4,35 €/KG","img":"https://fd13-photos.leclercdrive.fr/image.ashx?id=2895178&use=l&cat=p&typeid=i","cat":297000},{"id":31200,"n":"AOP Bordeaux rouge Baron de Lestac - BIB 3L","p":13.96,"u":"4,65 €/L","img":"https://fd13-photos.leclercdrive.fr/image.ashx?id=2420910&use=l&cat=p&typeid=i","cat":289560},{"id":31211,"n":"Grana Padano AOP Casa Azzurra Râpé -  100g","p":1.97,"u":"19,70 €/KG","img":"https://fd13-photos.leclercdrive.fr/image.ashx?id=2284730&use=l&cat=p&typeid=i","cat":314035},{"id":31223,"n":"Bain Dissolvant Inell Bain sans acétone - 75ml","p":3.99,"u":"53,20 €/L","img":"https://fd13-photos.leclercdrive.fr/image.ashx?id=2244820&use=l&cat=p&typeid=i","cat":325347},{"id":31265,"n":"Friandises chats Félix Original  Party mix - 60g","p":1.26,"u":"21,00 €/KG","img":"https://fd13-photos.leclercdrive.fr/image.ashx?id=2683346&use=l&cat=p&typeid=i","cat":285285},{"id":31289,"n":"Emmental râpé Entremont 3x70g","p":2.41,"u":"11,48 €/KG","img":"https://fd13-photos.leclercdrive.fr/image.ashx?id=2983150&use=l&cat=p&typeid=i","cat":314035},{"id":31297,"n":"Fromage crémeux Les Croisés 36%mg - 200g","p":2.43,"u":"12,15 €/KG","img":"https://fd13-photos.leclercdrive.fr/image.ashx?id=2037379&use=l&cat=p&typeid=i","cat":329558},{"id":31301,"n":"Steak haché Férial  15%mg - X10 - 1kg","p":11.9,"u":"11,90 €/KG","img":"https://fd13-photos.leclercdrive.fr/image.ashx?id=3004657&use=l&cat=p&typeid=i","cat":319778},{"id":31389,"n":"Menus gourmands Tous mes amis pour chatons - 12x100g","p":4.29,"u":"3,58 €/KG","img":"https://fd13-photos.leclercdrive.fr/image.ashx?id=2027595&use=l&cat=p&typeid=i","cat":285286},{"id":31414,"n":"Pâtes Alpina Savoie Chanterelles Crozets - 400g","p":2.39,"u":"5,98 €/KG","img":"https://fd13-photos.leclercdrive.fr/image.ashx?id=2795063&use=l&cat=p&typeid=i","cat":284427},{"id":31416,"n":"Chocolat noir Villars 72% -100g","p":2.39,"u":"23,90 €/KG","img":"https://fd13-photos.leclercdrive.fr/image.ashx?id=2464270&use=l&cat=p&typeid=i","cat":284956},{"id":31447,"n":"Tablette Chocolat Lait Crunch Céréales Croustillantes 2x100g","p":2.69,"u":"13,45 €/KG","img":"https://fd13-photos.leclercdrive.fr/image.ashx?id=2899740&use=l&cat=p&typeid=i","cat":284497},{"id":31449,"n":"Tortillas chips Eco+ Nature - 300g","p":0.94,"u":"3,13 €/KG","img":"https://fd13-photos.leclercdrive.fr/image.ashx?id=2669729&use=l&cat=p&typeid=i","cat":287899},{"id":31450,"n":"Délice de jambon Tulip 340g","p":2.98,"u":"8,76 €/KG","img":"https://fd13-photos.leclercdrive.fr/image.ashx?id=2465592&use=l&cat=p&typeid=i","cat":305149},{"id":31458,"n":"Moutarde de Dijon Rustica  Fine et forte - 160g","p":0.95,"u":"5,94 €/KG","img":"https://fd13-photos.leclercdrive.fr/image.ashx?id=2954367&use=l&cat=p&typeid=i","cat":288850},{"id":31640,"n":"Pain complet 300g","p":1.75,"u":"5,83 €/KG","img":"https://fd13-photos.leclercdrive.fr/image.ashx?id=2657166&use=l&cat=p&typeid=i","cat":284359},{"id":31641,"n":"Poulet basquaise Côté Table Riz 285g","p":1.81,"u":"6,35 €/KG","img":"https://fd13-photos.leclercdrive.fr/image.ashx?id=2476149&use=l&cat=p&typeid=i","cat":284953},{"id":31652,"n":"Beurre Tendre Elle&Vire Doux - 82% MG - 250g","p":2.94,"u":"11,76 €/KG","img":"https://fd13-photos.leclercdrive.fr/image.ashx?id=2574374&use=l&cat=p&typeid=i","cat":284379},{"id":31656,"n":"Cornichons Rustica Aigre Doux - 360g","p":1.63,"u":"4,53 €/KG","img":"https://fd13-photos.leclercdrive.fr/image.ashx?id=2916698&use=l&cat=p&typeid=i","cat":284458},{"id":31659,"n":"Sirop La Maison Guiot Cerise - 70cl","p":3.17,"u":"4,53 €/L","img":"https://fd13-photos.leclercdrive.fr/image.ashx?id=2857201&use=l&cat=p&typeid=i","cat":295020},{"id":31661,"n":"Sirop La Maison Guiot Pêche blanche - 70cl","p":3.33,"u":"4,76 €/L","img":"https://fd13-photos.leclercdrive.fr/image.ashx?id=2857198&use=l&cat=p&typeid=i","cat":295020},{"id":31680,"n":"Lingettes bébé Mots d'Enfants Ultra-douces - x24","p":1.25,"u":"0,05 €/P","img":"https://fd13-photos.leclercdrive.fr/image.ashx?id=2856501&use=l&cat=p&typeid=i","cat":284738},{"id":31682,"n":"Sachet repas chat Tous mes amis Viande en sauces - 4x100g","p":1.49,"u":"3,73 €/KG","img":"https://fd13-photos.leclercdrive.fr/image.ashx?id=2043005&use=l&cat=p&typeid=i","cat":285286},{"id":31709,"n":"Viande boeuf séchée Saint Azay 10 tranches - 80g","p":3.78,"u":"47,25 €/KG","img":"https://fd13-photos.leclercdrive.fr/image.ashx?id=2979568&use=l&cat=p&typeid=i","cat":316007},{"id":31724,"n":"Boisson Jafaden Cranberry Myrtille - 1L","p":1.77,"u":"1,77 €/L","img":"https://fd13-photos.leclercdrive.fr/image.ashx?id=2591403&use=l&cat=p&typeid=i","cat":284915},{"id":31725,"n":"Boisson énergisante X-tense Canette - 4x50cl","p":3.12,"u":"1,56 €/L","img":"https://fd13-photos.leclercdrive.fr/image.ashx?id=2956068&use=l&cat=p&typeid=i","cat":284533},{"id":31728,"n":"Jus de pomme Jafaden Nectar - 2L","p":2.15,"u":"1,08 €/L","img":"https://fd13-photos.leclercdrive.fr/image.ashx?id=2956077&use=l&cat=p&typeid=i","cat":284522},{"id":31729,"n":"Jus de pomme Jafaden A base de concentré - 1L","p":0.95,"u":"0,95 €/L","img":"https://fd13-photos.leclercdrive.fr/image.ashx?id=2550842&use=l&cat=p&typeid=i","cat":284522},{"id":31730,"n":"Pur jus de pomme Jafaden 1L","p":0.99,"u":"0,99 €/L","img":"https://fd13-photos.leclercdrive.fr/image.ashx?id=1936638&use=l&cat=p&typeid=i","cat":284522},{"id":31731,"n":"Thé glacé Fresh Tea Pêche - 1L","p":1.03,"u":"1,03 €/L","img":"https://fd13-photos.leclercdrive.fr/image.ashx?id=3002791&use=l&cat=p&typeid=i","cat":295019},{"id":31733,"n":"Pur jus multifruits Jafaden 1L","p":1.39,"u":"1,39 €/L","img":"https://fd13-photos.leclercdrive.fr/image.ashx?id=2890006&use=l&cat=p&typeid=i","cat":284917},{"id":31735,"n":"Nectar multifruits Jafaden 1L","p":1.75,"u":"1,75 €/L","img":"https://fd13-photos.leclercdrive.fr/image.ashx?id=2956089&use=l&cat=p&typeid=i","cat":284917},{"id":31736,"n":"Nectar Jafaden Goyave - 1L","p":2.08,"u":"2,08 €/L","img":"https://fd13-photos.leclercdrive.fr/image.ashx?id=2956095&use=l&cat=p&typeid=i","cat":284916},{"id":31737,"n":"Nectar Jafaden Passion - 1L","p":2.71,"u":"2,71 €/L","img":"https://fd13-photos.leclercdrive.fr/image.ashx?id=2959602&use=l&cat=p&typeid=i","cat":284916},{"id":31814,"n":"Confiture Cuite au chaudron Fraises Lucien Georgelin - 320g","p":2.05,"u":"6,41 €/KG","img":"https://fd13-photos.leclercdrive.fr/image.ashx?id=1638664&use=l&cat=p&typeid=i","cat":284480},{"id":31830,"n":"Sachet repas chat Tous mes amis Viande en sauce - 12x100g","p":3.65,"u":"3,04 €/KG","img":"https://fd13-photos.leclercdrive.fr/image.ashx?id=2677077&use=l&cat=p&typeid=i","cat":285286},{"id":31899,"n":"Huile OPTIMA Tramier  1L","p":5.18,"u":"5,18 €/L","img":"https://fd13-photos.leclercdrive.fr/image.ashx?id=2680407&use=l&cat=p&typeid=i","cat":284453},{"id":31915,"n":"Mayonnaise à la moutarde de Dij  de Dijon Rustica - 235 g","p":1.25,"u":"5,32 €/KG","img":"https://fd13-photos.leclercdrive.fr/image.ashx?id=2954355&use=l&cat=p&typeid=i","cat":298295},{"id":31918,"n":"Sucre Tablier Blanc En morceaux - 1kg","p":1.99,"u":"1,99 €/KG","img":"https://fd13-photos.leclercdrive.fr/image.ashx?id=3010425&use=l&cat=p&typeid=i","cat":284502},{"id":31920,"n":"Matière grasse Rustica à tartiner 50%MG Omega 3 - 500g","p":1.98,"u":"3,96 €/KG","img":"https://fd13-photos.leclercdrive.fr/image.ashx?id=1585635&use=l&cat=p&typeid=i","cat":315229},{"id":31924,"n":"Déodorant bille Manava Peaux sensibles 50ml","p":1.15,"u":"23,00 €/L","img":"https://fd13-photos.leclercdrive.fr/image.ashx?id=2481222&use=l&cat=p&typeid=i","cat":284595},{"id":31933,"n":"Laque Iroise Fixation forte 300ml","p":1.95,"u":"6,50 €/L","img":"https://fd13-photos.leclercdrive.fr/image.ashx?id=2930346&use=l&cat=p&typeid=i","cat":284609},{"id":31941,"n":"IGP Ardèche rouge Pont d'Arc 13.5% vol - BIB 5L","p":11.18,"u":"2,24 €/L","img":"https://fd13-photos.leclercdrive.fr/image.ashx?id=2527913&use=l&cat=p&typeid=i","cat":289560},{"id":31965,"n":"Nettoyant spray Clair Cuisine et salle de bain 750ml","p":1.49,"u":"1,99 €/L","img":"https://fd13-photos.leclercdrive.fr/image.ashx?id=2466151&use=l&cat=p&typeid=i","cat":325357},{"id":31967,"n":"Gel nettoyant Clair Anticalcaire - 500ml","p":1.26,"u":"2,52 €/L","img":"https://fd13-photos.leclercdrive.fr/image.ashx?id=2634872&use=l&cat=p&typeid=i","cat":325362},{"id":31970,"n":"Soin visage Carré Homme Anti-âge anti-fatigue Q10- 50ml","p":3.7,"u":"74,00 €/L","img":"https://fd13-photos.leclercdrive.fr/image.ashx?id=2809689&use=l&cat=p&typeid=i","cat":284622},{"id":31976,"n":"Sucre vanillé bio Bio Village 6x7.5g","p":1.85,"u":"41,11 €/KG","img":"https://fd13-photos.leclercdrive.fr/image.ashx?id=2895801&use=l&cat=p&typeid=i","cat":294686},{"id":31981,"n":"Couches bébé Mots d'Enfants T4+ Ultra confort - 9/20kg - x24","p":5.8,"u":"0,24 €/P","img":"https://fd13-photos.leclercdrive.fr/image.ashx?id=2699459&use=l&cat=p&typeid=i","cat":284737},{"id":31982,"n":"Couches bébé Mots d'Enfants -T5 Ultra confort - 11/25kg - x23","p":5.66,"u":"0,25 €/P","img":"https://fd13-photos.leclercdrive.fr/image.ashx?id=2699462&use=l&cat=p&typeid=i","cat":284737},{"id":31983,"n":"Cidre rosé Les Goelleries 2.5%vol. - 75cl","p":2.29,"u":"3,05 €/L","img":"https://fd13-photos.leclercdrive.fr/image.ashx?id=2842295&use=l&cat=p&typeid=i","cat":334880},{"id":31985,"n":"Couches bébé Mots d'Enfants -T4 Ultra confort - 7/18kg - x26","p":5.55,"u":"0,21 €/P","img":"https://fd13-photos.leclercdrive.fr/image.ashx?id=2699456&use=l&cat=p&typeid=i","cat":284737},{"id":31988,"n":"Sachet repas chat Tous mes amis Poissons en gelée - 4x100g","p":1.33,"u":"3,33 €/KG","img":"https://fd13-photos.leclercdrive.fr/image.ashx?id=2043002&use=l&cat=p&typeid=i","cat":285286},{"id":32054,"n":"Eau minérale gazeuse St Diery  Naturelle - 6x50cl","p":1.45,"u":"0,48 €/L","img":"https://fd13-photos.leclercdrive.fr/image.ashx?id=2423532&use=l&cat=p&typeid=i","cat":284536},{"id":32059,"n":"Sachet repas chat Tous mes amis Viande en geléé - 12x100g","p":3.65,"u":"3,04 €/KG","img":"https://fd13-photos.leclercdrive.fr/image.ashx?id=2027598&use=l&cat=p&typeid=i","cat":285286},{"id":32064,"n":"Mousse à raser Carré Homme Sensible - 250ml","p":1.39,"u":"5,56 €/L","img":"https://fd13-photos.leclercdrive.fr/image.ashx?id=2704681&use=l&cat=p&typeid=i","cat":284617},{"id":32065,"n":"Couches bébé Mots d'Enfants T4 Douceur - 7/18kg - x74 changes","p":10.6,"u":"0,14 €/P","img":"https://fd13-photos.leclercdrive.fr/image.ashx?id=2907192&use=l&cat=p&typeid=i","cat":284737},{"id":32087,"n":"Yaourts vanille Soignon au lait de chèvre - 4x125g","p":2.42,"u":"4,84 €/KG","img":"https://fd13-photos.leclercdrive.fr/image.ashx?id=2518247&use=l&cat=p&typeid=i","cat":314998},{"id":32093,"n":"Poulet rôti Marie Pommes de terres fondantes 900g","p":4.89,"u":"5,43 €/KG","img":"https://fd13-photos.leclercdrive.fr/image.ashx?id=2996788&use=l&cat=p&typeid=i","cat":284254},{"id":32098,"n":"Biscuits Dinosaurus Lotus  Chocolat noir - 225g","p":2.5,"u":"11,11 €/KG","img":"https://fd13-photos.leclercdrive.fr/image.ashx?id=2859812&use=l&cat=p&typeid=i","cat":284488},{"id":32103,"n":"Goûter laitier Récré O'Lé Gourdes Chocolat - 4x85g","p":2.19,"u":"6,44 €/KG","img":"https://fd13-photos.leclercdrive.fr/image.ashx?id=3008824&use=l&cat=p&typeid=i","cat":284506},{"id":32104,"n":"Goûter laitier Récré O'Lé Gourdes Saveur Vanille - 4x85g","p":2.06,"u":"6,06 €/KG","img":"https://fd13-photos.leclercdrive.fr/image.ashx?id=3008827&use=l&cat=p&typeid=i","cat":284506},{"id":32125,"n":"Mélange Fruité Tokapi Fruits et graines - 110g","p":1.65,"u":"15,00 €/KG","img":"https://fd13-photos.leclercdrive.fr/image.ashx?id=2794003&use=l&cat=p&typeid=i","cat":284448},{"id":32152,"n":"Ardoise double face Esquisse Rouge - Feutre et effacette","p":1.55,"img":"https://fd13-photos.leclercdrive.fr/image.ashx?id=2943334&use=l&cat=p&typeid=i","cat":334133},{"id":32155,"n":"Classeur cahier Esquisse Bleu - Polypro - 21x29.7cm","p":1.89,"img":"https://fd13-photos.leclercdrive.fr/image.ashx?id=940887&use=l&cat=p&typeid=i","cat":284745},{"id":32183,"n":"Couches bébé Mots d'Enfants T4+ Douceur - 9/20kg - x70 changes","p":10.8,"u":"0,15 €/P","img":"https://fd13-photos.leclercdrive.fr/image.ashx?id=2699471&use=l&cat=p&typeid=i","cat":284737},{"id":32186,"n":"Couches bébé Mots d'Enfants T5 Douceur - 11/25kg - x66","p":10.7,"u":"0,16 €/P","img":"https://fd13-photos.leclercdrive.fr/image.ashx?id=2699474&use=l&cat=p&typeid=i","cat":284737},{"id":32202,"n":"Couches bébé Mots d'Enfants T3 Douceur - 4/9kg - x90 changes","p":11.4,"u":"0,13 €/P","img":"https://fd13-photos.leclercdrive.fr/image.ashx?id=2699465&use=l&cat=p&typeid=i","cat":284737},{"id":32213,"n":"Bacon fumé Herta Barquette 100g","p":1.99,"u":"19,90 €/KG","img":"https://fd13-photos.leclercdrive.fr/image.ashx?id=2876236&use=l&cat=p&typeid=i","cat":316011},{"id":32258,"n":"Couches bébé Mots d'Enfants -T3 Ultra confort - 4/9kg - x29","p":5.99,"u":"0,21 €/P","img":"https://fd13-photos.leclercdrive.fr/image.ashx?id=2699453&use=l&cat=p&typeid=i","cat":284737},{"id":32267,"n":"Emmental fromage rapé Les Croisés - 325g","p":2.65,"u":"8,15 €/KG","img":"https://fd13-photos.leclercdrive.fr/image.ashx?id=2805027&use=l&cat=p&typeid=i","cat":314035},{"id":32268,"n":"Bûche de chèvre Les Croisés Non affiné 19%mg - 150g","p":1.89,"u":"12,60 €/KG","img":"https://fd13-photos.leclercdrive.fr/image.ashx?id=2919613&use=l&cat=p&typeid=i","cat":314031},{"id":32271,"n":"Pizza Turini Jambon emmental - 200g","p":1.22,"u":"6,10 €/KG","img":"https://fd13-photos.leclercdrive.fr/image.ashx?id=2989670&use=l&cat=p&typeid=i","cat":333679},{"id":32286,"n":"Papillons d'Alsace NRT 250g","p":1.39,"u":"5,56 €/KG","img":"https://fd13-photos.leclercdrive.fr/image.ashx?id=2839992&use=l&cat=p&typeid=i","cat":284427},{"id":32293,"n":"Sucre de canne Tablier Blanc Cassonade 750g","p":1.55,"u":"2,07 €/KG","img":"https://fd13-photos.leclercdrive.fr/image.ashx?id=2501676&use=l&cat=p&typeid=i","cat":284502},{"id":32301,"n":"Biscuit Petit beurre P'tit Déli Tablette chocolat blanc - 150g","p":1.49,"u":"9,93 €/KG","img":"https://fd13-photos.leclercdrive.fr/image.ashx?id=2970738&use=l&cat=p&typeid=i","cat":284488},{"id":32316,"n":"Gin Brighton's London Dry 37.5%vol - 1L","p":15.69,"u":"15,69 €/L","img":"https://fd13-photos.leclercdrive.fr/image.ashx?id=2907189&use=l&cat=p&typeid=i","cat":284550},{"id":32320,"n":"AOC Champagne Blanc de Blancs Brut Pol Carson - 75cl","p":21.99,"u":"29,32 €/L","img":"https://fd13-photos.leclercdrive.fr/image.ashx?id=2994809&use=l&cat=p&typeid=i","cat":284542},{"id":32339,"n":"Sirop Frucci Pamplemousse Rose - 75cl","p":3.65,"u":"4,87 €/L","img":"https://fd13-photos.leclercdrive.fr/image.ashx?id=728406&use=l&cat=p&typeid=i","cat":295020},{"id":32352,"n":"Emmental fromage râpé bio Bio village - 200g","p":2.31,"u":"11,55 €/KG","img":"https://fd13-photos.leclercdrive.fr/image.ashx?id=1972558&use=l&cat=p&typeid=i","cat":314035},{"id":32353,"n":"Mozzarella Les Croisés - 3x125g","p":2.75,"u":"7,33 €/KG","img":"https://fd13-photos.leclercdrive.fr/image.ashx?id=2130008&use=l&cat=p&typeid=i","cat":314026},{"id":32357,"n":"Yaourts en gourde Délisse 3 Abricots + 3 Fraises - 6x90g","p":2.89,"u":"5,35 €/KG","img":"https://fd13-photos.leclercdrive.fr/image.ashx?id=2699565&use=l&cat=p&typeid=i","cat":284415},{"id":32371,"n":"Petits pots  Babybio Bio Carotte quinoa - 8mois 2x200g","p":2.5,"u":"6,25 €/KG","img":"https://fd13-photos.leclercdrive.fr/image.ashx?id=2834512&use=l&cat=p&typeid=i","cat":312239},{"id":32372,"n":"Petits pots Babybio Bio Légumes veau - 8 mois 2x200g","p":3.04,"u":"7,60 €/KG","img":"https://fd13-photos.leclercdrive.fr/image.ashx?id=2838308&use=l&cat=p&typeid=i","cat":312236},{"id":32373,"n":"Petits pots Babybio Bio Légume canard - 8mois 2x200g","p":3.23,"u":"16,15 €/KG","img":"https://fd13-photos.leclercdrive.fr/image.ashx?id=2912200&use=l&cat=p&typeid=i","cat":312236},{"id":32377,"n":"Gélule brûle graisse Juvamine Thé vert / Kola - x60","p":5.32,"u":"0,09 €/P","img":"https://fd13-photos.leclercdrive.fr/image.ashx?id=2177785&use=l&cat=p&typeid=i","cat":313217},{"id":32380,"n":"Farine de blé Eco+ 1kg","p":0.54,"u":"0,54 €/KG","img":"https://fd13-photos.leclercdrive.fr/image.ashx?id=2694416&use=l&cat=p&typeid=i","cat":284503},{"id":32385,"n":"Asperges blanches très grosses En bocal - 395G","p":5.45,"u":"13,80 €/KG","img":"https://fd13-photos.leclercdrive.fr/image.ashx?id=2049013&use=l&cat=p&typeid=i","cat":312611},{"id":32386,"n":"Mélange forestier Notre Jardin 225g","p":2.57,"u":"11,42 €/KG","img":"https://fd13-photos.leclercdrive.fr/image.ashx?id=2804329&use=l&cat=p&typeid=i","cat":312612},{"id":32387,"n":"Ratatouille Notre Jardin A la provençale - 375g","p":1.06,"u":"2,83 €/KG","img":"https://fd13-photos.leclercdrive.fr/image.ashx?id=2526294&use=l&cat=p&typeid=i","cat":312612},{"id":32388,"n":"Maïs Notre Jardin Aux 2 poivrons - 270g","p":1.19,"u":"4,41 €/KG","img":"https://fd13-photos.leclercdrive.fr/image.ashx?id=2988057&use=l&cat=p&typeid=i","cat":312611},{"id":32392,"n":"Cuisse de poulet St Charmin Blanc Val de Loire x2 - 480g","p":4.08,"u":"8,50 €/KG","img":"https://fd13-photos.leclercdrive.fr/image.ashx?id=1921500&use=l&cat=p&typeid=i","cat":284336},{"id":32393,"n":"Filet de poulet St Charmin Blanc Val de Loire x2 - 240g","p":5.49,"u":"22,88 €/KG","img":"https://fd13-photos.leclercdrive.fr/image.ashx?id=1921506&use=l&cat=p&typeid=i","cat":284336},{"id":32422,"n":"Poulet rôti Purée à l'ancienne La Cuisine d'Océane 300g","p":2.78,"u":"9,27 €/KG","img":"https://fd13-photos.leclercdrive.fr/image.ashx?id=2962377&use=l&cat=p&typeid=i","cat":284953},{"id":32444,"n":"AOP Cabernet d'Anjou vin rosé  Soupçon de Fruit  - 75cl","p":4.89,"u":"6,52 €/L","img":"https://fd13-photos.leclercdrive.fr/image.ashx?id=2432388&use=l&cat=p&typeid=i","cat":289558},{"id":32478,"n":"Fruits rouges Fruistar 650g","p":4.72,"u":"7,26 €/KG","img":"https://fd13-photos.leclercdrive.fr/image.ashx?id=2072629&use=l&cat=p&typeid=i","cat":284268},{"id":32479,"n":"Culotte absorbante Tena Taille L - Plus - x8","p":9.03,"u":"1,13 €/P","img":"https://fd13-photos.leclercdrive.fr/image.ashx?id=2428585&use=l&cat=p&typeid=i","cat":284628},{"id":32480,"n":"Culotte absorbante Tena Taille M - Plus - x9","p":6.93,"u":"0,77 €/P","img":"https://fd13-photos.leclercdrive.fr/image.ashx?id=2428591&use=l&cat=p&typeid=i","cat":284628},{"id":32492,"n":"Crème glacée L'Angelys Vanille - 450g","p":5.12,"u":"11,38 €/KG","img":"https://fd13-photos.leclercdrive.fr/image.ashx?id=2963574&use=l&cat=p&typeid=i","cat":284263},{"id":32497,"n":"Recharge Savon Mains Dettol Parfum Citron 250ml","p":2.12,"u":"8,48 €/L","img":"https://fd13-photos.leclercdrive.fr/image.ashx?id=2962020&use=l&cat=p&typeid=i","cat":284597},{"id":32516,"n":"Saumon fumé Bio Bio Village Atlantique x4T - 120g","p":5.77,"u":"48,08 €/KG","img":"https://fd13-photos.leclercdrive.fr/image.ashx?id=2374606&use=l&cat=p&typeid=i","cat":285188},{"id":32531,"n":"IGP Farine de blé noir Treblec Bretagne tradition - 1kg","p":3.69,"u":"3,69 €/KG","img":"https://fd13-photos.leclercdrive.fr/image.ashx?id=2734846&use=l&cat=p&typeid=i","cat":284503},{"id":32552,"n":"Apéritif Lagoa Cocktail Mojito sans alcool 75cl","p":2.95,"u":"3,93 €/L","img":"https://fd13-photos.leclercdrive.fr/image.ashx?id=2519969&use=l&cat=p&typeid=i","cat":284549},{"id":32555,"n":"Fromage Maasdam Les Croisés tranches x14 - 27.1%mg - 350g","p":3.23,"u":"9,23 €/KG","img":"https://fd13-photos.leclercdrive.fr/image.ashx?id=2026322&use=l&cat=p&typeid=i","cat":314028},{"id":32558,"n":"Mimolette Les Croisés 23.7%mg portion - 250g","p":2.97,"u":"11,88 €/KG","img":"https://fd13-photos.leclercdrive.fr/image.ashx?id=2796049&use=l&cat=p&typeid=i","cat":314034},{"id":32631,"n":"Biscuits palmier Bio Village Bio - 100g","p":1.27,"u":"12,70 €/KG","img":"https://fd13-photos.leclercdrive.fr/image.ashx?id=2610729&use=l&cat=p&typeid=i","cat":284487},{"id":32643,"n":"Pruneaux d'Agen Couleurs Vives Dénoyautés - 500g","p":3.99,"u":"7,98 €/KG","img":"https://fd13-photos.leclercdrive.fr/image.ashx?id=2124107&use=l&cat=p&typeid=i","cat":284357},{"id":32690,"n":"Tranches de fromage Leerdammer Le Léger - 8 Tranches - 200g","p":3.79,"u":"18,95 €/KG","img":"https://fd13-photos.leclercdrive.fr/image.ashx?id=2507581&use=l&cat=p&typeid=i","cat":314028},{"id":32707,"n":"Poisson pané  Cabillaud Findus MSC x4 - 400g","p":6.71,"u":"16,78 €/KG","img":"https://fd13-photos.leclercdrive.fr/image.ashx?id=2650666&use=l&cat=p&typeid=i","cat":319788},{"id":32724,"n":"Pain grillé bio Bio Village Céréales et graines - 225g","p":1.59,"u":"7,07 €/KG","img":"https://fd13-photos.leclercdrive.fr/image.ashx?id=2595119&use=l&cat=p&typeid=i","cat":284479},{"id":32728,"n":"Lait demi écrémé Eco+ Brique 1L","p":0.92,"u":"0,92 €/L","img":"https://fd13-photos.leclercdrive.fr/image.ashx?id=2925952&use=l&cat=p&typeid=i","cat":284377},{"id":32730,"n":"Filets de merlu blanc Meunière Cité Marine MSC - 220g","p":4.02,"u":"18,27 €/KG","img":"https://fd13-photos.leclercdrive.fr/image.ashx?id=2298088&use=l&cat=p&typeid=i","cat":284344},{"id":32765,"n":"Bonbons Copains Copines Planch' acid goût fruit 225g","p":1.11,"u":"4,93 €/KG","img":"https://fd13-photos.leclercdrive.fr/image.ashx?id=2934709&use=l&cat=p&typeid=i","cat":304250},{"id":32786,"n":"Déodorant bille Manava Pierre d'alun - 50ml","p":0.99,"u":"19,80 €/L","img":"https://fd13-photos.leclercdrive.fr/image.ashx?id=2481219&use=l&cat=p&typeid=i","cat":284595},{"id":32802,"n":"Coeur de laitue Florette Florette - 320g","p":2.95,"u":"9,22 €/KG","img":"https://fd13-photos.leclercdrive.fr/image.ashx?id=2090057&use=l&cat=p&typeid=i","cat":284353},{"id":32809,"n":"Filets de poulet St Charmin Val de Loire x2 - 240g","p":5.49,"u":"22,88 €/KG","img":"https://fd13-photos.leclercdrive.fr/image.ashx?id=2933310&use=l&cat=p&typeid=i","cat":284336},{"id":32817,"n":"Eau minérale Mont Blanc 6x1.5L","p":2.92,"u":"0,32 €/L","img":"https://fd13-photos.leclercdrive.fr/image.ashx?id=2401110&use=l&cat=p&typeid=i","cat":284535},{"id":32829,"n":"Litière chats Tous mes Amis Optimale - 5L","p":4.5,"u":"0,90 €/L","img":"https://fd13-photos.leclercdrive.fr/image.ashx?id=2055220&use=l&cat=p&typeid=i","cat":284683},{"id":32878,"n":"Biscuits fins P'tit Déli Assortiment - 400g","p":4.57,"u":"11,43 €/KG","img":"https://fd13-photos.leclercdrive.fr/image.ashx?id=2563154&use=l&cat=p&typeid=i","cat":284490},{"id":32901,"n":"Escalopes de dinde Volandrie x2 - 240g","p":3.49,"u":"14,54 €/KG","img":"https://fd13-photos.leclercdrive.fr/image.ashx?id=2048860&use=l&cat=p&typeid=i","cat":284337},{"id":32902,"n":"Escalope de dinde Volandrie Extra fines x2 - 240g","p":3.49,"u":"14,54 €/KG","img":"https://fd13-photos.leclercdrive.fr/image.ashx?id=2595927&use=l&cat=p&typeid=i","cat":284337},{"id":32915,"n":"Oignons frits Colona 100g","p":1.35,"u":"13,50 €/KG","img":"https://fd13-photos.leclercdrive.fr/image.ashx?id=2687230&use=l&cat=p&typeid=i","cat":298297},{"id":32934,"n":"Bière blanche 1664 Blanc 5° - 12x25cl","p":9.4,"u":"3,13 €/L","img":"https://fd13-photos.leclercdrive.fr/image.ashx?id=2886696&use=l&cat=p&typeid=i","cat":334878},{"id":32954,"n":"Bûche glacée Eskiss Poire Chocolat - 549g","p":4.2,"u":"7,65 €/KG","img":"https://fd13-photos.leclercdrive.fr/image.ashx?id=2968988&use=l&cat=p&typeid=i","cat":284266},{"id":32957,"n":"Poitrine fumée Herta 2x100g","p":2.94,"u":"14,70 €/KG","img":"https://fd13-photos.leclercdrive.fr/image.ashx?id=2787773&use=l&cat=p&typeid=i","cat":316011},{"id":32970,"n":"Lingettes Bionaïa Démaquillantes Bio x25","p":1.04,"u":"0,04 €/P","img":"https://fd13-photos.leclercdrive.fr/image.ashx?id=2376025&use=l&cat=p&typeid=i","cat":284603},{"id":32973,"n":"Eau micellaire Inell 500ml","p":2.36,"u":"4,72 €/L","img":"https://fd13-photos.leclercdrive.fr/image.ashx?id=1938870&use=l&cat=p&typeid=i","cat":284603},{"id":32981,"n":"Biscuits sec thé P'tit Déli 340g","p":1.21,"u":"3,56 €/KG","img":"https://fd13-photos.leclercdrive.fr/image.ashx?id=2679488&use=l&cat=p&typeid=i","cat":284487},{"id":32982,"n":"Pâtes coquillettes Turini Les 3 min - 1kg","p":1.43,"u":"1,43 €/KG","img":"https://fd13-photos.leclercdrive.fr/image.ashx?id=2607530&use=l&cat=p&typeid=i","cat":284427},{"id":32985,"n":"Riz long Comptoir du Grain Cuisson rapide - 2kg","p":3.36,"u":"1,68 €/KG","img":"https://fd13-photos.leclercdrive.fr/image.ashx?id=2226197&use=l&cat=p&typeid=i","cat":284428},{"id":32986,"n":"Pâtes penne Turini Les 3 min - 500g","p":0.99,"u":"1,98 €/KG","img":"https://fd13-photos.leclercdrive.fr/image.ashx?id=2744240&use=l&cat=p&typeid=i","cat":284427},{"id":33034,"n":"AOC Crémant Bourgogne brut Veuve Ambal - Tastevine - 75cl","p":7.97,"u":"10,63 €/L","img":"https://fd13-photos.leclercdrive.fr/image.ashx?id=1965240&use=l&cat=p&typeid=i","cat":284545},{"id":33036,"n":"Beurre allégé Les Croisés Doux - 60% MG - 250g","p":1.87,"u":"7,48 €/KG","img":"https://fd13-photos.leclercdrive.fr/image.ashx?id=2893319&use=l&cat=p&typeid=i","cat":284379},{"id":33046,"n":"Tuiles Tokapi Epicé - 170g","p":1.39,"u":"8,18 €/KG","img":"https://fd13-photos.leclercdrive.fr/image.ashx?id=2641277&use=l&cat=p&typeid=i","cat":287899},{"id":33063,"n":"Lait de toilette Mots d'Enfants Extra-doux - 750ml","p":3.69,"u":"4,92 €/L","img":"https://fd13-photos.leclercdrive.fr/image.ashx?id=2266495&use=l&cat=p&typeid=i","cat":284741},{"id":33097,"n":"Steak haché façon bouchère 560g Férial - 15%mg - X4","p":9.45,"u":"16,88 €/KG","img":"https://fd13-photos.leclercdrive.fr/image.ashx?id=3004660&use=l&cat=p&typeid=i","cat":319778},{"id":33150,"n":"Blanquette Weight Watchers Poulet 300g","p":3.3,"u":"11,00 €/KG","img":"https://fd13-photos.leclercdrive.fr/image.ashx?id=2880739&use=l&cat=p&typeid=i","cat":333665},{"id":33151,"n":"Préparation culinaire Soja Délisse - 5%mg - 3x20cl","p":1.89,"u":"3,15 €/L","img":"https://fd13-photos.leclercdrive.fr/image.ashx?id=2970741&use=l&cat=p&typeid=i","cat":316069},{"id":33159,"n":"IGP Ardèche blanc Pont d'Arc - BIB 5L","p":11.18,"u":"2,24 €/L","img":"https://fd13-photos.leclercdrive.fr/image.ashx?id=2527916&use=l&cat=p&typeid=i","cat":289560},{"id":33197,"n":"Café moulu Plantation Colombie - 250g","p":3.87,"u":"15,48 €/KG","img":"https://fd13-photos.leclercdrive.fr/image.ashx?id=2824268&use=l&cat=p&typeid=i","cat":284750},{"id":33219,"n":"Truite fumée Ovive Aquitaine 4 tranches - 120g","p":5.02,"u":"41,83 €/KG","img":"https://fd13-photos.leclercdrive.fr/image.ashx?id=2996941&use=l&cat=p&typeid=i","cat":285188},{"id":33239,"n":"Café Soluble Nescafé Spécial Filtre - x25 - 50g","p":2.76,"u":"55,20 €/KG","img":"https://fd13-photos.leclercdrive.fr/image.ashx?id=2485134&use=l&cat=p&typeid=i","cat":284843},{"id":33251,"n":"Déodorant Manava peux sensibles Anti-transpirant spray - 200ml","p":1.29,"u":"6,45 €/L","img":"https://fd13-photos.leclercdrive.fr/image.ashx?id=2886454&use=l&cat=p&typeid=i","cat":284595},{"id":33252,"n":"Mini feuilletés Côté Table Escargot x16 - 170g","p":5.49,"u":"32,29 €/KG","img":"https://fd13-photos.leclercdrive.fr/image.ashx?id=2600408&use=l&cat=p&typeid=i","cat":319774},{"id":33255,"n":"Pâtes farfalle Turini Les 3 min - 500g","p":1.07,"u":"2,14 €/KG","img":"https://fd13-photos.leclercdrive.fr/image.ashx?id=2669723&use=l&cat=p&typeid=i","cat":284427},{"id":33256,"n":"Sachet cuisson Rustica Poulet herbes de provence - 34g","p":0.6,"u":"17,65 €/KG","img":"https://fd13-photos.leclercdrive.fr/image.ashx?id=1886674&use=l&cat=p&typeid=i","cat":288380},{"id":33262,"n":"Céréales Corn Flakes Kellogg's 500g","p":2.59,"u":"5,18 €/KG","img":"https://fd13-photos.leclercdrive.fr/image.ashx?id=2522005&use=l&cat=p&typeid=i","cat":309513},{"id":33266,"n":"Céréales Smacks Kellogg's 400g","p":2.59,"u":"6,48 €/KG","img":"https://fd13-photos.leclercdrive.fr/image.ashx?id=2584235&use=l&cat=p&typeid=i","cat":309513},{"id":33269,"n":"Pommes de terre Pom'lisse Grenaille - 450g","p":2.49,"u":"5,53 €/KG","img":"https://fd13-photos.leclercdrive.fr/image.ashx?id=2704708&use=l&cat=p&typeid=i","cat":319792},{"id":33274,"n":"Pâtes spaghetti Turini Les 3 min - 1kg","p":1.55,"u":"1,55 €/KG","img":"https://fd13-photos.leclercdrive.fr/image.ashx?id=2607533&use=l&cat=p&typeid=i","cat":284427},{"id":33287,"n":"Pâtes Torsettes Turini 3 min - 1kg","p":1.63,"u":"1,63 €/KG","img":"https://fd13-photos.leclercdrive.fr/image.ashx?id=2744237&use=l&cat=p&typeid=i","cat":284427},{"id":33292,"n":"Pruneaux d'Agen Couleurs Vives Dénoyautés - 1kg","p":7.89,"u":"7,89 €/KG","img":"https://fd13-photos.leclercdrive.fr/image.ashx?id=2128537&use=l&cat=p&typeid=i","cat":284357},{"id":33299,"n":"Sérum physiologique Mots d'Enfants 5ml x40","p":2.19,"u":"10,95 €/L","img":"https://fd13-photos.leclercdrive.fr/image.ashx?id=3014209&use=l&cat=p&typeid=i","cat":284741},{"id":33301,"n":"Soda light  Pulp'Orange Orange Bouteille - 1,5L","p":1.39,"u":"0,93 €/L","img":"https://fd13-photos.leclercdrive.fr/image.ashx?id=2922412&use=l&cat=p&typeid=i","cat":284532},{"id":33302,"n":"Pâtes cannelloni Turini 250g","p":0.99,"u":"3,96 €/KG","img":"https://fd13-photos.leclercdrive.fr/image.ashx?id=2980468&use=l&cat=p&typeid=i","cat":284427},{"id":33306,"n":"Sucre pure canne Bio Village En poudre bio - 500g","p":1.66,"u":"3,32 €/KG","img":"https://fd13-photos.leclercdrive.fr/image.ashx?id=3010443&use=l&cat=p&typeid=i","cat":284502},{"id":33334,"n":"Crème hydratante Mots d'Enfants Bébé - 100ml","p":2.38,"u":"23,80 €/L","img":"https://fd13-photos.leclercdrive.fr/image.ashx?id=3014218&use=l&cat=p&typeid=i","cat":284741},{"id":33336,"n":"Gel lavant bébé Mots d'Enfants Corps et cheveux - 750ml","p":3.15,"u":"4,20 €/L","img":"https://fd13-photos.leclercdrive.fr/image.ashx?id=3014224&use=l&cat=p&typeid=i","cat":284740},{"id":33399,"n":"Pâte d'amande 40% Vahiné Tricolore 150g","p":2.05,"u":"13,67 €/KG","img":"https://fd13-photos.leclercdrive.fr/image.ashx?id=2014370&use=l&cat=p&typeid=i","cat":284504},{"id":33442,"n":"Cocktail fruits de mer Escal 900g","p":9.88,"u":"10,98 €/KG","img":"https://fd13-photos.leclercdrive.fr/image.ashx?id=2438609&use=l&cat=p&typeid=i","cat":319787},{"id":33594,"n":"Cacahuètes  Benenuts Grillées salées - 220g","p":1.31,"u":"5,95 €/KG","img":"https://fd13-photos.leclercdrive.fr/image.ashx?id=2418762&use=l&cat=p&typeid=i","cat":284448},{"id":33595,"n":"Monster Munch Salé - 85g","p":0.99,"u":"11,65 €/KG","img":"https://fd13-photos.leclercdrive.fr/image.ashx?id=2971598&use=l&cat=p&typeid=i","cat":284449},{"id":33596,"n":"Monster Munch Jambon fromage - 85g","p":1.04,"u":"12,24 €/KG","img":"https://fd13-photos.leclercdrive.fr/image.ashx?id=2971604&use=l&cat=p&typeid=i","cat":284449},{"id":33600,"n":"Monster Munch Ketchup - 85g","p":1.07,"u":"12,59 €/KG","img":"https://fd13-photos.leclercdrive.fr/image.ashx?id=2996932&use=l&cat=p&typeid=i","cat":284449},{"id":33667,"n":"Crème de cassis Auguste Mugniot 15%vol. - 70cl","p":4.89,"u":"6,99 €/L","img":"https://fd13-photos.leclercdrive.fr/image.ashx?id=1211501&use=l&cat=p&typeid=i","cat":286032},{"id":33680,"n":"Croquettes grands chiens Lydog Boeuf Volaille - 14.5kg","p":18.7,"u":"1,29 €/KG","img":"https://fd13-photos.leclercdrive.fr/image.ashx?id=2054975&use=l&cat=p&typeid=i","cat":284672},{"id":33697,"n":"Cuisses de poulet Maître Coq 1.4kg","p":6.42,"u":"4,59 €/KG","img":"https://fd13-photos.leclercdrive.fr/image.ashx?id=2551126&use=l&cat=p&typeid=i","cat":284336},{"id":33698,"n":"Cuisse de poulet Maître Coq Jaune avec partie dos 1.4kg","p":6.42,"u":"4,59 €/KG","img":"https://fd13-photos.leclercdrive.fr/image.ashx?id=2551129&use=l&cat=p&typeid=i","cat":284336},{"id":33744,"n":"AOP Côtes du Rhône vin rouge Bernard Cordelier - 75cl","p":1.99,"u":"2,65 €/L","img":"https://fd13-photos.leclercdrive.fr/image.ashx?id=2967531&use=l&cat=p&typeid=i","cat":289556},{"id":33745,"n":"IGP Pays d'Oc rosé Cinsault  Syrah Ormes de Cambras - BIB 5L","p":15.5,"u":"3,10 €/L","img":"https://fd13-photos.leclercdrive.fr/image.ashx?id=2445118&use=l&cat=p&typeid=i","cat":289560},{"id":33749,"n":"IGP Terres du Midi Listel Vin rosé 12% vol - BIB 3L","p":12.97,"u":"4,32 €/L","img":"https://fd13-photos.leclercdrive.fr/image.ashx?id=2883468&use=l&cat=p&typeid=i","cat":289560},{"id":33756,"n":"Vin blanc Apremont  De Savoie - 75cl","p":8.08,"u":"10,77 €/L","img":"https://fd13-photos.leclercdrive.fr/image.ashx?id=660005&use=l&cat=p&typeid=i","cat":289557},{"id":33757,"n":"Vin blanc  Mâcon Villages - 75cl","p":7.24,"u":"9,65 €/L","img":"https://fd13-photos.leclercdrive.fr/image.ashx?id=1758376&use=l&cat=p&typeid=i","cat":289557},{"id":33773,"n":"Biscuits petit dej P'tit Déli  Multi céréales - 400g","p":1.84,"u":"4,60 €/KG","img":"https://fd13-photos.leclercdrive.fr/image.ashx?id=2999505&use=l&cat=p&typeid=i","cat":284491},{"id":33792,"n":"Crème mains bio Bio NaÏa Hydratante - 100ml","p":1.99,"u":"19,90 €/L","img":"https://fd13-photos.leclercdrive.fr/image.ashx?id=2558811&use=l&cat=p&typeid=i","cat":325354},{"id":33801,"n":"Crème protectrice - change Mots d'Enfants - 100ml","p":1.99,"u":"19,90 €/L","img":"https://fd13-photos.leclercdrive.fr/image.ashx?id=2320468&use=l&cat=p&typeid=i","cat":284741},{"id":33802,"n":"Lait Démaquillant bio Bio Naïa Visage 250ml","p":2.56,"u":"10,24 €/L","img":"https://fd13-photos.leclercdrive.fr/image.ashx?id=2399752&use=l&cat=p&typeid=i","cat":284603},{"id":33804,"n":"Déodorant Manava Douceur satin 200ml","p":1.44,"u":"7,20 €/L","img":"https://fd13-photos.leclercdrive.fr/image.ashx?id=2835202&use=l&cat=p&typeid=i","cat":284595},{"id":33805,"n":"Lingettes désinfectantes Clair Anti-bactériennes x40","p":1.05,"u":"0,03 €/P","img":"https://fd13-photos.leclercdrive.fr/image.ashx?id=2768095&use=l&cat=p&typeid=i","cat":325358},{"id":33811,"n":"Pastis de Marseille 45%vol - 1L","p":16.35,"u":"16,35 €/L","img":"https://fd13-photos.leclercdrive.fr/image.ashx?id=2637817&use=l&cat=p&typeid=i","cat":284548},{"id":33819,"n":"Friandises chien Pedigree  Rodeo bœuf x4 - 70g","p":0.85,"u":"12,14 €/KG","img":"https://fd13-photos.leclercdrive.fr/image.ashx?id=2997202&use=l&cat=p&typeid=i","cat":294527},{"id":33820,"n":"Friandises chat Catisfactions Saumon - 60g","p":1.03,"u":"17,17 €/KG","img":"https://fd13-photos.leclercdrive.fr/image.ashx?id=2912605&use=l&cat=p&typeid=i","cat":285285},{"id":33822,"n":"Pina Colada Jafaden  Cocktail sans alcool 1L","p":2.6,"u":"2,60 €/L","img":"https://fd13-photos.leclercdrive.fr/image.ashx?id=2956104&use=l&cat=p&typeid=i","cat":284549},{"id":33847,"n":"Pur jus multifruits Jafaden Orange Ananas Mangue - 1L","p":2.29,"u":"2,29 €/L","img":"https://fd13-photos.leclercdrive.fr/image.ashx?id=2841160&use=l&cat=p&typeid=i","cat":284917},{"id":33848,"n":"Pur jus multifruits Jafaden  Orange Clémentine Banane - 1L","p":2.35,"u":"2,35 €/L","img":"https://fd13-photos.leclercdrive.fr/image.ashx?id=2841163&use=l&cat=p&typeid=i","cat":284917},{"id":33849,"n":"Shampooing bio Bio naïa 250ml","p":1.8,"u":"7,20 €/L","img":"https://fd13-photos.leclercdrive.fr/image.ashx?id=2822117&use=l&cat=p&typeid=i","cat":284606},{"id":33850,"n":"Eponges multi-usage Mamison Vertes - X6","p":1.75,"u":"0,29 €/P","img":"https://fd13-photos.leclercdrive.fr/image.ashx?id=2175768&use=l&cat=p&typeid=i","cat":284667},{"id":33852,"n":"Cubes allume-feu Silex x72 cubes","p":3.05,"u":"0,04 €/P","img":"https://fd13-photos.leclercdrive.fr/image.ashx?id=1304486&use=l&cat=p&typeid=i","cat":300578},{"id":33862,"n":"Crackers Tuc Bacon - 4x100g","p":3.15,"u":"7,88 €/KG","img":"https://fd13-photos.leclercdrive.fr/image.ashx?id=2940474&use=l&cat=p&typeid=i","cat":297000},{"id":33882,"n":"Farfalle Bio Village Bio Au blé complet - 500g","p":1.95,"u":"3,90 €/KG","img":"https://fd13-photos.leclercdrive.fr/image.ashx?id=2625373&use=l&cat=p&typeid=i","cat":284427},{"id":33885,"n":"Olives noires  Rustica Dénoyautées - 180g","p":1.23,"u":"6,83 €/KG","img":"https://fd13-photos.leclercdrive.fr/image.ashx?id=1698893&use=l&cat=p&typeid=i","cat":284458},{"id":33887,"n":"Pains grillés complet Epi d'or 400g","p":1.57,"u":"3,93 €/KG","img":"https://fd13-photos.leclercdrive.fr/image.ashx?id=2982610&use=l&cat=p&typeid=i","cat":284479},{"id":33891,"n":"Paëlla royale Côté Table 300g","p":3.39,"u":"11,30 €/KG","img":"https://fd13-photos.leclercdrive.fr/image.ashx?id=2393872&use=l&cat=p&typeid=i","cat":284953},{"id":33892,"n":"Poule au riz Côté table 300g","p":2.31,"u":"7,70 €/KG","img":"https://fd13-photos.leclercdrive.fr/image.ashx?id=2393875&use=l&cat=p&typeid=i","cat":284953},{"id":33893,"n":"Penne Bio Village  Bio - 500g","p":0.89,"u":"1,78 €/KG","img":"https://fd13-photos.leclercdrive.fr/image.ashx?id=2625370&use=l&cat=p&typeid=i","cat":284427},{"id":33910,"n":"Biscuit Petit beurre P'tit Déli Chocolat noir pocket - 250g","p":2.39,"u":"9,56 €/KG","img":"https://fd13-photos.leclercdrive.fr/image.ashx?id=750629&use=l&cat=p&typeid=i","cat":284488},{"id":33914,"n":"Tartines craquante  Sans Gluten - 2x125g","p":2.59,"u":"10,36 €/KG","img":"https://fd13-photos.leclercdrive.fr/image.ashx?id=2518550&use=l&cat=p&typeid=i","cat":318654},{"id":33915,"n":"Veau aux légumes Côté table Barquette 280g","p":2.29,"u":"8,18 €/KG","img":"https://fd13-photos.leclercdrive.fr/image.ashx?id=2476152&use=l&cat=p&typeid=i","cat":284953},{"id":33917,"n":"Thon entier Pêche Océan Huile d'olive - 160g","p":2.29,"u":"14,31 €/KG","img":"https://fd13-photos.leclercdrive.fr/image.ashx?id=2942199&use=l&cat=p&typeid=i","cat":303867},{"id":33918,"n":"Pâtes torsettes Turini Blé complet - 500g","p":0.99,"u":"1,98 €/KG","img":"https://fd13-photos.leclercdrive.fr/image.ashx?id=2607527&use=l&cat=p&typeid=i","cat":284427},{"id":33921,"n":"Boisson énergisante X-tense Bouteille - 1L","p":1.8,"u":"1,80 €/L","img":"https://fd13-photos.leclercdrive.fr/image.ashx?id=2919619&use=l&cat=p&typeid=i","cat":284533},{"id":33925,"n":"Hachés au thon Pêche Océan Albacore à la tomate - 200g","p":2.7,"u":"13,50 €/KG","img":"https://fd13-photos.leclercdrive.fr/image.ashx?id=2953629&use=l&cat=p&typeid=i","cat":284344},{"id":33992,"n":"Soda Coca-Cola Zéro Cherry  Bouteille - 1,25L","p":1.29,"u":"1,03 €/L","img":"https://fd13-photos.leclercdrive.fr/image.ashx?id=2678158&use=l&cat=p&typeid=i","cat":284530},{"id":34007,"n":"Bâtonnets Dentastix Pedigree  Fresh Moyen chien x7 - 180g","p":2.53,"u":"14,06 €/KG","img":"https://fd13-photos.leclercdrive.fr/image.ashx?id=2850171&use=l&cat=p&typeid=i","cat":294527},{"id":34106,"n":"Dosettes café Plantation  Classique - x36 - 250g","p":3.72,"u":"14,88 €/KG","img":"https://fd13-photos.leclercdrive.fr/image.ashx?id=2622109&use=l&cat=p&typeid=i","cat":293238},{"id":34107,"n":"Dosettes café Plantation  Corsé - x36 - 250g","p":3.72,"u":"14,88 €/KG","img":"https://fd13-photos.leclercdrive.fr/image.ashx?id=2622112&use=l&cat=p&typeid=i","cat":293238},{"id":34176,"n":"Bouillon de légumes Jardin Bio' Bio cube sans huile palme x10","p":1.79,"u":"19,89 €/KG","img":"https://fd13-photos.leclercdrive.fr/image.ashx?id=2990844&use=l&cat=p&typeid=i","cat":288379},{"id":34177,"n":"Effilés aux legumes Purina One Poulet / Boeufs - 4x85g","p":2.15,"u":"6,32 €/KG","img":"https://fd13-photos.leclercdrive.fr/image.ashx?id=2467483&use=l&cat=p&typeid=i","cat":285286},{"id":34178,"n":"Sachet repas chats Purina One Viandes et Poissons - 4x85g","p":2.14,"u":"6,29 €/KG","img":"https://fd13-photos.leclercdrive.fr/image.ashx?id=2467486&use=l&cat=p&typeid=i","cat":285286},{"id":34183,"n":"Tortilla Tables du monde Oignons 500g","p":2.89,"u":"5,78 €/KG","img":"https://fd13-photos.leclercdrive.fr/image.ashx?id=794123&use=l&cat=p&typeid=i","cat":333673},{"id":34184,"n":"Filets poulet blanc Maître Coq 600g","p":6.05,"u":"10,08 €/KG","img":"https://fd13-photos.leclercdrive.fr/image.ashx?id=2551156&use=l&cat=p&typeid=i","cat":284336},{"id":34185,"n":"Filets poulet jaune Maitre coq 600g","p":6.08,"u":"10,13 €/KG","img":"https://fd13-photos.leclercdrive.fr/image.ashx?id=2551159&use=l&cat=p&typeid=i","cat":284336},{"id":34186,"n":"Aiguillettes poulet Maitre coq Blanc - 450g","p":6.57,"u":"14,60 €/KG","img":"https://fd13-photos.leclercdrive.fr/image.ashx?id=2551162&use=l&cat=p&typeid=i","cat":284336},{"id":34188,"n":"Poulet Label Rouge Blanc  IGP Volailles du Maine 1,25kg","p":11.85,"u":"9,48 €/KG","img":"https://fd13-photos.leclercdrive.fr/image.ashx?id=2411746&use=l&cat=p&typeid=i","cat":284336},{"id":34203,"n":"Tortilla Tables du monde Nature 500g","p":2.89,"u":"5,78 €/KG","img":"https://fd13-photos.leclercdrive.fr/image.ashx?id=654051&use=l&cat=p&typeid=i","cat":333673},{"id":34241,"n":"Manchons de poulet Côté Croc Barbecue - 250g","p":2.49,"u":"9,96 €/KG","img":"https://fd13-photos.leclercdrive.fr/image.ashx?id=2560482&use=l&cat=p&typeid=i","cat":333685},{"id":34326,"n":"Dosettes café Plantation  Caramel - x10 - 70g","p":1.63,"u":"23,29 €/KG","img":"https://fd13-photos.leclercdrive.fr/image.ashx?id=2824277&use=l&cat=p&typeid=i","cat":293238},{"id":34327,"n":"Dosettes café Plantation Noisette - x10 - 70g","p":1.82,"u":"26,00 €/KG","img":"https://fd13-photos.leclercdrive.fr/image.ashx?id=2664578&use=l&cat=p&typeid=i","cat":293238},{"id":34333,"n":"Boisson à base de vin rosé Very Framboise - 75cl","p":2.39,"u":"3,19 €/L","img":"https://fd13-photos.leclercdrive.fr/image.ashx?id=2446632&use=l&cat=p&typeid=i","cat":304569},{"id":34334,"n":"Boisson à base de vin blanc  Very Pech'- Pêche - 75cl","p":2.39,"u":"3,19 €/L","img":"https://fd13-photos.leclercdrive.fr/image.ashx?id=2443874&use=l&cat=p&typeid=i","cat":304569},{"id":34350,"n":"Shampooing sec Vitanove Cheveux normaux - 150ml","p":1.87,"u":"12,47 €/L","img":"https://fd13-photos.leclercdrive.fr/image.ashx?id=2669720&use=l&cat=p&typeid=i","cat":289143},{"id":34361,"n":"Préparation pain Tablier Blanc Farine pour pain nature - 1kg","p":1.35,"u":"1,35 €/KG","img":"https://fd13-photos.leclercdrive.fr/image.ashx?id=2832951&use=l&cat=p&typeid=i","cat":284503},{"id":34406,"n":"Dosettes café Plantation  Décaféiné - x36 - 250g","p":3.99,"u":"15,96 €/KG","img":"https://fd13-photos.leclercdrive.fr/image.ashx?id=2824274&use=l&cat=p&typeid=i","cat":293238},{"id":34500,"n":"Dosettes café Plantation  Classique - x48 - 336g","p":4.95,"u":"14,73 €/KG","img":"https://fd13-photos.leclercdrive.fr/image.ashx?id=2824271&use=l&cat=p&typeid=i","cat":293238},{"id":34521,"n":"Bière blonde Falsbourg 4.2%vol. - 24x25cl","p":8.55,"u":"1,43 €/L","img":"https://fd13-photos.leclercdrive.fr/image.ashx?id=2637910&use=l&cat=p&typeid=i","cat":334873},{"id":34659,"n":"Mini chinois Epi d'Or Nature x6 - 300g","p":1.8,"u":"6,00 €/KG","img":"https://fd13-photos.leclercdrive.fr/image.ashx?id=2860739&use=l&cat=p&typeid=i","cat":296366},{"id":34660,"n":"Pruneaux d'Agen Couleurs Vives Dénoyautés - 250g","p":2.99,"u":"11,96 €/KG","img":"https://fd13-photos.leclercdrive.fr/image.ashx?id=2093129&use=l&cat=p&typeid=i","cat":284357},{"id":34670,"n":"Oignons jaunes Filière Panier du Primeur Filet 1kg","p":1.99,"u":"1,99 €/KG","img":"https://fd13-photos.leclercdrive.fr/image.ashx?id=2953734&use=l&cat=p&typeid=i","cat":284352},{"id":34671,"n":"Echalote traditionnelle filière Panier du Primeur Filet 250g","p":0.99,"u":"3,96 €/KG","img":"https://fd13-photos.leclercdrive.fr/image.ashx?id=2965500&use=l&cat=p&typeid=i","cat":284352},{"id":34693,"n":"Briochettes pépites Epi d'Or Chocolat au lait x12 - 500g","p":2.44,"u":"4,88 €/KG","img":"https://fd13-photos.leclercdrive.fr/image.ashx?id=2867913&use=l&cat=p&typeid=i","cat":293505},{"id":34763,"n":"Huile Cheveux Elsève Sublimateur Cheveu sec - 100ml","p":11.05,"u":"110,50 €/L","img":"https://fd13-photos.leclercdrive.fr/image.ashx?id=2870671&use=l&cat=p&typeid=i","cat":284608},{"id":34813,"n":"Thé Britley Citron - x25 - 40g","p":0.88,"u":"22,00 €/KG","img":"https://fd13-photos.leclercdrive.fr/image.ashx?id=2897784&use=l&cat=p&typeid=i","cat":293233},{"id":34841,"n":"Rillettes Tradilège poulet rôti 220g","p":1.79,"u":"8,14 €/KG","img":"https://fd13-photos.leclercdrive.fr/image.ashx?id=2930924&use=l&cat=p&typeid=i","cat":316008},{"id":34845,"n":"IGP Vinaigre balsamique Maille 50cl","p":3.31,"u":"6,62 €/L","img":"https://fd13-photos.leclercdrive.fr/image.ashx?id=2866178&use=l&cat=p&typeid=i","cat":298543},{"id":34908,"n":"Fromage frais Petit Yoplait Nature 3.8%MG - 6x60g","p":1.38,"u":"3,83 €/KG","img":"https://fd13-photos.leclercdrive.fr/image.ashx?id=2811026&use=l&cat=p&typeid=i","cat":284409},{"id":34910,"n":"Fromage Blanc Calin Nature 3.2%MG - 450g","p":1.55,"u":"3,44 €/KG","img":"https://fd13-photos.leclercdrive.fr/image.ashx?id=2973721&use=l&cat=p&typeid=i","cat":284409},{"id":34919,"n":"Fromage frais Petit Yoplait Nature 0%MG - 12x60g","p":1.96,"u":"2,72 €/KG","img":"https://fd13-photos.leclercdrive.fr/image.ashx?id=2811023&use=l&cat=p&typeid=i","cat":315000},{"id":34928,"n":"Bière blonde Falsbourg 4.2%vol. - 10x25cl","p":4.59,"u":"1,84 €/L","img":"https://fd13-photos.leclercdrive.fr/image.ashx?id=2637907&use=l&cat=p&typeid=i","cat":334873},{"id":34952,"n":"Ratatouille à la Provençale NRT 650g","p":3.3,"u":"5,08 €/KG","img":"https://fd13-photos.leclercdrive.fr/image.ashx?id=2771390&use=l&cat=p&typeid=i","cat":312612},{"id":34964,"n":"Eau de source Cristaline 1,5L","p":0.18,"u":"0,12 €/L","img":"https://fd13-photos.leclercdrive.fr/image.ashx?id=2170628&use=l&cat=p&typeid=i","cat":284535},{"id":34973,"n":"Bière Trois Monts Grande réserve 9.5%vol. - 75cl","p":2.77,"u":"3,69 €/L","img":"https://fd13-photos.leclercdrive.fr/image.ashx?id=2548376&use=l&cat=p&typeid=i","cat":334852},{"id":34975,"n":"Bière Cuvée des Trolls Blonde - 7.5%vol. - 75cl","p":5.05,"u":"6,73 €/L","img":"https://fd13-photos.leclercdrive.fr/image.ashx?id=2611083&use=l&cat=p&typeid=i","cat":334872},{"id":34982,"n":"Bûche chèvre Soignon 200g","p":2.25,"u":"11,25 €/KG","img":"https://fd13-photos.leclercdrive.fr/image.ashx?id=2995325&use=l&cat=p&typeid=i","cat":314031},{"id":34999,"n":"Nuggets Croustillant Père Dodu  Poulet x10 - 200g","p":2.24,"u":"11,20 €/KG","img":"https://fd13-photos.leclercdrive.fr/image.ashx?id=2956975&use=l&cat=p&typeid=i","cat":333684},{"id":35006,"n":"Aiguillettes canard Volandrie 210g","p":4.85,"u":"23,10 €/KG","img":"https://fd13-photos.leclercdrive.fr/image.ashx?id=2358351&use=l&cat=p&typeid=i","cat":284339},{"id":35008,"n":"Céréales Special K Kellogg's Nature - 750g","p":5.13,"u":"6,84 €/KG","img":"https://fd13-photos.leclercdrive.fr/image.ashx?id=2586288&use=l&cat=p&typeid=i","cat":309512},{"id":35010,"n":"Mélange safran Ducros 14 doses -  8.4g","p":2.83,"u":"353,75 €/KG","img":"https://fd13-photos.leclercdrive.fr/image.ashx?id=2486590&use=l&cat=p&typeid=i","cat":298297},{"id":35018,"n":"Bouillon de poule Jardin Bio' Bio cube sans huile palme - x8","p":1.39,"u":"17,38 €/KG","img":"https://fd13-photos.leclercdrive.fr/image.ashx?id=2535004&use=l&cat=p&typeid=i","cat":288379},{"id":35023,"n":"Sirop d'agave bio Jardin Bio' 50cl","p":6.44,"u":"12,88 €/L","img":"https://fd13-photos.leclercdrive.fr/image.ashx?id=2747061&use=l&cat=p&typeid=i","cat":287643},{"id":35025,"n":"Infusion bio Jardin Bio' Verveine citronée x20 28g","p":2.22,"u":"79,29 €/KG","img":"https://fd13-photos.leclercdrive.fr/image.ashx?id=2985312&use=l&cat=p&typeid=i","cat":293234},{"id":35026,"n":"Concentré de tomate Jardin Bio Bio Double concentré - 200g","p":1.64,"u":"8,20 €/KG","img":"https://fd13-photos.leclercdrive.fr/image.ashx?id=2535469&use=l&cat=p&typeid=i","cat":288384},{"id":35027,"n":"Dessert fruitier bio Jardin Bio Pomme poire 680g","p":2.67,"u":"3,93 €/KG","img":"https://fd13-photos.leclercdrive.fr/image.ashx?id=2939877&use=l&cat=p&typeid=i","cat":284508},{"id":35031,"n":"Batonnets Fritelle Lay's Goût nature - 80g","p":0.75,"u":"9,38 €/KG","img":"https://fd13-photos.leclercdrive.fr/image.ashx?id=2140635&use=l&cat=p&typeid=i","cat":284449},{"id":35032,"n":"Pur Jus citron vert Jardin Bio Bio 25cl","p":2.21,"u":"8,84 €/L","img":"https://fd13-photos.leclercdrive.fr/image.ashx?id=1934442&use=l&cat=p&typeid=i","cat":288383},{"id":35039,"n":"Dosettes café Plantation Corsé - x48 - 336g","p":4.95,"u":"14,73 €/KG","img":"https://fd13-photos.leclercdrive.fr/image.ashx?id=2622115&use=l&cat=p&typeid=i","cat":293238},{"id":35108,"n":"Bière blonde Affligem 6,7%vol. - 12x25cl","p":9.28,"u":"3,09 €/L","img":"https://fd13-photos.leclercdrive.fr/image.ashx?id=2639405&use=l&cat=p&typeid=i","cat":334852},{"id":35117,"n":"Riste d'aubergines provençale NRT - 650g","p":3.99,"u":"6,14 €/KG","img":"https://fd13-photos.leclercdrive.fr/image.ashx?id=2771387&use=l&cat=p&typeid=i","cat":284441},{"id":35138,"n":"Yaourt SMARTIES Vanille bonbons chocolat 4x120g","p":2.45,"u":"5,10 €/KG","img":"https://fd13-photos.leclercdrive.fr/image.ashx?id=2571038&use=l&cat=p&typeid=i","cat":284414},{"id":35146,"n":"Fromages râpé spécial Pizza  Les Croisés - 125g","p":1.62,"u":"12,96 €/KG","img":"https://fd13-photos.leclercdrive.fr/image.ashx?id=2946175&use=l&cat=p&typeid=i","cat":314035},{"id":35147,"n":"Fromage Cheddar Burger Les Croisés 20 Tranches - 340g","p":1.99,"u":"5,85 €/KG","img":"https://fd13-photos.leclercdrive.fr/image.ashx?id=2946844&use=l&cat=p&typeid=i","cat":314028},{"id":35148,"n":"Fromage Emmental Croque Les Croisés 20 Tranches - 340g","p":2.01,"u":"5,91 €/KG","img":"https://fd13-photos.leclercdrive.fr/image.ashx?id=2946850&use=l&cat=p&typeid=i","cat":314028},{"id":35159,"n":"Croco Haribo Sachet bonbons - 280g","p":1.27,"u":"4,54 €/KG","img":"https://fd13-photos.leclercdrive.fr/image.ashx?id=2446467&use=l&cat=p&typeid=i","cat":304250},{"id":35160,"n":"Croissants Pasquier x16 - 640g","p":3.74,"u":"5,84 €/KG","img":"https://fd13-photos.leclercdrive.fr/image.ashx?id=2853056&use=l&cat=p&typeid=i","cat":296366},{"id":35161,"n":"Bonbon réglisse Ricola Sans sucre - 50g","p":1.64,"u":"32,80 €/KG","img":"https://fd13-photos.leclercdrive.fr/image.ashx?id=2382216&use=l&cat=p&typeid=i","cat":304256},{"id":35173,"n":"Joker Le Fruit Jus multifruits  1,5L","p":2.45,"u":"1,63 €/L","img":"https://fd13-photos.leclercdrive.fr/image.ashx?id=2785727&use=l&cat=p&typeid=i","cat":284917},{"id":35174,"n":"Jus d'orange Joker Le Fruit 1,5L","p":3.29,"u":"2,19 €/L","img":"https://fd13-photos.leclercdrive.fr/image.ashx?id=2785733&use=l&cat=p&typeid=i","cat":284521},{"id":35182,"n":"Boisson énergisante Monster Original - 50cl","p":1.38,"u":"2,76 €/L","img":"https://fd13-photos.leclercdrive.fr/image.ashx?id=2510163&use=l&cat=p&typeid=i","cat":284533},{"id":35183,"n":"Boisson énergisante Monster Original Canette - 4x50cl","p":5.37,"u":"2,69 €/L","img":"https://fd13-photos.leclercdrive.fr/image.ashx?id=2210242&use=l&cat=p&typeid=i","cat":284533},{"id":35185,"n":"Eau aromatisée Volvic Juicy Citronnade - 1,5L","p":1.36,"u":"0,91 €/L","img":"https://fd13-photos.leclercdrive.fr/image.ashx?id=3011008&use=l&cat=p&typeid=i","cat":284537},{"id":35225,"n":"Rillettes Hénaff Pur porc - 3x78g","p":3.72,"u":"15,90 €/KG","img":"https://fd13-photos.leclercdrive.fr/image.ashx?id=2660856&use=l&cat=p&typeid=i","cat":305149},{"id":35229,"n":"Mayonnaise Rustica Recette fouettée - 398g","p":2.13,"u":"5,35 €/KG","img":"https://fd13-photos.leclercdrive.fr/image.ashx?id=1961452&use=l&cat=p&typeid=i","cat":298295},{"id":35230,"n":"Nonnettes de Dijon NRT Orange - 200g","p":3.99,"u":"19,95 €/KG","img":"https://fd13-photos.leclercdrive.fr/image.ashx?id=2622326&use=l&cat=p&typeid=i","cat":284493},{"id":35262,"n":"yaourt aux fruits bifidus activia 0%mg - 12x125g","p":4.75,"u":"3,17 €/KG","img":"https://fd13-photos.leclercdrive.fr/image.ashx?id=2741697&use=l&cat=p&typeid=i","cat":315000},{"id":35274,"n":"Cervelas Supérieur Herta 200g","p":1.68,"u":"8,40 €/KG","img":"https://fd13-photos.leclercdrive.fr/image.ashx?id=2310281&use=l&cat=p&typeid=i","cat":316012},{"id":35285,"n":"Petits muffins Bonne Maman Chocolat - 235g","p":2.39,"u":"10,17 €/KG","img":"https://fd13-photos.leclercdrive.fr/image.ashx?id=2744052&use=l&cat=p&typeid=i","cat":284495},{"id":35290,"n":"Blanc de dinde Tradilège 8 tranches 320g","p":3.45,"u":"10,78 €/KG","img":"https://fd13-photos.leclercdrive.fr/image.ashx?id=2925753&use=l&cat=p&typeid=i","cat":316010},{"id":35296,"n":"Filet poulet Tradilège rôti sans nitrite 4 tranches - 120g","p":1.89,"u":"15,75 €/KG","img":"https://fd13-photos.leclercdrive.fr/image.ashx?id=2989790&use=l&cat=p&typeid=i","cat":316010},{"id":35300,"n":"Jambon supérieur Tradilège À l'étouffée 6 tranches - 240g","p":2.92,"u":"12,17 €/KG","img":"https://fd13-photos.leclercdrive.fr/image.ashx?id=2991521&use=l&cat=p&typeid=i","cat":316009},{"id":35306,"n":"Croûtons Marie-Amélie Ail - 3x100g","p":2.72,"u":"9,07 €/KG","img":"https://fd13-photos.leclercdrive.fr/image.ashx?id=2508030&use=l&cat=p&typeid=i","cat":284464},{"id":35308,"n":"Beurre Tendre Elle&Vire Demi-Sel - 80% MG - 250g","p":2.95,"u":"11,80 €/KG","img":"https://fd13-photos.leclercdrive.fr/image.ashx?id=2604773&use=l&cat=p&typeid=i","cat":284379},{"id":35309,"n":"Beurre Tendre Elle&Vire Doux - 82% MG - 250g","p":2.95,"u":"11,80 €/KG","img":"https://fd13-photos.leclercdrive.fr/image.ashx?id=2765629&use=l&cat=p&typeid=i","cat":284379},{"id":35327,"n":"Miel de Poitou-Charentes  NRT - 375g","p":5.79,"u":"15,44 €/KG","img":"https://fd13-photos.leclercdrive.fr/image.ashx?id=2771396&use=l&cat=p&typeid=i","cat":287643},{"id":35333,"n":"Bain de bouche Sanogyl Multi Protection - 500ml","p":3.3,"u":"6,60 €/L","img":"https://fd13-photos.leclercdrive.fr/image.ashx?id=2638256&use=l&cat=p&typeid=i","cat":284613},{"id":35398,"n":"Eau Micellaire Garnier Peaux Sensibles - 400ml","p":2.82,"u":"7,05 €/L","img":"https://fd13-photos.leclercdrive.fr/image.ashx?id=2926593&use=l&cat=p&typeid=i","cat":284603},{"id":35414,"n":"Lessive en poudre Skip 39 lavages - 2,730kg","p":12.99,"u":"4,76 €/KG","img":"https://fd13-photos.leclercdrive.fr/image.ashx?id=2738242&use=l&cat=p&typeid=i","cat":284642},{"id":35418,"n":"Lingettes Demak'Up Peaux sensibles - x25","p":2.13,"u":"0,09 €/P","img":"https://fd13-photos.leclercdrive.fr/image.ashx?id=2981340&use=l&cat=p&typeid=i","cat":284603},{"id":35450,"n":"Recharge Savon Mains Dettol Aloe Vera Hydratant 250ml","p":2.79,"u":"11,16 €/L","img":"https://fd13-photos.leclercdrive.fr/image.ashx?id=2879134&use=l&cat=p&typeid=i","cat":284597},{"id":35503,"n":"Gel à raser Williams Peaux sensibles 200ml","p":2.54,"u":"12,70 €/L","img":"https://fd13-photos.leclercdrive.fr/image.ashx?id=1966625&use=l&cat=p&typeid=i","cat":284617},{"id":35530,"n":"Mouchoirs en papier Lotus Boîte x1 - 80 mouchoirs","p":1.41,"u":"0,02 €/P","img":"https://fd13-photos.leclercdrive.fr/image.ashx?id=2867368&use=l&cat=p&typeid=i","cat":284638},{"id":35537,"n":"Recharge savon mains Palmolive Antibactérien -  250ml","p":0.63,"u":"2,52 €/L","img":"https://fd13-photos.leclercdrive.fr/image.ashx?id=2833180&use=l&cat=p&typeid=i","cat":284597},{"id":35646,"n":"Bière blonde Falsbourg Canette - 4.2%vol. - 50cl","p":0.69,"u":"1,38 €/L","img":"https://fd13-photos.leclercdrive.fr/image.ashx?id=2637904&use=l&cat=p&typeid=i","cat":334853},{"id":35647,"n":"Bière blonde Falsbourg Canette - 4.2%vol. - 6x33cl","p":2.69,"u":"1,36 €/L","img":"https://fd13-photos.leclercdrive.fr/image.ashx?id=2637913&use=l&cat=p&typeid=i","cat":334853},{"id":35716,"n":"Gourdes Goûters lactés Délisse Vanille - 4x85g","p":1.81,"u":"5,32 €/KG","img":"https://fd13-photos.leclercdrive.fr/image.ashx?id=2681427&use=l&cat=p&typeid=i","cat":284506},{"id":35720,"n":"Barquette chat Sheba Poissons en terrine - 12x85g","p":6.0,"u":"5,88 €/KG","img":"https://fd13-photos.leclercdrive.fr/image.ashx?id=2759637&use=l&cat=p&typeid=i","cat":285286},{"id":35724,"n":"Sac aliment Pictou Lapin - 5kg","p":3.09,"u":"0,62 €/KG","img":"https://fd13-photos.leclercdrive.fr/image.ashx?id=1781321&use=l&cat=p&typeid=i","cat":284677},{"id":35727,"n":"Spécialité au soja nature Nat & Vie - 6x100g","p":1.62,"u":"4,05 €/P","img":"https://fd13-photos.leclercdrive.fr/image.ashx?id=2901452&use=l&cat=p&typeid=i","cat":316071},{"id":35728,"n":"Spécialité au soja Nat & Vie Framboise-passion 4x100g","p":1.42,"u":"3,55 €/KG","img":"https://fd13-photos.leclercdrive.fr/image.ashx?id=2901455&use=l&cat=p&typeid=i","cat":316071},{"id":35729,"n":"Tiramisu Délisse Au café - 4x80g","p":2.49,"u":"7,78 €/KG","img":"https://fd13-photos.leclercdrive.fr/image.ashx?id=2694103&use=l&cat=p&typeid=i","cat":284419},{"id":35730,"n":"Crème dessert Délisse Vanille Billes 3 chocolats 4x117g","p":2.15,"u":"4,59 €/KG","img":"https://fd13-photos.leclercdrive.fr/image.ashx?id=2965503&use=l&cat=p&typeid=i","cat":285041},{"id":35731,"n":"Crème dessert Chocolat Délisse Mix'n croc color 4x120g","p":2.09,"u":"4,35 €/KG","img":"https://fd13-photos.leclercdrive.fr/image.ashx?id=2965506&use=l&cat=p&typeid=i","cat":285041},{"id":35760,"n":"Céréales Miel Pops Kellogg's 620g","p":3.41,"u":"5,50 €/KG","img":"https://fd13-photos.leclercdrive.fr/image.ashx?id=2596952&use=l&cat=p&typeid=i","cat":309513},{"id":35761,"n":"Céréales Frosties Kellogg's 620g","p":3.39,"u":"5,47 €/KG","img":"https://fd13-photos.leclercdrive.fr/image.ashx?id=2589768&use=l&cat=p&typeid=i","cat":309513},{"id":35784,"n":"Bière triple Maredsous Blonde - 10%vol. - 33cl","p":1.96,"u":"5,94 €/L","img":"https://fd13-photos.leclercdrive.fr/image.ashx?id=2371278&use=l&cat=p&typeid=i","cat":334872},{"id":35785,"n":"Bière belge Rince Cochon Fruits rouges - 7.5%vol. - 50cl","p":1.79,"u":"3,58 €/L","img":"https://fd13-photos.leclercdrive.fr/image.ashx?id=1741472&use=l&cat=p&typeid=i","cat":334853},{"id":35788,"n":"Café Soluble Nescafé 200g","p":5.84,"u":"29,20 €/KG","img":"https://fd13-photos.leclercdrive.fr/image.ashx?id=2810627&use=l&cat=p&typeid=i","cat":284843},{"id":35790,"n":"Nettoyant ménager Uni Vert Multi-surfaces 1L","p":1.53,"u":"1,53 €/L","img":"https://fd13-photos.leclercdrive.fr/image.ashx?id=2520837&use=l&cat=p&typeid=i","cat":284907},{"id":35791,"n":"Flammekueche d'Alsace NRT 600g","p":4.35,"u":"7,25 €/KG","img":"https://fd13-photos.leclercdrive.fr/image.ashx?id=2743894&use=l&cat=p&typeid=i","cat":333680},{"id":35811,"n":"Barquette chat Sheba  Boucher en terrine - 12x85g","p":6.15,"u":"6,03 €/KG","img":"https://fd13-photos.leclercdrive.fr/image.ashx?id=2759634&use=l&cat=p&typeid=i","cat":285286},{"id":35815,"n":"Matière grasse St Hubert  Omega 3 - 52% MG - 255g","p":2.09,"u":"8,20 €/KG","img":"https://fd13-photos.leclercdrive.fr/image.ashx?id=2734093&use=l&cat=p&typeid=i","cat":315229},{"id":35816,"n":"Matière grasse St Hubert Omega3 52% MG - demi-sel - 255g","p":2.13,"u":"8,35 €/KG","img":"https://fd13-photos.leclercdrive.fr/image.ashx?id=2734096&use=l&cat=p&typeid=i","cat":315229},{"id":35817,"n":"Mélange de matières grasses Le Fleurier - 53%mg - 510g","p":3.34,"u":"6,55 €/KG","img":"https://fd13-photos.leclercdrive.fr/image.ashx?id=2978023&use=l&cat=p&typeid=i","cat":315229},{"id":35820,"n":"Liquide pour cuisson Rustica végétal - 500ml","p":2.09,"u":"4,18 €/L","img":"https://fd13-photos.leclercdrive.fr/image.ashx?id=2903950&use=l&cat=p&typeid=i","cat":315229},{"id":35825,"n":"Fromage Pavé d'Affinois Original - 200g","p":2.49,"u":"12,45 €/KG","img":"https://fd13-photos.leclercdrive.fr/image.ashx?id=3002078&use=l&cat=p&typeid=i","cat":314033},{"id":35830,"n":"Yaourt La Laitière   Fruits panachés - 8x125g","p":3.78,"u":"3,78 €/KG","img":"https://fd13-photos.leclercdrive.fr/image.ashx?id=2744590&use=l&cat=p&typeid=i","cat":286006},{"id":35833,"n":"Yaourt La Laitière Citron - 4x125g","p":1.94,"u":"3,88 €/KG","img":"https://fd13-photos.leclercdrive.fr/image.ashx?id=2904065&use=l&cat=p&typeid=i","cat":286006},{"id":35838,"n":"Yaourts nature Vrai Bio - 4x125g","p":1.34,"u":"2,68 €/KG","img":"https://fd13-photos.leclercdrive.fr/image.ashx?id=2360707&use=l&cat=p&typeid=i","cat":284409},{"id":35846,"n":"Yaourt à boire Délisse Vanille - 850g","p":1.49,"u":"1,75 €/KG","img":"https://fd13-photos.leclercdrive.fr/image.ashx?id=2775890&use=l&cat=p&typeid=i","cat":284415},{"id":35906,"n":"Gourdes Goûters lactés Délisse Chocolat - 4x85g","p":1.75,"u":"5,15 €/KG","img":"https://fd13-photos.leclercdrive.fr/image.ashx?id=2681424&use=l&cat=p&typeid=i","cat":284506},{"id":35907,"n":"Cassoulet mitonné   William Saurin - 840g","p":3.65,"u":"4,35 €/KG","img":"https://fd13-photos.leclercdrive.fr/image.ashx?id=2890148&use=l&cat=p&typeid=i","cat":284440},{"id":35908,"n":"Cassoulet mitonné   William Saurin - 420g","p":1.87,"u":"4,45 €/KG","img":"https://fd13-photos.leclercdrive.fr/image.ashx?id=2890151&use=l&cat=p&typeid=i","cat":284441},{"id":35918,"n":"Jus de pomme Jafaden A base de concentré - 6x20cl","p":1.32,"u":"1,10 €/L","img":"https://fd13-photos.leclercdrive.fr/image.ashx?id=2949185&use=l&cat=p&typeid=i","cat":284524},{"id":35919,"n":"Jus de raisin Jafaden Briquettes - 6x20cl","p":2.46,"u":"2,05 €/L","img":"https://fd13-photos.leclercdrive.fr/image.ashx?id=2989935&use=l&cat=p&typeid=i","cat":284915},{"id":35921,"n":"Pur jus de pomme Jafaden 1,5L","p":1.48,"u":"0,99 €/L","img":"https://fd13-photos.leclercdrive.fr/image.ashx?id=1936641&use=l&cat=p&typeid=i","cat":284522},{"id":35922,"n":"Bière blonde Forte Extra Strong Canette - 10%vol - 50cl","p":1.19,"u":"2,38 €/L","img":"https://fd13-photos.leclercdrive.fr/image.ashx?id=2928004&use=l&cat=p&typeid=i","cat":334853},{"id":35924,"n":"Cocktail Punch planteur Lagoa 15%vol - 70cl","p":4.29,"u":"6,13 €/L","img":"https://fd13-photos.leclercdrive.fr/image.ashx?id=2958338&use=l&cat=p&typeid=i","cat":284551},{"id":35927,"n":"Cocktail Mojito Lagoa 15%vol - 70cl","p":4.99,"u":"7,13 €/L","img":"https://fd13-photos.leclercdrive.fr/image.ashx?id=2958344&use=l&cat=p&typeid=i","cat":284551},{"id":35955,"n":"Magret de canard Périgord Nos Régions ont du Talent 410g","p":8.99,"u":"21,93 €/KG","img":"https://fd13-photos.leclercdrive.fr/image.ashx?id=2867925&use=l&cat=p&typeid=i","cat":284339},{"id":35979,"n":"Gaufrettes amusantes Nord NRT 175g","p":2.45,"u":"14,00 €/KG","img":"https://fd13-photos.leclercdrive.fr/image.ashx?id=724000&use=l&cat=p&typeid=i","cat":284487},{"id":35995,"n":"Lait de toilette Mots d'Enfants Bio - 250ml","p":2.35,"u":"9,40 €/L","img":"https://fd13-photos.leclercdrive.fr/image.ashx?id=2485080&use=l&cat=p&typeid=i","cat":284741},{"id":36009,"n":"Bâtonnets Trium Vanille Amandes x4 - 314g","p":2.05,"u":"6,53 €/KG","img":"https://fd13-photos.leclercdrive.fr/image.ashx?id=2051813&use=l&cat=p&typeid=i","cat":284265},{"id":36010,"n":"Bâtonnets Trium Vanille chocolat blanc x4 -308g","p":2.59,"u":"8,41 €/KG","img":"https://fd13-photos.leclercdrive.fr/image.ashx?id=1914951&use=l&cat=p&typeid=i","cat":284265},{"id":36039,"n":"Crème légère fluide UHT Délisse 12%mg - 3x20cl","p":1.84,"u":"3,07 €/L","img":"https://fd13-photos.leclercdrive.fr/image.ashx?id=2909392&use=l&cat=p&typeid=i","cat":284381},{"id":36040,"n":"Spécialité laitière UHT Délisse Semi-épaisse 4%mg - 3x20cl","p":2.21,"u":"3,68 €/L","img":"https://fd13-photos.leclercdrive.fr/image.ashx?id=3002599&use=l&cat=p&typeid=i","cat":284381},{"id":36041,"n":"Crème semi-épaisse entière UHT Délisse 30%mg - 3x20cl","p":3.5,"u":"5,83 €/L","img":"https://fd13-photos.leclercdrive.fr/image.ashx?id=2494099&use=l&cat=p&typeid=i","cat":284381},{"id":36042,"n":"Eau minérale Courmayeur 1.5L","p":0.49,"u":"0,33 €/L","img":"https://fd13-photos.leclercdrive.fr/image.ashx?id=2985612&use=l&cat=p&typeid=i","cat":284535},{"id":36124,"n":"Haricots blancs Notre Jardin - 500g","p":1.03,"u":"2,06 €/KG","img":"https://fd13-photos.leclercdrive.fr/image.ashx?id=2988072&use=l&cat=p&typeid=i","cat":312606},{"id":36125,"n":"Haricots blancs Notre Jardin 250g","p":0.85,"u":"3,40 €/KG","img":"https://fd13-photos.leclercdrive.fr/image.ashx?id=2448983&use=l&cat=p&typeid=i","cat":312606},{"id":36131,"n":"Classeur cahier Esquisse Transparent -Polypro- 21x29.7cm","p":1.89,"img":"https://fd13-photos.leclercdrive.fr/image.ashx?id=2727740&use=l&cat=p&typeid=i","cat":284745},{"id":36194,"n":"Dés de jambon Tradilège Maxi format 2x125g","p":2.47,"u":"9,88 €/KG","img":"https://fd13-photos.leclercdrive.fr/image.ashx?id=2970465&use=l&cat=p&typeid=i","cat":316011},{"id":36197,"n":"Truite fumée Landvika Mini tranches - 100g","p":2.64,"u":"26,40 €/KG","img":"https://fd13-photos.leclercdrive.fr/image.ashx?id=2159415&use=l&cat=p&typeid=i","cat":285188},{"id":36198,"n":"Lardons supérieurs Tradilège Fumés maxi format 2x200g","p":3.39,"u":"8,48 €/KG","img":"https://fd13-photos.leclercdrive.fr/image.ashx?id=2921381&use=l&cat=p&typeid=i","cat":316011},{"id":36199,"n":"Bougies Eco+ Blanche x10","p":2.97,"img":"https://fd13-photos.leclercdrive.fr/image.ashx?id=2635547&use=l&cat=p&typeid=i","cat":335913},{"id":36200,"n":"Coton Démaquillant Eco+ Prédécoupé - 200g","p":1.57,"u":"7,85 €/KG","img":"https://fd13-photos.leclercdrive.fr/image.ashx?id=2293441&use=l&cat=p&typeid=i","cat":285593},{"id":36204,"n":"Crème lavante Eco+ Amande miel 750ml","p":1.33,"u":"1,77 €/L","img":"https://fd13-photos.leclercdrive.fr/image.ashx?id=2466145&use=l&cat=p&typeid=i","cat":284597},{"id":36206,"n":"Mousse à raser hydratante Eco+ Peaux normales - 300ml","p":0.85,"u":"2,83 €/L","img":"https://fd13-photos.leclercdrive.fr/image.ashx?id=2422683&use=l&cat=p&typeid=i","cat":284617},{"id":36267,"n":"Noix St Jacques NRT de Normandie - 300g","p":16.95,"u":"56,50 €/KG","img":"https://fd13-photos.leclercdrive.fr/image.ashx?id=1961976&use=l&cat=p&typeid=i","cat":319787},{"id":36268,"n":"Soufflés ExtraTerrestres Tokapi Jambon fromage - 80g","p":0.84,"u":"10,50 €/KG","img":"https://fd13-photos.leclercdrive.fr/image.ashx?id=2922929&use=l&cat=p&typeid=i","cat":284449},{"id":36269,"n":"Soufflés ExtraTerrestres Tokapi Ketchup - 80g","p":0.8,"u":"10,00 €/KG","img":"https://fd13-photos.leclercdrive.fr/image.ashx?id=1915578&use=l&cat=p&typeid=i","cat":284449},{"id":36270,"n":"Soufflés ExtraTerrestres Tokapi Salé - 80g","p":0.79,"u":"9,88 €/KG","img":"https://fd13-photos.leclercdrive.fr/image.ashx?id=1932960&use=l&cat=p&typeid=i","cat":284449},{"id":36308,"n":"Shampooing Nateïs Camomille abricot - 250ml","p":1.39,"u":"5,56 €/L","img":"https://fd13-photos.leclercdrive.fr/image.ashx?id=1886499&use=l&cat=p&typeid=i","cat":284606},{"id":36309,"n":"Shampooing Nateïs Cranberry Huile de jojoba 250ml","p":1.4,"u":"5,60 €/L","img":"https://fd13-photos.leclercdrive.fr/image.ashx?id=1905491&use=l&cat=p&typeid=i","cat":284606},{"id":36310,"n":"Shampooing Nateïs Argile Pamplemousse - 250ml","p":1.39,"u":"5,56 €/L","img":"https://fd13-photos.leclercdrive.fr/image.ashx?id=1962963&use=l&cat=p&typeid=i","cat":284606},{"id":36311,"n":"Shampooing Nateïs Huile d'argan - 250ml","p":1.29,"u":"5,16 €/L","img":"https://fd13-photos.leclercdrive.fr/image.ashx?id=2626796&use=l&cat=p&typeid=i","cat":284606},{"id":36312,"n":"Shampooing Nateïs Henné / Cassis - 250ml","p":1.57,"u":"6,28 €/L","img":"https://fd13-photos.leclercdrive.fr/image.ashx?id=2626793&use=l&cat=p&typeid=i","cat":284606},{"id":36313,"n":"Shampooing extra-doux Nateïs Karité / Huile d'avocat - 250ml","p":1.39,"u":"5,56 €/L","img":"https://fd13-photos.leclercdrive.fr/image.ashx?id=1905494&use=l&cat=p&typeid=i","cat":284606},{"id":36314,"n":"Shampooing Nateïs Fleur de tilleul pomme verte - 250ml","p":1.27,"u":"5,08 €/L","img":"https://fd13-photos.leclercdrive.fr/image.ashx?id=1898913&use=l&cat=p&typeid=i","cat":284606},{"id":36317,"n":"Dessert fruitier pomme Douceur Verger s/sucre 8x100g","p":1.99,"u":"2,49 €/KG","img":"https://fd13-photos.leclercdrive.fr/image.ashx?id=1957093&use=l&cat=p&typeid=i","cat":284416},{"id":36347,"n":"Rondelé aux Noix 125g","p":1.65,"u":"13,20 €/KG","img":"https://fd13-photos.leclercdrive.fr/image.ashx?id=2967732&use=l&cat=p&typeid=i","cat":314029},{"id":36348,"n":"Papier aluminium Alfapac Gaufré - Rouleau 20m","p":3.08,"img":"https://fd13-photos.leclercdrive.fr/image.ashx?id=2870446&use=l&cat=p&typeid=i","cat":334134},{"id":36354,"n":"Crème hydratante Mots d'Enfants Bio visage et corps - 75ml","p":2.19,"u":"29,20 €/L","img":"https://fd13-photos.leclercdrive.fr/image.ashx?id=3015078&use=l&cat=p&typeid=i","cat":284741},{"id":36355,"n":"Compote Douceur du Verger  Pomme Rhubarbe - 4x100g","p":1.28,"u":"3,20 €/KG","img":"https://fd13-photos.leclercdrive.fr/image.ashx?id=2554581&use=l&cat=p&typeid=i","cat":284416},{"id":36356,"n":"Compote Douceur du Verger Pomme Framboise - 4x100g","p":1.46,"u":"3,65 €/KG","img":"https://fd13-photos.leclercdrive.fr/image.ashx?id=2540313&use=l&cat=p&typeid=i","cat":284416},{"id":36388,"n":"Bière ambrée corse Pietra 6° - 6x25cl","p":8.32,"u":"5,55 €/L","img":"https://fd13-photos.leclercdrive.fr/image.ashx?id=3011464&use=l&cat=p&typeid=i","cat":334872},{"id":36394,"n":"Yaourt aromatisé aux Fruits Panachés Frulos - 16x125g","p":3.19,"u":"1,60 €/KG","img":"https://fd13-photos.leclercdrive.fr/image.ashx?id=2799895&use=l&cat=p&typeid=i","cat":286006},{"id":36395,"n":"Yaourt Nature Sucré Yoplait - 12x125g","p":2.72,"u":"1,81 €/KG","img":"https://fd13-photos.leclercdrive.fr/image.ashx?id=2796827&use=l&cat=p&typeid=i","cat":284409},{"id":36396,"n":"Gâteau fourré Mini BN Chocolat 175g","p":1.78,"u":"10,17 €/KG","img":"https://fd13-photos.leclercdrive.fr/image.ashx?id=2746854&use=l&cat=p&typeid=i","cat":284488},{"id":36397,"n":"Biscuits Mini BN Goûter à la fraise - 175g","p":1.9,"u":"10,86 €/KG","img":"https://fd13-photos.leclercdrive.fr/image.ashx?id=2748212&use=l&cat=p&typeid=i","cat":284489},{"id":36399,"n":"Pizza La Pizz Sodebo Chèvre lardons - 470g","p":2.87,"u":"6,11 €/KG","img":"https://fd13-photos.leclercdrive.fr/image.ashx?id=2851494&use=l&cat=p&typeid=i","cat":333679},{"id":36400,"n":"Pizza La Pizz Sodebo 4 fromages - 470g","p":2.87,"u":"6,11 €/KG","img":"https://fd13-photos.leclercdrive.fr/image.ashx?id=2905366&use=l&cat=p&typeid=i","cat":333679},{"id":36401,"n":"Pizza Dolce Sodebo 4 fromaggi - 380g","p":4.26,"u":"11,21 €/KG","img":"https://fd13-photos.leclercdrive.fr/image.ashx?id=2921636&use=l&cat=p&typeid=i","cat":333679},{"id":36402,"n":"Pizza Dolce Sodebo Prosciutto Jambon Mozza - 400g","p":3.5,"u":"8,75 €/KG","img":"https://fd13-photos.leclercdrive.fr/image.ashx?id=2919277&use=l&cat=p&typeid=i","cat":333679},{"id":36404,"n":"Pizza Dolce Sodebo Regina Jambon Champignons 400g","p":3.88,"u":"9,70 €/KG","img":"https://fd13-photos.leclercdrive.fr/image.ashx?id=3008251&use=l&cat=p&typeid=i","cat":333679},{"id":36412,"n":"Compote Douceur du Verger Coupelle pomme - 16x100g","p":3.09,"u":"1,93 €/KG","img":"https://fd13-photos.leclercdrive.fr/image.ashx?id=2663512&use=l&cat=p&typeid=i","cat":284508},{"id":36414,"n":"Compote Douceur du Verger Coupelle pomme - 8x100g","p":1.89,"u":"2,36 €/KG","img":"https://fd13-photos.leclercdrive.fr/image.ashx?id=2663506&use=l&cat=p&typeid=i","cat":284508},{"id":36416,"n":"Compote Douceur du Verger Coupelle pomme rhubarbe -4x100g","p":1.3,"u":"3,25 €/KG","img":"https://fd13-photos.leclercdrive.fr/image.ashx?id=2663521&use=l&cat=p&typeid=i","cat":284508},{"id":36417,"n":"Compote Douceur du Verger Gourdes multivariétés - 4x90g","p":1.69,"u":"4,69 €/KG","img":"https://fd13-photos.leclercdrive.fr/image.ashx?id=2805030&use=l&cat=p&typeid=i","cat":284508},{"id":36418,"n":"Compote Douceur du Verger Gourdes Pomme Poire - 4x90g","p":1.49,"u":"4,14 €/KG","img":"https://fd13-photos.leclercdrive.fr/image.ashx?id=2837054&use=l&cat=p&typeid=i","cat":284508},{"id":36419,"n":"Compote Douceur du Verger Coupelle pomme - 4x100g","p":0.99,"u":"2,48 €/KG","img":"https://fd13-photos.leclercdrive.fr/image.ashx?id=2663524&use=l&cat=p&typeid=i","cat":284508},{"id":36421,"n":"Fromage Petit Livarot NRT AOP  250g","p":4.99,"u":"19,96 €/KG","img":"https://fd13-photos.leclercdrive.fr/image.ashx?id=2070440&use=l&cat=p&typeid=i","cat":329558},{"id":36424,"n":"Brownie P'tit Deli Chocolat noisette 285g","p":1.85,"u":"6,49 €/KG","img":"https://fd13-photos.leclercdrive.fr/image.ashx?id=2658578&use=l&cat=p&typeid=i","cat":294776},{"id":36437,"n":"Friandises pour chien Lydog Assortiment sticks - x15 126g","p":1.33,"u":"10,56 €/KG","img":"https://fd13-photos.leclercdrive.fr/image.ashx?id=1947271&use=l&cat=p&typeid=i","cat":294527},{"id":36438,"n":"Sticks dentaires Lydog Petit chien - x7 110g","p":0.99,"u":"9,00 €/KG","img":"https://fd13-photos.leclercdrive.fr/image.ashx?id=1878604&use=l&cat=p&typeid=i","cat":294527},{"id":36440,"n":"Sticks dentaires Lydog Grand chien - x7 - 270g","p":2.09,"u":"7,74 €/KG","img":"https://fd13-photos.leclercdrive.fr/image.ashx?id=1947274&use=l&cat=p&typeid=i","cat":294527},{"id":36441,"n":"Aiguillettes poulet Tradilège Rôti - 2x75g","p":2.02,"u":"13,47 €/KG","img":"https://fd13-photos.leclercdrive.fr/image.ashx?id=2994375&use=l&cat=p&typeid=i","cat":316011},{"id":36445,"n":"Râpé de jambon Tradilège Fumé - 150g","p":1.79,"u":"11,93 €/KG","img":"https://fd13-photos.leclercdrive.fr/image.ashx?id=2970468&use=l&cat=p&typeid=i","cat":316011},{"id":36454,"n":"Pastilles NRT  Du Bassin de Vichy - 230g","p":0.98,"u":"4,26 €/KG","img":"https://fd13-photos.leclercdrive.fr/image.ashx?id=1646510&use=l&cat=p&typeid=i","cat":304252},{"id":36504,"n":"Pizza La Pizz Sodebo Jambon emmental - 470g","p":2.91,"u":"6,19 €/KG","img":"https://fd13-photos.leclercdrive.fr/image.ashx?id=2886786&use=l&cat=p&typeid=i","cat":333679},{"id":36633,"n":"Glace Cône Nestlé Extrême Crème brulée x6 - 426g","p":3.55,"u":"8,33 €/KG","img":"https://fd13-photos.leclercdrive.fr/image.ashx?id=2831672&use=l&cat=p&typeid=i","cat":284264},{"id":36649,"n":"Infusion Tiséa pomme cannelle 25 sachets 55g","p":1.38,"u":"25,09 €/KG","img":"https://fd13-photos.leclercdrive.fr/image.ashx?id=2469562&use=l&cat=p&typeid=i","cat":293234},{"id":36650,"n":"Barres céréales Bio Village Bio Fraise x6 125g","p":1.79,"u":"14,32 €/KG","img":"https://fd13-photos.leclercdrive.fr/image.ashx?id=2807306&use=l&cat=p&typeid=i","cat":285869},{"id":36651,"n":"Barres céréales Bio Village Bio Chocolat noir x6 125g","p":1.95,"u":"15,60 €/KG","img":"https://fd13-photos.leclercdrive.fr/image.ashx?id=2807309&use=l&cat=p&typeid=i","cat":285869},{"id":36656,"n":"Soupe liquide Liebig  Velouté 10 légumes - Brique 1L","p":1.64,"u":"1,64 €/L","img":"https://fd13-photos.leclercdrive.fr/image.ashx?id=2892133&use=l&cat=p&typeid=i","cat":284462},{"id":36658,"n":"Soupe liquide Liebig  Mouliné 10 légumes - Brique 1L","p":1.7,"u":"1,70 €/L","img":"https://fd13-photos.leclercdrive.fr/image.ashx?id=2651396&use=l&cat=p&typeid=i","cat":284462},{"id":36666,"n":"Miel Languedoc-Roussillon Nos Régions ont du Talent 375g","p":5.99,"u":"15,97 €/KG","img":"https://fd13-photos.leclercdrive.fr/image.ashx?id=2771402&use=l&cat=p&typeid=i","cat":287643},{"id":36672,"n":"Repas Babybio Bio Dinde haricots verts 230g","p":2.08,"u":"9,04 €/KG","img":"https://fd13-photos.leclercdrive.fr/image.ashx?id=2859353&use=l&cat=p&typeid=i","cat":312237},{"id":36682,"n":"Aluminium Elembal Extra 20m","p":2.69,"u":"0,13 €/MT","img":"https://fd13-photos.leclercdrive.fr/image.ashx?id=2940908&use=l&cat=p&typeid=i","cat":334134},{"id":36701,"n":"Taboulé aux tomates  Garbit - 525g","p":2.11,"u":"4,02 €/KG","img":"https://fd13-photos.leclercdrive.fr/image.ashx?id=2901650&use=l&cat=p&typeid=i","cat":325094},{"id":36704,"n":"Sucre en morceaux Daddy Demi-morceaux rond - 750g","p":1.73,"u":"2,31 €/KG","img":"https://fd13-photos.leclercdrive.fr/image.ashx?id=2907947&use=l&cat=p&typeid=i","cat":284502},{"id":36706,"n":"Sucre glace Daddy Sachet 1kg","p":2.94,"u":"2,94 €/KG","img":"https://fd13-photos.leclercdrive.fr/image.ashx?id=2973589&use=l&cat=p&typeid=i","cat":284502},{"id":36710,"n":"Sucre canne Béghin Say Pure - en morceaux - 750g","p":2.47,"u":"3,29 €/KG","img":"https://fd13-photos.leclercdrive.fr/image.ashx?id=2948830&use=l&cat=p&typeid=i","cat":284502},{"id":36711,"n":"Sucre cassonade Béghin Say En poudre - 750g","p":2.47,"u":"3,29 €/KG","img":"https://fd13-photos.leclercdrive.fr/image.ashx?id=2949928&use=l&cat=p&typeid=i","cat":284502},{"id":36720,"n":"Haricots blancs à la tomate 400 g","p":0.75,"u":"1,88 €/KG","img":"https://fd13-photos.leclercdrive.fr/image.ashx?id=2988078&use=l&cat=p&typeid=i","cat":312606},{"id":36721,"n":"Lait chat et chaton Whiskas 3x200ml","p":2.68,"u":"4,47 €/L","img":"https://fd13-photos.leclercdrive.fr/image.ashx?id=2759670&use=l&cat=p&typeid=i","cat":285285},{"id":36756,"n":"Haricots Blancs à la tomate 800g","p":1.08,"u":"1,35 €/KG","img":"https://fd13-photos.leclercdrive.fr/image.ashx?id=2988075&use=l&cat=p&typeid=i","cat":312606},{"id":36811,"n":"Chewing-gum Freedent Fraise 5x10 dragées 70g","p":2.4,"u":"34,29 €/KG","img":"https://fd13-photos.leclercdrive.fr/image.ashx?id=2325485&use=l&cat=p&typeid=i","cat":304251},{"id":36814,"n":"Chewing-gum Freedent Menthe verte boîte 84g","p":2.39,"u":"28,45 €/KG","img":"https://fd13-photos.leclercdrive.fr/image.ashx?id=2024402&use=l&cat=p&typeid=i","cat":304251},{"id":36819,"n":"Chocolat Noir After Eight Fourré Menthe - 300g","p":4.68,"u":"15,60 €/KG","img":"https://fd13-photos.leclercdrive.fr/image.ashx?id=2348782&use=l&cat=p&typeid=i","cat":284499},{"id":36821,"n":"Biscuits M&M's  x10 - 198g","p":2.14,"u":"10,81 €/KG","img":"https://fd13-photos.leclercdrive.fr/image.ashx?id=2148416&use=l&cat=p&typeid=i","cat":284488},{"id":36825,"n":"Tablette chocolat Minis Milka Chocolat au lait - 200g","p":3.76,"u":"18,80 €/KG","img":"https://fd13-photos.leclercdrive.fr/image.ashx?id=2188521&use=l&cat=p&typeid=i","cat":284497},{"id":36835,"n":"Crochets anti-mites Insectivor Lavande 2x3ml","p":1.69,"u":"0,85 €/P","img":"https://fd13-photos.leclercdrive.fr/image.ashx?id=1899690&use=l&cat=p&typeid=i","cat":298368},{"id":36837,"n":"Gel douche Carré Homme Séduction 250ml","p":1.2,"u":"4,80 €/L","img":"https://fd13-photos.leclercdrive.fr/image.ashx?id=2946178&use=l&cat=p&typeid=i","cat":284619},{"id":36847,"n":"Tablette chocolat Milka Chocolat au lait/Oreo - 2x100g","p":3.07,"u":"15,35 €/KG","img":"https://fd13-photos.leclercdrive.fr/image.ashx?id=2382321&use=l&cat=p&typeid=i","cat":284497},{"id":36878,"n":"IGP Côtes de Gascogne moelleux Terrasses d'Autan 11.5% - 75cl","p":3.99,"u":"5,32 €/L","img":"https://fd13-photos.leclercdrive.fr/image.ashx?id=2929870&use=l&cat=p&typeid=i","cat":289557},{"id":36886,"n":"Miel de montagne L'Apiculteur Crémeux - 500g","p":5.44,"u":"10,88 €/KG","img":"https://fd13-photos.leclercdrive.fr/image.ashx?id=2310926&use=l&cat=p&typeid=i","cat":287643},{"id":36903,"n":"Lentilles vertes NRT Du Centre-Val-de-Loire - 500g","p":1.99,"u":"3,98 €/KG","img":"https://fd13-photos.leclercdrive.fr/image.ashx?id=2771399&use=l&cat=p&typeid=i","cat":284430},{"id":36917,"n":"Canistrelli Corse NRT Amandes - 300g","p":3.65,"u":"12,17 €/KG","img":"https://fd13-photos.leclercdrive.fr/image.ashx?id=2622329&use=l&cat=p&typeid=i","cat":284487},{"id":36919,"n":"Rillettes de thon blanc NRT Au sel de Guérande - 125g","p":2.19,"u":"17,52 €/KG","img":"https://fd13-photos.leclercdrive.fr/image.ashx?id=2775451&use=l&cat=p&typeid=i","cat":303867},{"id":36920,"n":"Protège-slips Doulys Ultra-mince - Large - x30","p":0.82,"u":"0,03 €/P","img":"https://fd13-photos.leclercdrive.fr/image.ashx?id=2847967&use=l&cat=p&typeid=i","cat":284625},{"id":36982,"n":"Assortiment biscuits P'tit Déli Boîte en fer - 750g","p":8.4,"u":"11,20 €/KG","img":"https://fd13-photos.leclercdrive.fr/image.ashx?id=2998469&use=l&cat=p&typeid=i","cat":284490},{"id":37030,"n":"Farine suprême Francine 1kg","p":1.71,"u":"1,71 €/KG","img":"https://fd13-photos.leclercdrive.fr/image.ashx?id=2902654&use=l&cat=p&typeid=i","cat":284503},{"id":37031,"n":"Huile d'olive Puget Vierge extra - 1,5L","p":18.55,"u":"12,37 €/L","img":"https://fd13-photos.leclercdrive.fr/image.ashx?id=2144452&use=l&cat=p&typeid=i","cat":284453},{"id":37033,"n":"Douceur Crème balsamique  Rustica - 25cl","p":1.79,"u":"7,16 €/L","img":"https://fd13-photos.leclercdrive.fr/image.ashx?id=2781877&use=l&cat=p&typeid=i","cat":284456},{"id":37049,"n":"Sauce Samourai Amora 255g","p":1.61,"u":"7,16 €/KG","img":"https://fd13-photos.leclercdrive.fr/image.ashx?id=2893838&use=l&cat=p&typeid=i","cat":318431},{"id":37053,"n":"Sucre pure canne Beghin Say Petits morceaux - 1kg","p":3.18,"u":"3,18 €/KG","img":"https://fd13-photos.leclercdrive.fr/image.ashx?id=2949922&use=l&cat=p&typeid=i","cat":284502},{"id":37054,"n":"Sucre pure canne Beghin Say Morceaux - 1kg","p":2.63,"u":"2,63 €/KG","img":"https://fd13-photos.leclercdrive.fr/image.ashx?id=2978688&use=l&cat=p&typeid=i","cat":284502},{"id":37107,"n":"Gel lavant mains Manava Spécial cuisine - 300ml","p":0.99,"u":"3,30 €/L","img":"https://fd13-photos.leclercdrive.fr/image.ashx?id=2355151&use=l&cat=p&typeid=i","cat":284597},{"id":37149,"n":"Cookies Méga pépites P'tit Déli Chocolat noisettes 184g","p":1.51,"u":"8,21 €/KG","img":"https://fd13-photos.leclercdrive.fr/image.ashx?id=2116149&use=l&cat=p&typeid=i","cat":325066},{"id":37198,"n":"Poêlée Notre Jardin Méditerranéenne 750g","p":3.17,"u":"4,23 €/KG","img":"https://fd13-photos.leclercdrive.fr/image.ashx?id=2835029&use=l&cat=p&typeid=i","cat":319823},{"id":37199,"n":"Poêlée Notre Jardin Parisienne 750g","p":2.24,"u":"2,99 €/KG","img":"https://fd13-photos.leclercdrive.fr/image.ashx?id=2865062&use=l&cat=p&typeid=i","cat":319823},{"id":37255,"n":"Céréales Extra Kellogg's Noisettes Caramelisées - 500g","p":3.58,"u":"7,16 €/KG","img":"https://fd13-photos.leclercdrive.fr/image.ashx?id=2736598&use=l&cat=p&typeid=i","cat":309512},{"id":37260,"n":"Boisson au thé Fresh Tea Citron vert - 1,5L","p":1.22,"u":"0,81 €/L","img":"https://fd13-photos.leclercdrive.fr/image.ashx?id=2622257&use=l&cat=p&typeid=i","cat":295019},{"id":37261,"n":"Boisson au thé Fresh Tea Mangue - 1,5L","p":1.24,"u":"0,83 €/L","img":"https://fd13-photos.leclercdrive.fr/image.ashx?id=2622260&use=l&cat=p&typeid=i","cat":295019},{"id":37278,"n":"Orangina Pik Haribo Sachet bonbons acidulés - 250g","p":1.62,"u":"6,48 €/KG","img":"https://fd13-photos.leclercdrive.fr/image.ashx?id=2806090&use=l&cat=p&typeid=i","cat":304250},{"id":37281,"n":"Bonbons Longfizz Lutti 200g","p":1.34,"u":"6,70 €/KG","img":"https://fd13-photos.leclercdrive.fr/image.ashx?id=2962173&use=l&cat=p&typeid=i","cat":304250},{"id":37283,"n":"Compote bio Bio Village Pomme châtaigne - 4x100g","p":1.89,"u":"4,73 €/KG","img":"https://fd13-photos.leclercdrive.fr/image.ashx?id=725380&use=l&cat=p&typeid=i","cat":284416},{"id":37286,"n":"Paëlla royale Marie 900g","p":4.6,"u":"5,11 €/KG","img":"https://fd13-photos.leclercdrive.fr/image.ashx?id=2996770&use=l&cat=p&typeid=i","cat":284254},{"id":37403,"n":"Sachet fraîcheur chien Pedigree  Mixte en sauce - 12x100g","p":5.08,"u":"4,23 €/KG","img":"https://fd13-photos.leclercdrive.fr/image.ashx?id=2870242&use=l&cat=p&typeid=i","cat":284673},{"id":37405,"n":"Foie de morue Connétable MSC Nature - 121g","p":1.74,"u":"14,38 €/KG","img":"https://fd13-photos.leclercdrive.fr/image.ashx?id=2918718&use=l&cat=p&typeid=i","cat":305147},{"id":37417,"n":"Boisson à base de vin rosé  Festalie - 75 cl","p":2.52,"u":"3,36 €/L","img":"https://fd13-photos.leclercdrive.fr/image.ashx?id=2774900&use=l&cat=p&typeid=i","cat":304569},{"id":37428,"n":"Pétillant Festalie sans alcool Framboise - 75cl","p":3.1,"u":"4,13 €/L","img":"https://fd13-photos.leclercdrive.fr/image.ashx?id=2017262&use=l&cat=p&typeid=i","cat":289460},{"id":37436,"n":"Brosse à dents enfant Dentamyl Clignotante - Multicoloris x1","p":1.99,"img":"https://fd13-photos.leclercdrive.fr/image.ashx?id=1953648&use=l&cat=p&typeid=i","cat":288897},{"id":37438,"n":"Papier cuisson Elembal Rouleau 15m","p":1.79,"img":"https://fd13-photos.leclercdrive.fr/image.ashx?id=2824952&use=l&cat=p&typeid=i","cat":334134},{"id":37452,"n":"Lardons de volaille Tradilège Nature 2x75g","p":1.75,"u":"11,67 €/KG","img":"https://fd13-photos.leclercdrive.fr/image.ashx?id=2882355&use=l&cat=p&typeid=i","cat":316011},{"id":37453,"n":"Lardons de volaille Tradilège Fumés 2x75g","p":1.75,"u":"11,67 €/KG","img":"https://fd13-photos.leclercdrive.fr/image.ashx?id=2882358&use=l&cat=p&typeid=i","cat":316011},{"id":37456,"n":"Saucisse fumée Tradilège VPF x3 375g","p":3.18,"u":"8,48 €/KG","img":"https://fd13-photos.leclercdrive.fr/image.ashx?id=2659085&use=l&cat=p&typeid=i","cat":316012},{"id":37467,"n":"Infusion Tiséa Fruits rouges 25 sachets 40g","p":0.92,"u":"23,00 €/KG","img":"https://fd13-photos.leclercdrive.fr/image.ashx?id=2922506&use=l&cat=p&typeid=i","cat":293234},{"id":37468,"n":"Jambon cru Fine Fondante Aoste Sans conservateur - x6 - 100g","p":3.55,"u":"35,50 €/KG","img":"https://fd13-photos.leclercdrive.fr/image.ashx?id=2937172&use=l&cat=p&typeid=i","cat":316007},{"id":37517,"n":"Steack haché boucher Convivial 15% mg - x8 800g","p":10.53,"u":"13,16 €/KG","img":"https://fd13-photos.leclercdrive.fr/image.ashx?id=2960975&use=l&cat=p&typeid=i","cat":319778},{"id":37540,"n":"Compote bébé Bio Village Bio Pomme vanille 4 mois 4x100g","p":1.99,"u":"4,98 €/KG","img":"https://fd13-photos.leclercdrive.fr/image.ashx?id=2704750&use=l&cat=p&typeid=i","cat":312387},{"id":37541,"n":"Compote bébé Bio Village Bio Pomme /Banane 4 mois 4x100g","p":1.89,"u":"4,73 €/KG","img":"https://fd13-photos.leclercdrive.fr/image.ashx?id=2704753&use=l&cat=p&typeid=i","cat":312387},{"id":37542,"n":"Compote bébé Bio Village bio Poire williams - 4 mois -4x100g","p":1.89,"u":"4,73 €/KG","img":"https://fd13-photos.leclercdrive.fr/image.ashx?id=2704747&use=l&cat=p&typeid=i","cat":312387},{"id":37580,"n":"Soupe Régal Soupe Légumes et vermicelles - 1L","p":1.84,"u":"1,84 €/L","img":"https://fd13-photos.leclercdrive.fr/image.ashx?id=2607539&use=l&cat=p&typeid=i","cat":284462},{"id":37593,"n":"Snacks chats Tous mes amis Poulet fromage - 60g","p":0.84,"u":"14,00 €/KG","img":"https://fd13-photos.leclercdrive.fr/image.ashx?id=1947280&use=l&cat=p&typeid=i","cat":285285},{"id":37594,"n":"Snacks chats Tous mes amis Boeuf - 60g","p":0.94,"u":"15,67 €/KG","img":"https://fd13-photos.leclercdrive.fr/image.ashx?id=2046107&use=l&cat=p&typeid=i","cat":285285},{"id":37595,"n":"Snacks chats Tous mes amis Saumon - 60g","p":0.89,"u":"14,83 €/KG","img":"https://fd13-photos.leclercdrive.fr/image.ashx?id=1938588&use=l&cat=p&typeid=i","cat":285285},{"id":37596,"n":"Snacks chats Tous mes amis Contre les boules de poils- 60g","p":0.99,"u":"16,50 €/KG","img":"https://fd13-photos.leclercdrive.fr/image.ashx?id=1947277&use=l&cat=p&typeid=i","cat":285285},{"id":37605,"n":"Protège-slips Doulys Extra fin - Plié - x32","p":1.36,"u":"0,04 €/P","img":"https://fd13-photos.leclercdrive.fr/image.ashx?id=2824757&use=l&cat=p&typeid=i","cat":284625},{"id":37615,"n":"Rasoirs jetables Eco+ x10","p":0.71,"u":"0,07 €/P","img":"https://fd13-photos.leclercdrive.fr/image.ashx?id=2913642&use=l&cat=p&typeid=i","cat":284616},{"id":37623,"n":"Trancetto Balconi Cacao x10 280g","p":1.39,"u":"4,96 €/KG","img":"https://fd13-photos.leclercdrive.fr/image.ashx?id=2878414&use=l&cat=p&typeid=i","cat":284495},{"id":37631,"n":"Sel fin La Baleine 500g","p":0.52,"u":"1,04 €/KG","img":"https://fd13-photos.leclercdrive.fr/image.ashx?id=2681448&use=l&cat=p&typeid=i","cat":284457},{"id":37638,"n":"Plateau de quenelles St Jean 1kg","p":6.1,"u":"6,10 €/KG","img":"https://fd13-photos.leclercdrive.fr/image.ashx?id=2418984&use=l&cat=p&typeid=i","cat":333682},{"id":37654,"n":"Ravioles du Dauphiné St Jean 500g","p":7.45,"u":"14,90 €/KG","img":"https://fd13-photos.leclercdrive.fr/image.ashx?id=2849794&use=l&cat=p&typeid=i","cat":284254},{"id":37659,"n":"Sauce financière Giraudet Pour quenelle - 250g","p":2.75,"u":"11,00 €/KG","img":"https://fd13-photos.leclercdrive.fr/image.ashx?id=2214795&use=l&cat=p&typeid=i","cat":284382},{"id":37660,"n":"Sauce suprême Giraudet Pour quenelle -  250g","p":2.52,"u":"10,08 €/KG","img":"https://fd13-photos.leclercdrive.fr/image.ashx?id=1890670&use=l&cat=p&typeid=i","cat":284382},{"id":37710,"n":"Cidre demi sec fermier Le Brun 4%vol. - 2x75cl","p":5.69,"u":"3,79 €/L","img":"https://fd13-photos.leclercdrive.fr/image.ashx?id=2217587&use=l&cat=p&typeid=i","cat":334880},{"id":37712,"n":"Haricots Verts Cassegrain Extra Fins Cueillis main 390g","p":3.06,"u":"7,85 €/KG","img":"https://fd13-photos.leclercdrive.fr/image.ashx?id=2913025&use=l&cat=p&typeid=i","cat":312606},{"id":37713,"n":"Harissa Phare du Cap Bon Tube - 140g","p":0.74,"u":"5,29 €/KG","img":"https://fd13-photos.leclercdrive.fr/image.ashx?id=2239044&use=l&cat=p&typeid=i","cat":289013},{"id":37714,"n":"Harissa Phare du Cap Bon 140g","p":0.84,"u":"6,00 €/KG","img":"https://fd13-photos.leclercdrive.fr/image.ashx?id=1943910&use=l&cat=p&typeid=i","cat":298298},{"id":37768,"n":"Figues de barbarie 1p","p":0.5,"img":"https://fd13-photos.leclercdrive.fr/image.ashx?id=1628376&use=l&cat=p&typeid=i","cat":284356},{"id":37774,"n":"Recharge Dentamyl Brosse à dents électrique x2","p":6.99,"u":"3,50 €/P","img":"https://fd13-photos.leclercdrive.fr/image.ashx?id=2790967&use=l&cat=p&typeid=i","cat":297133},{"id":37778,"n":"Lait corps Inell Réparateur - 250ml","p":2.33,"u":"9,32 €/L","img":"https://fd13-photos.leclercdrive.fr/image.ashx?id=2691664&use=l&cat=p&typeid=i","cat":325349},{"id":37842,"n":"Thé glacé zéro Fresh Tea  Pêche - 1,5L","p":1.29,"u":"0,86 €/L","img":"https://fd13-photos.leclercdrive.fr/image.ashx?id=2622266&use=l&cat=p&typeid=i","cat":295019},{"id":37843,"n":"100% Pur jus d'orange Jafaden Sans pulpe - 2L","p":3.54,"u":"1,77 €/L","img":"https://fd13-photos.leclercdrive.fr/image.ashx?id=2796052&use=l&cat=p&typeid=i","cat":284521},{"id":37862,"n":"Couches Bébé Eco+ T5 - x52 changes","p":6.94,"u":"0,13 €/P","img":"https://fd13-photos.leclercdrive.fr/image.ashx?id=2842450&use=l&cat=p&typeid=i","cat":284737},{"id":37863,"n":"Compresses stériles Primoplast Ultra-douces x20","p":2.6,"u":"0,13 €/P","img":"https://fd13-photos.leclercdrive.fr/image.ashx?id=2832960&use=l&cat=p&typeid=i","cat":284630},{"id":37864,"n":"Bouchons oreilles Primoplast Mousse x8","p":3.99,"u":"0,50 €/P","img":"https://fd13-photos.leclercdrive.fr/image.ashx?id=2856516&use=l&cat=p&typeid=i","cat":284630},{"id":37875,"n":"Sucre en poudre Beghin Say Extra fin - 750g","p":2.02,"u":"2,69 €/KG","img":"https://fd13-photos.leclercdrive.fr/image.ashx?id=2313882&use=l&cat=p&typeid=i","cat":284502},{"id":38000,"n":"Shampooing douche Petit Manava Pomme-poire - 500ml","p":2.19,"u":"4,38 €/L","img":"https://fd13-photos.leclercdrive.fr/image.ashx?id=2403694&use=l&cat=p&typeid=i","cat":284606},{"id":38022,"n":"Barquette allégée Elle&Vire Doux - 20% MG - 250g","p":1.99,"u":"7,96 €/KG","img":"https://fd13-photos.leclercdrive.fr/image.ashx?id=2763460&use=l&cat=p&typeid=i","cat":284379},{"id":38026,"n":"Soufflés Frites Tokapi Bacon - 80g","p":0.79,"u":"9,88 €/KG","img":"https://fd13-photos.leclercdrive.fr/image.ashx?id=2597028&use=l&cat=p&typeid=i","cat":284449},{"id":38027,"n":"Quinoa gourmand Tipiak 400g","p":2.43,"u":"6,08 €/KG","img":"https://fd13-photos.leclercdrive.fr/image.ashx?id=2640617&use=l&cat=p&typeid=i","cat":284429},{"id":38035,"n":"Shampooing Petit Nateis 2en1 Enfants - 250ml","p":1.35,"u":"5,40 €/L","img":"https://fd13-photos.leclercdrive.fr/image.ashx?id=734189&use=l&cat=p&typeid=i","cat":284606},{"id":38054,"n":"Thé glacé pétillant Liptonic  Ice Tea Pêche - 1,5L","p":2.03,"u":"1,35 €/L","img":"https://fd13-photos.leclercdrive.fr/image.ashx?id=2159598&use=l&cat=p&typeid=i","cat":295019},{"id":38100,"n":"Chocolat en poudre Nesquik Boîte 490g","p":3.68,"u":"7,51 €/KG","img":"https://fd13-photos.leclercdrive.fr/image.ashx?id=3005305&use=l&cat=p&typeid=i","cat":293235},{"id":38220,"n":"Pansements Primoplast Anti-ampoules x6","p":3.15,"img":"https://fd13-photos.leclercdrive.fr/image.ashx?id=2832954&use=l&cat=p&typeid=i","cat":284630},{"id":38226,"n":"Compresses stériles Primoplast Gaze x60","p":4.99,"u":"0,08 €/P","img":"https://fd13-photos.leclercdrive.fr/image.ashx?id=2834181&use=l&cat=p&typeid=i","cat":284630},{"id":38227,"n":"Compresses stériles Primoplast Gaze x10","p":1.3,"u":"0,13 €/P","img":"https://fd13-photos.leclercdrive.fr/image.ashx?id=2856510&use=l&cat=p&typeid=i","cat":284630},{"id":38228,"n":"Vaseline Primoplast Tube 50ml","p":1.47,"u":"29,40 €/L","img":"https://fd13-photos.leclercdrive.fr/image.ashx?id=2856519&use=l&cat=p&typeid=i","cat":284630},{"id":38230,"n":"Mouchoirs blancs 4 plis Caresse Pock kid mouchoirs papier x10","p":1.12,"u":"0,11 €/P","img":"https://fd13-photos.leclercdrive.fr/image.ashx?id=2856687&use=l&cat=p&typeid=i","cat":284638},{"id":38232,"n":"Mouchoirs blancs 3 plis Caresse Boîte décor aléatoire Kids -x60","p":1.75,"u":"0,03 €/P","img":"https://fd13-photos.leclercdrive.fr/image.ashx?id=2814432&use=l&cat=p&typeid=i","cat":284638},{"id":38234,"n":"Dessert - P'tit Brassé Nestlé Banane - dès 6 mois - 4x100g","p":2.17,"u":"5,43 €/KG","img":"https://fd13-photos.leclercdrive.fr/image.ashx?id=2615131&use=l&cat=p&typeid=i","cat":312392},{"id":38235,"n":"Dessert - P'tit Brassé Nestlé Framboise - dès 6 mois - 4x100g","p":1.69,"u":"4,23 €/KG","img":"https://fd13-photos.leclercdrive.fr/image.ashx?id=2604876&use=l&cat=p&typeid=i","cat":312392},{"id":38237,"n":"Dessert - P'tit Brassé Nestlé Poire - dès 6 mois - 4x100g","p":2.17,"u":"5,43 €/KG","img":"https://fd13-photos.leclercdrive.fr/image.ashx?id=2615756&use=l&cat=p&typeid=i","cat":312392},{"id":38238,"n":"Dessert - P'tit Brassé Nestlé Fraise - dès 6 mois - 4x100g","p":1.69,"u":"4,23 €/KG","img":"https://fd13-photos.leclercdrive.fr/image.ashx?id=2510187&use=l&cat=p&typeid=i","cat":312392},{"id":38239,"n":"Dessert - P'tit Brassé Nestlé Myrtille - dès 6 mois - 4x100g","p":2.17,"u":"5,43 €/KG","img":"https://fd13-photos.leclercdrive.fr/image.ashx?id=2583235&use=l&cat=p&typeid=i","cat":312392},{"id":38286,"n":"Bière blonde Paulaner WeissBier 5.5%vol. - 50cl","p":2.04,"u":"4,08 €/L","img":"https://fd13-photos.leclercdrive.fr/image.ashx?id=2354620&use=l&cat=p&typeid=i","cat":334872},{"id":38290,"n":"Bière blonde Tsingtao Chinoise 4,5%vol. - 33cl","p":1.97,"u":"5,97 €/L","img":"https://fd13-photos.leclercdrive.fr/image.ashx?id=2433527&use=l&cat=p&typeid=i","cat":334872},{"id":38297,"n":"Matière grasse St Hubert Omega3 52%mg - demi-sel - 510g","p":3.64,"u":"7,14 €/KG","img":"https://fd13-photos.leclercdrive.fr/image.ashx?id=2734099&use=l&cat=p&typeid=i","cat":315229},{"id":38298,"n":"Matière grasse St Hubert Omega 3 - 52%mg - doux - 510g","p":3.39,"u":"6,65 €/KG","img":"https://fd13-photos.leclercdrive.fr/image.ashx?id=2734108&use=l&cat=p&typeid=i","cat":315229},{"id":38304,"n":"Taboulé Pierre Martinet Au poulet - 300g","p":1.74,"u":"5,80 €/KG","img":"https://fd13-photos.leclercdrive.fr/image.ashx?id=2990529&use=l&cat=p&typeid=i","cat":333657},{"id":38322,"n":"Compote Douceur du Verger Gourdes multivariétés - 20x90g","p":5.95,"u":"3,31 €/KG","img":"https://fd13-photos.leclercdrive.fr/image.ashx?id=2837060&use=l&cat=p&typeid=i","cat":284508},{"id":38342,"n":"Fromage Emmental Entremont Le Dégustation tranchés - 150g","p":2.07,"u":"13,80 €/KG","img":"https://fd13-photos.leclercdrive.fr/image.ashx?id=2951734&use=l&cat=p&typeid=i","cat":314028},{"id":38380,"n":"Rasoir Gillette Proglide Flexball manuel x1","p":11.74,"img":"https://fd13-photos.leclercdrive.fr/image.ashx?id=2682394&use=l&cat=p&typeid=i","cat":284616},{"id":38524,"n":"Tendres perles Blé Tipiak Prêt en 5 min - 350g","p":1.62,"u":"4,63 €/KG","img":"https://fd13-photos.leclercdrive.fr/image.ashx?id=2640614&use=l&cat=p&typeid=i","cat":284429},{"id":38562,"n":"Cône Nestlé Extrême  Vanille de Madagascar x6 - 426g","p":3.42,"u":"8,03 €/KG","img":"https://fd13-photos.leclercdrive.fr/image.ashx?id=3000432&use=l&cat=p&typeid=i","cat":284264},{"id":38563,"n":"Cône Extrême Nestlé Chocolat intense 6x71g","p":3.43,"u":"8,05 €/KG","img":"https://fd13-photos.leclercdrive.fr/image.ashx?id=2353089&use=l&cat=p&typeid=i","cat":284264},{"id":38685,"n":"Actifidus Delisse Nature - 16x125g","p":2.97,"u":"1,49 €/KG","img":"https://fd13-photos.leclercdrive.fr/image.ashx?id=2452675&use=l&cat=p&typeid=i","cat":315000},{"id":38705,"n":"Chocolat Pâtissier Nestlé Dessert - 2x205g","p":5.85,"u":"14,27 €/KG","img":"https://fd13-photos.leclercdrive.fr/image.ashx?id=2959491&use=l&cat=p&typeid=i","cat":285562},{"id":38724,"n":"Madeleines coquilles NRT 330g","p":3.29,"u":"9,97 €/KG","img":"https://fd13-photos.leclercdrive.fr/image.ashx?id=2704903&use=l&cat=p&typeid=i","cat":284492},{"id":38735,"n":"Lait de douche Manava Lait et miel - 250ml","p":0.94,"u":"3,76 €/L","img":"https://fd13-photos.leclercdrive.fr/image.ashx?id=1628283&use=l&cat=p&typeid=i","cat":284594},{"id":38765,"n":"Soda Jean's Cola Cherry Bouteille - 1,5L","p":1.49,"u":"0,99 €/L","img":"https://fd13-photos.leclercdrive.fr/image.ashx?id=2957551&use=l&cat=p&typeid=i","cat":284530},{"id":38773,"n":"Pur jus d'orange Jafaden Avec pulpe - 1,5L","p":3.0,"u":"2,00 €/L","img":"https://fd13-photos.leclercdrive.fr/image.ashx?id=2796058&use=l&cat=p&typeid=i","cat":284521},{"id":38781,"n":"Mouchoirs blancs 4 plis Caresse Boîte mouchoirs papier - x80","p":1.1,"u":"0,01 €/P","img":"https://fd13-photos.leclercdrive.fr/image.ashx?id=2801049&use=l&cat=p&typeid=i","cat":284638},{"id":38786,"n":"Couches Huggies Little Swimmers Taille 2/3 - x20","p":11.99,"u":"0,60 €/P","img":"https://fd13-photos.leclercdrive.fr/image.ashx?id=2844706&use=l&cat=p&typeid=i","cat":290634},{"id":38787,"n":"Huggies® Little Swimmers® Maxipack Taille 5-6 x19","p":11.85,"u":"0,62 €/P","img":"https://fd13-photos.leclercdrive.fr/image.ashx?id=2844709&use=l&cat=p&typeid=i","cat":290634},{"id":38799,"n":"Essuie-tout Mimosa Demi-feuille - x3","p":4.9,"u":"1,63 €/P","img":"https://fd13-photos.leclercdrive.fr/image.ashx?id=2727389&use=l&cat=p&typeid=i","cat":284635},{"id":38800,"n":"Essuie-tout Déco Mimosa Maxi - x3","p":3.85,"u":"1,28 €/P","img":"https://fd13-photos.leclercdrive.fr/image.ashx?id=2727392&use=l&cat=p&typeid=i","cat":284635},{"id":38801,"n":"Déodorant spray Manava Vanille 100ml","p":1.39,"u":"13,90 €/L","img":"https://fd13-photos.leclercdrive.fr/image.ashx?id=2671408&use=l&cat=p&typeid=i","cat":284595},{"id":38802,"n":"Déodorant spray Manava Pierre d'alun/Aloe Vera - 100ml","p":1.44,"u":"14,40 €/L","img":"https://fd13-photos.leclercdrive.fr/image.ashx?id=3013609&use=l&cat=p&typeid=i","cat":284595},{"id":38803,"n":"Déodorant spray grenade Manava A l'huile sauge sclarée - 100ml","p":1.39,"u":"13,90 €/L","img":"https://fd13-photos.leclercdrive.fr/image.ashx?id=2656448&use=l&cat=p&typeid=i","cat":284595},{"id":38804,"n":"Déodorant spray Manava Invisible 100ml","p":1.39,"u":"13,90 €/L","img":"https://fd13-photos.leclercdrive.fr/image.ashx?id=2692958&use=l&cat=p&typeid=i","cat":284595},{"id":38812,"n":"Pains au lait Pasquier x10 - 350g","p":1.4,"u":"4,00 €/KG","img":"https://fd13-photos.leclercdrive.fr/image.ashx?id=2576940&use=l&cat=p&typeid=i","cat":293505},{"id":38857,"n":"Fromage Boursin cuisine Ail & fines herbes - 240g","p":2.47,"u":"10,29 €/KG","img":"https://fd13-photos.leclercdrive.fr/image.ashx?id=2615418&use=l&cat=p&typeid=i","cat":314029},{"id":38868,"n":"Chips ondulées Pom'Lisse Poulet rôti - 135g","p":1.05,"u":"7,78 €/KG","img":"https://fd13-photos.leclercdrive.fr/image.ashx?id=2919625&use=l&cat=p&typeid=i","cat":284447},{"id":38869,"n":"Purée de tomates Turini Saveur basilic - 200g","p":0.79,"u":"3,95 €/KG","img":"https://fd13-photos.leclercdrive.fr/image.ashx?id=2174702&use=l&cat=p&typeid=i","cat":288384},{"id":38922,"n":"Tablette de chocolat noir Lindt Noir : Fleur de sel - 2x100g","p":4.48,"u":"22,40 €/KG","img":"https://fd13-photos.leclercdrive.fr/image.ashx?id=2153264&use=l&cat=p&typeid=i","cat":284956},{"id":38985,"n":"Beurre Grand Fermage  Demi-sel - 80% MG - 250g","p":2.63,"u":"10,52 €/KG","img":"https://fd13-photos.leclercdrive.fr/image.ashx?id=2915569&use=l&cat=p&typeid=i","cat":284379},{"id":39009,"n":"Pain de mie complet Epi d'Or Extra moelleux - 500g","p":1.79,"u":"3,58 €/KG","img":"https://fd13-photos.leclercdrive.fr/image.ashx?id=2860742&use=l&cat=p&typeid=i","cat":284477},{"id":39013,"n":"Ravioles St Jean Label Rouge - 1,8kg","p":19.71,"u":"10,95 €/KG","img":"https://fd13-photos.leclercdrive.fr/image.ashx?id=2732704&use=l&cat=p&typeid=i","cat":284254},{"id":39024,"n":"AOP Entre-deux-mers blanc Cuvée Hortense - 75cl","p":4.95,"u":"6,60 €/L","img":"https://fd13-photos.leclercdrive.fr/image.ashx?id=2516068&use=l&cat=p&typeid=i","cat":289557},{"id":39061,"n":"Film étirable Alfapac Rouleau 35m x 29cm","p":1.55,"img":"https://fd13-photos.leclercdrive.fr/image.ashx?id=2918268&use=l&cat=p&typeid=i","cat":334134},{"id":39067,"n":"Tablettes lave vaisselle Sun Classic x60 - 570g","p":6.95,"u":"12,19 €/KG","img":"https://fd13-photos.leclercdrive.fr/image.ashx?id=2775745&use=l&cat=p&typeid=i","cat":284656},{"id":39068,"n":"Tablettes lave vaisselle Sun Classic citron x40 - 380g","p":5.41,"u":"14,24 €/KG","img":"https://fd13-photos.leclercdrive.fr/image.ashx?id=2831152&use=l&cat=p&typeid=i","cat":284656},{"id":39100,"n":"Rasoirs jetables Bic 3 lames - 2x8","p":6.5,"pp":4.48,"u":"0,28 €/P","img":"https://fd13-photos.leclercdrive.fr/image.ashx?id=2957005&use=l&cat=p&typeid=i","cat":284616},{"id":39107,"n":"Gel lavant Manava Savon de Marseille - 300ml","p":1.06,"u":"3,53 €/L","img":"https://fd13-photos.leclercdrive.fr/image.ashx?id=2935498&use=l&cat=p&typeid=i","cat":284597},{"id":39120,"n":"Eau minérale naturelle Vittel Bouchon sport - 6x75cl","p":2.62,"u":"0,58 €/L","img":"https://fd13-photos.leclercdrive.fr/image.ashx?id=2774478&use=l&cat=p&typeid=i","cat":284535},{"id":39122,"n":"Fromage de chèvre Soignon Bûche Sainte Maure - 300g","p":3.18,"u":"10,60 €/KG","img":"https://fd13-photos.leclercdrive.fr/image.ashx?id=2963331&use=l&cat=p&typeid=i","cat":314031},{"id":39145,"n":"Mouchoirs blancs 4 plis Caresse Etuis x15 - Mentholés","p":1.98,"u":"0,13 €/P","img":"https://fd13-photos.leclercdrive.fr/image.ashx?id=2572996&use=l&cat=p&typeid=i","cat":284638},{"id":39155,"n":"Chips La classique Vico Nature - 6x27,5g","p":1.75,"u":"10,61 €/KG","img":"https://fd13-photos.leclercdrive.fr/image.ashx?id=2917813&use=l&cat=p&typeid=i","cat":284447},{"id":39172,"n":"AOP Cabernet d'Anjou vin rosé Les Caractères - 75cl","p":3.99,"u":"5,32 €/L","img":"https://fd13-photos.leclercdrive.fr/image.ashx?id=2908846&use=l&cat=p&typeid=i","cat":289558},{"id":39182,"n":"Pain de mie 100% Mie Harrys Complet sans croûte Maxi - 650g","p":2.29,"u":"3,52 €/KG","img":"https://fd13-photos.leclercdrive.fr/image.ashx?id=2517438&use=l&cat=p&typeid=i","cat":284477},{"id":39199,"n":"Pizza Turini Cuite sur pierre Campagnarde - 400g","p":2.99,"u":"7,48 €/KG","img":"https://fd13-photos.leclercdrive.fr/image.ashx?id=2816576&use=l&cat=p&typeid=i","cat":284256},{"id":39232,"n":"AOP Champagne rosé Demoiselle Brut Vranken - 75cl","p":27.16,"u":"36,21 €/L","img":"https://fd13-photos.leclercdrive.fr/image.ashx?id=2020254&use=l&cat=p&typeid=i","cat":284542},{"id":39233,"n":"AOP Côtes de Provence rosé Estandon - 75cl","p":5.62,"u":"7,49 €/L","img":"https://fd13-photos.leclercdrive.fr/image.ashx?id=2868966&use=l&cat=p&typeid=i","cat":289558},{"id":39259,"n":"Planteur Jafaden Cocktail sans alcool - 1L","p":2.35,"u":"2,35 €/L","img":"https://fd13-photos.leclercdrive.fr/image.ashx?id=2956726&use=l&cat=p&typeid=i","cat":284916},{"id":39265,"n":"AOC Picpoul de Pinet vin blanc Prieur Barsanne - 75cl","p":4.8,"u":"6,40 €/L","img":"https://fd13-photos.leclercdrive.fr/image.ashx?id=2869796&use=l&cat=p&typeid=i","cat":289557},{"id":39266,"n":"AOP Corse vin rosé Terres Ocrées - 75cl","p":4.99,"u":"6,65 €/L","img":"https://fd13-photos.leclercdrive.fr/image.ashx?id=2865242&use=l&cat=p&typeid=i","cat":289558},{"id":39268,"n":"AOP Bergerac vin blanc sec Terrasses d'Autan - 75cl","p":2.99,"u":"3,99 €/L","img":"https://fd13-photos.leclercdrive.fr/image.ashx?id=2858108&use=l&cat=p&typeid=i","cat":289557},{"id":39270,"n":"AOP Touraine Sauvignon vin Blanc - Les Caractères - 75cl","p":4.99,"u":"6,65 €/L","img":"https://fd13-photos.leclercdrive.fr/image.ashx?id=2699693&use=l&cat=p&typeid=i","cat":289557},{"id":39271,"n":"AOP Alsace Pinot gris  vin blanc Rebmann - 75 cl","p":4.99,"u":"6,65 €/L","img":"https://fd13-photos.leclercdrive.fr/image.ashx?id=2907467&use=l&cat=p&typeid=i","cat":289557},{"id":39272,"n":"AOP Bourgogne Chardonnay vin blanc Antoine Barrier - 75cl","p":6.99,"u":"9,32 €/L","img":"https://fd13-photos.leclercdrive.fr/image.ashx?id=2714983&use=l&cat=p&typeid=i","cat":289557},{"id":39328,"n":"Vin mousseux Kriter Brut 3x20cl","p":4.53,"u":"7,55 €/L","img":"https://fd13-photos.leclercdrive.fr/image.ashx?id=2538509&use=l&cat=p&typeid=i","cat":284544},{"id":39331,"n":"Shampooing Manava Beurre de karité 500ml","p":1.35,"u":"2,70 €/L","img":"https://fd13-photos.leclercdrive.fr/image.ashx?id=1884643&use=l&cat=p&typeid=i","cat":284606},{"id":39332,"n":"Shampooing Manava Cheveux normaux à gras 500ml","p":1.28,"u":"2,56 €/L","img":"https://fd13-photos.leclercdrive.fr/image.ashx?id=1885059&use=l&cat=p&typeid=i","cat":284606},{"id":39338,"n":"Moutarde Savora Amora 385g","p":2.29,"u":"5,95 €/KG","img":"https://fd13-photos.leclercdrive.fr/image.ashx?id=2775685&use=l&cat=p&typeid=i","cat":288850},{"id":39339,"n":"Moutarde Amora Fine & douce - 190g","p":1.64,"u":"8,63 €/KG","img":"https://fd13-photos.leclercdrive.fr/image.ashx?id=2738791&use=l&cat=p&typeid=i","cat":288850},{"id":39376,"n":"Pur jus d'orange Tropicana Sans pulpe - 1,5L","p":3.68,"u":"2,45 €/L","img":"https://fd13-photos.leclercdrive.fr/image.ashx?id=2509637&use=l&cat=p&typeid=i","cat":284521},{"id":39388,"n":"Haricots verts Bio Village Bio - 360g","p":1.89,"u":"5,25 €/KG","img":"https://fd13-photos.leclercdrive.fr/image.ashx?id=3002659&use=l&cat=p&typeid=i","cat":312606},{"id":39389,"n":"Haricots beurre Notre Jardin Extra fins 1kg","p":2.29,"u":"2,29 €/KG","img":"https://fd13-photos.leclercdrive.fr/image.ashx?id=2431134&use=l&cat=p&typeid=i","cat":319805},{"id":39403,"n":"Joker Pur Jus Engagé Orange  sans pulpe - 1L","p":2.63,"u":"2,63 €/L","img":"https://fd13-photos.leclercdrive.fr/image.ashx?id=2984982&use=l&cat=p&typeid=i","cat":284521},{"id":39409,"n":"Biscuits apéritif Lay's 3D's Goût Bacon - 150g","p":1.54,"u":"10,27 €/KG","img":"https://fd13-photos.leclercdrive.fr/image.ashx?id=1567195&use=l&cat=p&typeid=i","cat":284449},{"id":39421,"n":"Jus innocent pomme 900ml","p":2.72,"u":"3,02 €/L","img":"https://fd13-photos.leclercdrive.fr/image.ashx?id=2891703&use=l&cat=p&typeid=i","cat":284354},{"id":39443,"n":"Jus innocent  orange avec pulpe 1.5L","p":3.99,"u":"2,66 €/L","img":"https://fd13-photos.leclercdrive.fr/image.ashx?id=2891223&use=l&cat=p&typeid=i","cat":285435},{"id":39444,"n":"Jus innocent orange avec pulpe 900ml","p":2.75,"u":"3,06 €/L","img":"https://fd13-photos.leclercdrive.fr/image.ashx?id=2891700&use=l&cat=p&typeid=i","cat":285435},{"id":39445,"n":"Confiture Douceur Du Verger Extra myrtilles allegée - 340g","p":1.89,"u":"5,56 €/KG","img":"https://fd13-photos.leclercdrive.fr/image.ashx?id=2965515&use=l&cat=p&typeid=i","cat":284480},{"id":39472,"n":"Mousse aux oeufs Bonne Maman Chocolat au lait - 4x50g","p":2.38,"u":"11,90 €/KG","img":"https://fd13-photos.leclercdrive.fr/image.ashx?id=2571512&use=l&cat=p&typeid=i","cat":284417},{"id":39475,"n":"Barre chocolatée Balisto Fruits des bois - x10 - 185g","p":2.76,"u":"14,92 €/KG","img":"https://fd13-photos.leclercdrive.fr/image.ashx?id=1930983&use=l&cat=p&typeid=i","cat":284498},{"id":39480,"n":"Chips ondulées Pom'Lisse Nature - 6x30g","p":1.57,"u":"8,72 €/KG","img":"https://fd13-photos.leclercdrive.fr/image.ashx?id=2728246&use=l&cat=p&typeid=i","cat":284447},{"id":39482,"n":"Brownie P'tit Déli Chocolat noisette - 240g","p":1.83,"u":"7,63 €/KG","img":"https://fd13-photos.leclercdrive.fr/image.ashx?id=2891779&use=l&cat=p&typeid=i","cat":294776},{"id":39485,"n":"Barre chocolatée Balisto Miel amande - x10 barres - 185g","p":2.95,"u":"15,95 €/KG","img":"https://fd13-photos.leclercdrive.fr/image.ashx?id=1930977&use=l&cat=p&typeid=i","cat":284498},{"id":39497,"n":"Barre chocolatée P'tit Déli Bille de riz - 162g","p":1.5,"u":"9,26 €/KG","img":"https://fd13-photos.leclercdrive.fr/image.ashx?id=2529599&use=l&cat=p&typeid=i","cat":284488},{"id":39498,"n":"Biscottes Epi d'Or Gout brioché x36 - 300g","p":1.51,"u":"5,03 €/KG","img":"https://fd13-photos.leclercdrive.fr/image.ashx?id=2684028&use=l&cat=p&typeid=i","cat":284479},{"id":39502,"n":"Biscuits Cookies P'tit Déli Coeur fondant noisette - 200g","p":1.44,"u":"7,20 €/KG","img":"https://fd13-photos.leclercdrive.fr/image.ashx?id=2577296&use=l&cat=p&typeid=i","cat":325066},{"id":39503,"n":"Chocolat Pâtissier Tablette dOr Praliné - 200g","p":2.15,"u":"10,75 €/KG","img":"https://fd13-photos.leclercdrive.fr/image.ashx?id=2565619&use=l&cat=p&typeid=i","cat":285562},{"id":39507,"n":"Moutarde Rustica Douce - 435g","p":1.39,"u":"3,20 €/KG","img":"https://fd13-photos.leclercdrive.fr/image.ashx?id=2052019&use=l&cat=p&typeid=i","cat":288850},{"id":39509,"n":"Pain au seigle complet Epi d'Or 500g","p":1.83,"u":"3,66 €/KG","img":"https://fd13-photos.leclercdrive.fr/image.ashx?id=1879287&use=l&cat=p&typeid=i","cat":325069},{"id":39511,"n":"Thé lady grey Twinings x20 sachets -  40g","p":2.5,"u":"62,50 €/KG","img":"https://fd13-photos.leclercdrive.fr/image.ashx?id=2875552&use=l&cat=p&typeid=i","cat":293233},{"id":39513,"n":"Soupe Velouté Régal  Poireaux St Jacques - 1L","p":3.8,"u":"3,80 €/L","img":"https://fd13-photos.leclercdrive.fr/image.ashx?id=2800243&use=l&cat=p&typeid=i","cat":284462},{"id":39514,"n":"Soupe Velouté Regal Soupe Cèpes et bolets - 1L","p":2.25,"u":"2,25 €/L","img":"https://fd13-photos.leclercdrive.fr/image.ashx?id=2607545&use=l&cat=p&typeid=i","cat":284462},{"id":39517,"n":"Thé vert Twinings Citron x25 sachets -50g","p":2.28,"u":"45,60 €/KG","img":"https://fd13-photos.leclercdrive.fr/image.ashx?id=2893012&use=l&cat=p&typeid=i","cat":293233},{"id":39521,"n":"Cacahuètes enrobées Tokapi Salées - 150g","p":0.85,"u":"5,67 €/KG","img":"https://fd13-photos.leclercdrive.fr/image.ashx?id=2790525&use=l&cat=p&typeid=i","cat":284448},{"id":39522,"n":"Cacahuètes enrobées Tokapi Bacon - 150g","p":0.85,"u":"5,67 €/KG","img":"https://fd13-photos.leclercdrive.fr/image.ashx?id=2790528&use=l&cat=p&typeid=i","cat":284448},{"id":39523,"n":"Cacahuètes enrobées Tokapi Paprika - 150g","p":0.99,"u":"6,60 €/KG","img":"https://fd13-photos.leclercdrive.fr/image.ashx?id=2790531&use=l&cat=p&typeid=i","cat":284448},{"id":39524,"n":"Cacahuètes enrobées Tokapi Epicées - 150g","p":0.85,"u":"5,67 €/KG","img":"https://fd13-photos.leclercdrive.fr/image.ashx?id=2033239&use=l&cat=p&typeid=i","cat":284448},{"id":39529,"n":"Jus de citron Rustica Sicile - 50cl","p":1.67,"u":"3,34 €/L","img":"https://fd13-photos.leclercdrive.fr/image.ashx?id=2974804&use=l&cat=p&typeid=i","cat":288383},{"id":39530,"n":"Dessert bébé BabyBio Bio 6 mois Pomme / Fraise - 260g","p":1.82,"u":"7,00 €/KG","img":"https://fd13-photos.leclercdrive.fr/image.ashx?id=2827509&use=l&cat=p&typeid=i","cat":312388},{"id":39531,"n":"Compote bébé Babybio Bio 4 mois Pomme / Mangue - 260g","p":1.82,"u":"7,00 €/KG","img":"https://fd13-photos.leclercdrive.fr/image.ashx?id=2827500&use=l&cat=p&typeid=i","cat":312387},{"id":39532,"n":"Repas bébé Bio Babybio - 4 mois Bio Patate douce - 260g","p":2.19,"u":"8,42 €/KG","img":"https://fd13-photos.leclercdrive.fr/image.ashx?id=2837760&use=l&cat=p&typeid=i","cat":312234},{"id":39539,"n":"Tablette chocolat Equador Noir fourré menthe 150g","p":2.25,"u":"15,00 €/KG","img":"https://fd13-photos.leclercdrive.fr/image.ashx?id=2834305&use=l&cat=p&typeid=i","cat":284956},{"id":39545,"n":"Soupe Poule au pot Régal Soupe  Déshydratée - 72g","p":0.84,"u":"11,67 €/KG","img":"https://fd13-photos.leclercdrive.fr/image.ashx?id=2656381&use=l&cat=p&typeid=i","cat":284463},{"id":39548,"n":"Haricots verts Notre Jardin Extra fins - 3x110g","p":1.83,"u":"5,55 €/KG","img":"https://fd13-photos.leclercdrive.fr/image.ashx?id=2472514&use=l&cat=p&typeid=i","cat":312606},{"id":39550,"n":"Sirop d'agave bio Bio Village 345g","p":1.99,"u":"5,77 €/KG","img":"https://fd13-photos.leclercdrive.fr/image.ashx?id=2175777&use=l&cat=p&typeid=i","cat":287643},{"id":39551,"n":"Tablettes pour chien Lydog Boeuf, poulet, agneau - 104g","p":1.22,"u":"11,73 €/KG","img":"https://fd13-photos.leclercdrive.fr/image.ashx?id=1201189&use=l&cat=p&typeid=i","cat":294527},{"id":39554,"n":"Mélange 4 champignons N.Jardin 230g","p":2.57,"u":"11,17 €/KG","img":"https://fd13-photos.leclercdrive.fr/image.ashx?id=2072719&use=l&cat=p&typeid=i","cat":312610},{"id":39555,"n":"Repas bébé bio Babybio - 6 mois Veau / Légumes - 2x200g","p":2.83,"u":"7,08 €/KG","img":"https://fd13-photos.leclercdrive.fr/image.ashx?id=2850545&use=l&cat=p&typeid=i","cat":312236},{"id":39556,"n":"Gaufres liégeoises P'tit Déli Sucrées - 550g","p":2.69,"u":"4,89 €/KG","img":"https://fd13-photos.leclercdrive.fr/image.ashx?id=763752&use=l&cat=p&typeid=i","cat":294777},{"id":39558,"n":"Croquettes chat Tous mes amis Stérilisés - 2kg","p":3.24,"u":"1,62 €/KG","img":"https://fd13-photos.leclercdrive.fr/image.ashx?id=2301490&use=l&cat=p&typeid=i","cat":284680},{"id":39559,"n":"Céréales Jordans Spécial Muesli Fruits et Noix - 750g","p":3.54,"u":"4,72 €/KG","img":"https://fd13-photos.leclercdrive.fr/image.ashx?id=2966770&use=l&cat=p&typeid=i","cat":309512},{"id":39560,"n":"Duo Haricots verts et beurre Notre Jardin - 455g","p":1.99,"u":"4,37 €/KG","img":"https://fd13-photos.leclercdrive.fr/image.ashx?id=2291408&use=l&cat=p&typeid=i","cat":312606},{"id":39561,"n":"Petits pots bio Babybio Carotte boeuf - 8mois 2x200g","p":3.64,"u":"9,10 €/KG","img":"https://fd13-photos.leclercdrive.fr/image.ashx?id=2733286&use=l&cat=p&typeid=i","cat":312236},{"id":39562,"n":"Céréales Bio Jordans Muesli - 500g","p":2.92,"u":"5,84 €/KG","img":"https://fd13-photos.leclercdrive.fr/image.ashx?id=2475897&use=l&cat=p&typeid=i","cat":309512},{"id":39566,"n":"Repas bébé Babynat 6 mois Cabillaud Légumes - 2x200g","p":2.96,"u":"7,40 €/KG","img":"https://fd13-photos.leclercdrive.fr/image.ashx?id=2832008&use=l&cat=p&typeid=i","cat":312235},{"id":39570,"n":"Céréales Jordans Country Crisp 4 Noix - 550g","p":3.22,"u":"5,85 €/KG","img":"https://fd13-photos.leclercdrive.fr/image.ashx?id=2973487&use=l&cat=p&typeid=i","cat":309512},{"id":39616,"n":"Sirop Moulin de Valdonne Fraise - 70cl","p":3.3,"u":"4,71 €/L","img":"https://fd13-photos.leclercdrive.fr/image.ashx?id=2170559&use=l&cat=p&typeid=i","cat":295020},{"id":39617,"n":"Sirop Moulin de Valdonne Menthe - 70cl","p":3.0,"u":"4,29 €/L","img":"https://fd13-photos.leclercdrive.fr/image.ashx?id=2170550&use=l&cat=p&typeid=i","cat":295020},{"id":39621,"n":"Boisson énergisante Red Bull 4x355ml","p":6.22,"u":"4,38 €/L","img":"https://fd13-photos.leclercdrive.fr/image.ashx?id=3011983&use=l&cat=p&typeid=i","cat":284533},{"id":39651,"n":"Sel fin iodé Cérébos Boîte 125g","p":0.55,"u":"4,40 €/KG","img":"https://fd13-photos.leclercdrive.fr/image.ashx?id=2817536&use=l&cat=p&typeid=i","cat":284457},{"id":39686,"n":"Protection incontinence Chorys Homme - Normal - x20","p":5.32,"u":"0,27 €/P","img":"https://fd13-photos.leclercdrive.fr/image.ashx?id=2672936&use=l&cat=p&typeid=i","cat":291514},{"id":39734,"n":"Purée de tomate Panzani Tomacouli basilic - 200g","p":1.18,"u":"5,90 €/KG","img":"https://fd13-photos.leclercdrive.fr/image.ashx?id=2875330&use=l&cat=p&typeid=i","cat":288384},{"id":39735,"n":"Huile Isio 4 Lesieur Stop goutte - 675ml","p":2.61,"u":"3,87 €/L","img":"https://fd13-photos.leclercdrive.fr/image.ashx?id=2916015&use=l&cat=p&typeid=i","cat":284453},{"id":39740,"n":"Tortilla dürüm Antalya 12x30cm","p":3.68,"u":"3,07 €/KG","img":"https://fd13-photos.leclercdrive.fr/image.ashx?id=1594844&use=l&cat=p&typeid=i","cat":288993},{"id":39750,"n":"Confiture Bonne Maman Myrtille cassis 370g","p":2.36,"u":"6,38 €/KG","img":"https://fd13-photos.leclercdrive.fr/image.ashx?id=2963427&use=l&cat=p&typeid=i","cat":284480},{"id":39753,"n":"Préparation de fruits Prune - Lucien Georgelin - 320g","p":2.6,"u":"8,13 €/KG","img":"https://fd13-photos.leclercdrive.fr/image.ashx?id=1638505&use=l&cat=p&typeid=i","cat":284480},{"id":39769,"n":"Préparation de fruits Figues  rouges Lucien Georgelin 320g","p":2.05,"u":"6,41 €/KG","img":"https://fd13-photos.leclercdrive.fr/image.ashx?id=1611755&use=l&cat=p&typeid=i","cat":284480},{"id":39770,"n":"Edulcorant Canderel Pot, poudre 80g","p":2.29,"u":"28,63 €/KG","img":"https://fd13-photos.leclercdrive.fr/image.ashx?id=2811020&use=l&cat=p&typeid=i","cat":324846},{"id":39777,"n":"AOP Crémant d'Alsace Blanc Brut Arthur Metz - 75cl","p":6.9,"u":"9,20 €/L","img":"https://fd13-photos.leclercdrive.fr/image.ashx?id=2422926&use=l&cat=p&typeid=i","cat":284544},{"id":39783,"n":"Liqueur Malibu Coco 18% vol - 1L","p":15.42,"u":"15,42 €/L","img":"https://fd13-photos.leclercdrive.fr/image.ashx?id=2396881&use=l&cat=p&typeid=i","cat":284551},{"id":39827,"n":"Sauce Algerienne Colona 500ml","p":2.95,"u":"5,90 €/L","img":"https://fd13-photos.leclercdrive.fr/image.ashx?id=2687182&use=l&cat=p&typeid=i","cat":318431},{"id":39856,"n":"Sirop Frucci  Citron vert - 75cl","p":3.29,"u":"4,39 €/L","img":"https://fd13-photos.leclercdrive.fr/image.ashx?id=2842307&use=l&cat=p&typeid=i","cat":295020},{"id":39858,"n":"Sirop Frucci Fruits exotiques - 75cl","p":2.65,"u":"3,53 €/L","img":"https://fd13-photos.leclercdrive.fr/image.ashx?id=2842313&use=l&cat=p&typeid=i","cat":295020},{"id":39870,"n":"Jus multifruits Jafaden 4x20cl","p":2.94,"u":"3,68 €/L","img":"https://fd13-photos.leclercdrive.fr/image.ashx?id=2802296&use=l&cat=p&typeid=i","cat":284524},{"id":39871,"n":"Pur jus d'orange Jafaden 4x20cl","p":3.33,"u":"4,16 €/L","img":"https://fd13-photos.leclercdrive.fr/image.ashx?id=2802293&use=l&cat=p&typeid=i","cat":284521},{"id":39872,"n":"Pur jus d'ananas Jafaden 4x20cl","p":3.35,"u":"4,19 €/L","img":"https://fd13-photos.leclercdrive.fr/image.ashx?id=2553333&use=l&cat=p&typeid=i","cat":284524},{"id":39879,"n":"Eau minérale gazeuse Naturelle - 1L","p":0.39,"u":"0,39 €/L","img":"https://fd13-photos.leclercdrive.fr/image.ashx?id=2617210&use=l&cat=p&typeid=i","cat":284536},{"id":39889,"n":"Tendres perles Blé Tipiak Prêt en 4 min - 700g","p":3.28,"u":"4,69 €/KG","img":"https://fd13-photos.leclercdrive.fr/image.ashx?id=2789095&use=l&cat=p&typeid=i","cat":284429},{"id":39894,"n":"Bière blanche Hilbörg 4,5%vol. -  6x25cl","p":3.45,"u":"2,30 €/L","img":"https://fd13-photos.leclercdrive.fr/image.ashx?id=2913706&use=l&cat=p&typeid=i","cat":334878},{"id":39898,"n":"Eau minérale Amanda Calcium magnesium 1,5L","p":0.41,"u":"0,27 €/L","img":"https://fd13-photos.leclercdrive.fr/image.ashx?id=2651786&use=l&cat=p&typeid=i","cat":284535},{"id":39934,"n":"Yaourts à la Grecque Délisse Nature - 8x125g","p":2.15,"u":"2,15 €/KG","img":"https://fd13-photos.leclercdrive.fr/image.ashx?id=2699480&use=l&cat=p&typeid=i","cat":314999},{"id":39942,"n":"Laque Fixation 24H Extrême Dop Vivelle - 250ml","p":3.68,"u":"14,72 €/L","img":"https://fd13-photos.leclercdrive.fr/image.ashx?id=2575624&use=l&cat=p&typeid=i","cat":284609},{"id":39943,"n":"Laque fixation Extra-Forte Dop Vivelle - 250ml","p":3.63,"u":"14,52 €/L","img":"https://fd13-photos.leclercdrive.fr/image.ashx?id=2457236&use=l&cat=p&typeid=i","cat":284609},{"id":39946,"n":"Crème de nuit L'Oréal Paris Revitalift anti-rides - 50ml","p":7.87,"u":"157,40 €/L","img":"https://fd13-photos.leclercdrive.fr/image.ashx?id=2865869&use=l&cat=p&typeid=i","cat":325345},{"id":39947,"n":"Soin de jour L'Oréal Paris Revitalift Anti-rides - 50ml","p":7.72,"u":"154,40 €/L","img":"https://fd13-photos.leclercdrive.fr/image.ashx?id=2851078&use=l&cat=p&typeid=i","cat":325345},{"id":39950,"n":"Yaourts Lait de brebis Délisse Nature - 4x125g","p":2.19,"u":"4,38 €/KG","img":"https://fd13-photos.leclercdrive.fr/image.ashx?id=1872007&use=l&cat=p&typeid=i","cat":314998},{"id":39951,"n":"Crème dessert Délisse Pistache - 4x125g","p":0.89,"u":"1,78 €/KG","img":"https://fd13-photos.leclercdrive.fr/image.ashx?id=2441333&use=l&cat=p&typeid=i","cat":285041},{"id":39952,"n":"Dessert Liégeois Délisse Vanille Chocolat - 8x100g","p":2.09,"u":"2,61 €/KG","img":"https://fd13-photos.leclercdrive.fr/image.ashx?id=1868869&use=l&cat=p&typeid=i","cat":285042},{"id":39953,"n":"crème dessert chocolat danette pop billes 3 chocolats - 4x117g","p":2.41,"u":"5,15 €/KG","img":"https://fd13-photos.leclercdrive.fr/image.ashx?id=2926230&use=l&cat=p&typeid=i","cat":285041},{"id":39954,"n":"Crème dessert vanille Danette  Billes 3 chocolats - 4x117g","p":2.41,"u":"5,15 €/KG","img":"https://fd13-photos.leclercdrive.fr/image.ashx?id=2926227&use=l&cat=p&typeid=i","cat":285041},{"id":39961,"n":"Emiettés de sardines Gastromer Citron - 150g","p":1.99,"pp":1.31,"u":"8,73 €/KG","img":"https://fd13-photos.leclercdrive.fr/image.ashx?id=1605758&use=l&cat=p&typeid=i","cat":285191},{"id":39970,"n":"Poivre noir moulu Ducros N°8 - 38g","p":2.15,"u":"56,58 €/KG","img":"https://fd13-photos.leclercdrive.fr/image.ashx?id=2311051&use=l&cat=p&typeid=i","cat":284457},{"id":39972,"n":"Basilic Ducros 11g","p":1.17,"u":"106,36 €/KG","img":"https://fd13-photos.leclercdrive.fr/image.ashx?id=2559469&use=l&cat=p&typeid=i","cat":298297},{"id":39973,"n":"Plat bébé Blédina 12 mois  Boulghour tomate saumon -2x200g","p":2.56,"u":"6,40 €/KG","img":"https://fd13-photos.leclercdrive.fr/image.ashx?id=2975083&use=l&cat=p&typeid=i","cat":312237},{"id":39974,"n":"Plat bébé Blédina 6 mois  Purée butternut poulet - 2x200g","p":2.58,"u":"6,45 €/KG","img":"https://fd13-photos.leclercdrive.fr/image.ashx?id=2975080&use=l&cat=p&typeid=i","cat":312236},{"id":39988,"n":"Crème de douche Manava Douceur de crème - 250ml","p":1.05,"u":"4,20 €/L","img":"https://fd13-photos.leclercdrive.fr/image.ashx?id=2699282&use=l&cat=p&typeid=i","cat":284594},{"id":39992,"n":"Gel douche Manava Monoï de Polynésie 250ml","p":1.15,"u":"4,60 €/L","img":"https://fd13-photos.leclercdrive.fr/image.ashx?id=2626805&use=l&cat=p&typeid=i","cat":284594},{"id":39994,"n":"Lait douche Manava Fleur d'oranger 250ml","p":1.29,"u":"5,16 €/L","img":"https://fd13-photos.leclercdrive.fr/image.ashx?id=1636782&use=l&cat=p&typeid=i","cat":284594},{"id":39995,"n":"Recharge gel lavant Manava Savon de Marseil. Olive - 250ml","p":0.66,"u":"2,64 €/L","img":"https://fd13-photos.leclercdrive.fr/image.ashx?id=2935501&use=l&cat=p&typeid=i","cat":284597},{"id":40004,"n":"Saucisson Mini Justin Bridou  Bâton de Berger - 100g","p":2.31,"u":"23,10 €/KG","img":"https://fd13-photos.leclercdrive.fr/image.ashx?id=3011440&use=l&cat=p&typeid=i","cat":316006},{"id":40006,"n":"Houmous Extra l'Atelier Blini 175g","p":2.62,"u":"14,97 €/KG","img":"https://fd13-photos.leclercdrive.fr/image.ashx?id=2795093&use=l&cat=p&typeid=i","cat":315999},{"id":40010,"n":"Emiettés de thon chorizo  Gastromer - 150g","p":1.99,"pp":1.31,"u":"8,73 €/KG","img":"https://fd13-photos.leclercdrive.fr/image.ashx?id=2049910&use=l&cat=p&typeid=i","cat":285191},{"id":40027,"n":"Tartinable Thon Cap Océan MSC Fromage Frais Ciboulette - 140g","p":1.88,"u":"13,43 €/KG","img":"https://fd13-photos.leclercdrive.fr/image.ashx?id=2434425&use=l&cat=p&typeid=i","cat":285191},{"id":40033,"n":"Yaourt nature sucré Yoplait - 16x125g","p":3.24,"u":"1,62 €/KG","img":"https://fd13-photos.leclercdrive.fr/image.ashx?id=2796821&use=l&cat=p&typeid=i","cat":284409},{"id":40034,"n":"Menthe Pastille Giffard 24%vol - 70cl","p":11.85,"pp":9.83,"u":"14,04 €/L","img":"https://fd13-photos.leclercdrive.fr/image.ashx?id=2529903&use=l&cat=p&typeid=i","cat":286032},{"id":40046,"n":"Bière blonde triple Chimay 8%vol -  33cl","p":1.75,"u":"5,30 €/L","img":"https://fd13-photos.leclercdrive.fr/image.ashx?id=1758846&use=l&cat=p&typeid=i","cat":334872},{"id":40084,"n":"Blanc de dinde Tradilège 4 tranches 160g","p":2.3,"u":"14,38 €/KG","img":"https://fd13-photos.leclercdrive.fr/image.ashx?id=2994363&use=l&cat=p&typeid=i","cat":316010},{"id":40089,"n":"Gel douche Manava Cranberry myrtille - 250ml","p":1.15,"u":"4,60 €/L","img":"https://fd13-photos.leclercdrive.fr/image.ashx?id=2626802&use=l&cat=p&typeid=i","cat":284594},{"id":40090,"n":"Lait corps Inell Nourrissant - 250ml","p":2.33,"u":"9,32 €/L","img":"https://fd13-photos.leclercdrive.fr/image.ashx?id=2691661&use=l&cat=p&typeid=i","cat":325349},{"id":40094,"n":"Saucissons secs Saint Azay Stick nature 100g","p":1.99,"u":"19,90 €/KG","img":"https://fd13-photos.leclercdrive.fr/image.ashx?id=2474128&use=l&cat=p&typeid=i","cat":316006},{"id":40101,"n":"Saucisson Saint-Azay  Fuet Catalan - 170 g","p":2.09,"u":"12,29 €/KG","img":"https://fd13-photos.leclercdrive.fr/image.ashx?id=2856302&use=l&cat=p&typeid=i","cat":316006},{"id":40102,"n":"Savon de toilette Manava Fleur oranger 100g","p":0.79,"u":"7,90 €/KG","img":"https://fd13-photos.leclercdrive.fr/image.ashx?id=2930048&use=l&cat=p&typeid=i","cat":284597},{"id":40103,"n":"Aiguillettes poulet jaune Volandrie - 210g","p":2.95,"u":"14,05 €/KG","img":"https://fd13-photos.leclercdrive.fr/image.ashx?id=2595930&use=l&cat=p&typeid=i","cat":284336},{"id":40106,"n":"Aiguillettes poulet blanc Volandrie - 210g","p":2.95,"u":"14,05 €/KG","img":"https://fd13-photos.leclercdrive.fr/image.ashx?id=2647883&use=l&cat=p&typeid=i","cat":284336},{"id":40120,"n":"IGP Sel Moulin Le Guérandais Rechargeable - 75g","p":2.83,"u":"37,73 €/KG","img":"https://fd13-photos.leclercdrive.fr/image.ashx?id=2811113&use=l&cat=p&typeid=i","cat":284457},{"id":40122,"n":"AOP Côtes de Provence vin rosé Terres Ocrées - 75cl - 13%","p":4.99,"u":"6,65 €/L","img":"https://fd13-photos.leclercdrive.fr/image.ashx?id=2896895&use=l&cat=p&typeid=i","cat":289558},{"id":40133,"n":"Gaufrettes Paille d'Or LU Framboise - 170g","p":1.85,"u":"10,88 €/KG","img":"https://fd13-photos.leclercdrive.fr/image.ashx?id=2883753&use=l&cat=p&typeid=i","cat":284489},{"id":40134,"n":"Biscottes Heudebert  Nature - 830g","p":3.08,"u":"3,71 €/KG","img":"https://fd13-photos.leclercdrive.fr/image.ashx?id=2473705&use=l&cat=p&typeid=i","cat":284479},{"id":40135,"n":"Biscottes Heudebert  Nature - 300g","p":1.34,"u":"4,47 €/KG","img":"https://fd13-photos.leclercdrive.fr/image.ashx?id=2368291&use=l&cat=p&typeid=i","cat":284479},{"id":40138,"n":"Biscuits Petit Ecolier Chocolat au lait - 150g","p":1.68,"u":"11,20 €/KG","img":"https://fd13-photos.leclercdrive.fr/image.ashx?id=2323844&use=l&cat=p&typeid=i","cat":284488},{"id":40140,"n":"Pain grillé Pelletier Froment - 500g","p":2.01,"u":"4,02 €/KG","img":"https://fd13-photos.leclercdrive.fr/image.ashx?id=3002249&use=l&cat=p&typeid=i","cat":284479},{"id":40142,"n":"Compote Douceur du Verger Coupelle multivariétés -16x100g","p":3.99,"u":"2,49 €/KG","img":"https://fd13-photos.leclercdrive.fr/image.ashx?id=2663533&use=l&cat=p&typeid=i","cat":284508},{"id":40168,"n":"IGP Sel fin Le Guérandais 125g","p":1.78,"u":"14,24 €/KG","img":"https://fd13-photos.leclercdrive.fr/image.ashx?id=2457890&use=l&cat=p&typeid=i","cat":284457},{"id":40169,"n":"IGP Sel fin Le Guérandais  Label rouge - 250g","p":2.22,"u":"8,88 €/KG","img":"https://fd13-photos.leclercdrive.fr/image.ashx?id=2457887&use=l&cat=p&typeid=i","cat":284457},{"id":40180,"n":"Emiettés surimi crabe Gastromer 150g","p":1.99,"pp":1.31,"u":"8,73 €/KG","img":"https://fd13-photos.leclercdrive.fr/image.ashx?id=1605662&use=l&cat=p&typeid=i","cat":285191},{"id":40214,"n":"Sauce Pesto Barilla Basilic et Roquette - 190g","p":1.94,"u":"10,21 €/KG","img":"https://fd13-photos.leclercdrive.fr/image.ashx?id=2457980&use=l&cat=p&typeid=i","cat":287599},{"id":40215,"n":"Petit pot soir Babybio Bio P.pois maïs riz, 6 mois 2x200g","p":2.5,"u":"6,25 €/KG","img":"https://fd13-photos.leclercdrive.fr/image.ashx?id=2827476&use=l&cat=p&typeid=i","cat":312239},{"id":40217,"n":"Petits pots Babybio Bio Légumes jambon - 8mois 2x200g","p":3.47,"u":"8,68 €/KG","img":"https://fd13-photos.leclercdrive.fr/image.ashx?id=2838464&use=l&cat=p&typeid=i","cat":312236},{"id":40278,"n":"Barres glacées Twix  Caramel & Biscuit x6 - 205g","p":2.7,"u":"13,17 €/KG","img":"https://fd13-photos.leclercdrive.fr/image.ashx?id=2906742&use=l&cat=p&typeid=i","cat":284264},{"id":40279,"n":"Jus innocent orange sans pulpe 900ml","p":2.48,"u":"2,76 €/L","img":"https://fd13-photos.leclercdrive.fr/image.ashx?id=2736583&use=l&cat=p&typeid=i","cat":285435},{"id":40303,"n":"Coton Duo Démaquillants Inell Ovale - Aloé véra - Disques x60","p":1.69,"img":"https://fd13-photos.leclercdrive.fr/image.ashx?id=1926957&use=l&cat=p&typeid=i","cat":285593},{"id":40311,"n":"Biscuits cacao P'tit Déli Chocolat noir/blanc - 115g","p":2.0,"u":"17,39 €/KG","img":"https://fd13-photos.leclercdrive.fr/image.ashx?id=2566197&use=l&cat=p&typeid=i","cat":284488},{"id":40312,"n":"Cèpes déshydratés Notre Jardin 40g","p":3.11,"u":"77,75 €/KG","img":"https://fd13-photos.leclercdrive.fr/image.ashx?id=2403276&use=l&cat=p&typeid=i","cat":284352},{"id":40315,"n":"Chips ondulées Pom'Lisse Epicé - 135g","p":1.17,"u":"8,67 €/KG","img":"https://fd13-photos.leclercdrive.fr/image.ashx?id=2919628&use=l&cat=p&typeid=i","cat":284447},{"id":40321,"n":"Bonbons Confiseo Menthe Extrême - 250g","p":1.49,"u":"5,96 €/KG","img":"https://fd13-photos.leclercdrive.fr/image.ashx?id=2934712&use=l&cat=p&typeid=i","cat":304252},{"id":40332,"n":"Bière aromatisée Desperados 5.9%vol. - 20x25cl","p":18.19,"u":"3,64 €/L","img":"https://fd13-photos.leclercdrive.fr/image.ashx?id=2977300&use=l&cat=p&typeid=i","cat":334878},{"id":40336,"n":"Bière blonde Heineken 12x33cl","p":11.3,"u":"2,85 €/L","img":"https://fd13-photos.leclercdrive.fr/image.ashx?id=3008110&use=l&cat=p&typeid=i","cat":334873},{"id":40337,"n":"Morilles déshydratées Notre Jardin pot 30g","p":12.78,"u":"426,00 €/KG","img":"https://fd13-photos.leclercdrive.fr/image.ashx?id=2418332&use=l&cat=p&typeid=i","cat":284352},{"id":40342,"n":"Serviette Tena Lady - Maxi Night - x12","p":5.52,"u":"0,46 €/P","img":"https://fd13-photos.leclercdrive.fr/image.ashx?id=2597232&use=l&cat=p&typeid=i","cat":284628},{"id":40345,"n":"Cotons Démaquillants Demak'Up Original ovale x70","p":1.82,"u":"0,03 €/P","img":"https://fd13-photos.leclercdrive.fr/image.ashx?id=2791458&use=l&cat=p&typeid=i","cat":285593},{"id":40390,"n":"Sauce Sacla'Italia Basilic 345g","p":2.27,"u":"6,58 €/KG","img":"https://fd13-photos.leclercdrive.fr/image.ashx?id=2662150&use=l&cat=p&typeid=i","cat":287599},{"id":40406,"n":"Purée de tomate Sacla'Italia Bio - 680g","p":1.96,"u":"2,88 €/KG","img":"https://fd13-photos.leclercdrive.fr/image.ashx?id=2507071&use=l&cat=p&typeid=i","cat":288384},{"id":40412,"n":"Thon entier Petit Navire Huile de tournesol - 160g","p":1.92,"u":"12,00 €/KG","img":"https://fd13-photos.leclercdrive.fr/image.ashx?id=2523846&use=l&cat=p&typeid=i","cat":303867},{"id":40430,"n":"Plat bébé soir Blédiner 8 mois  Patate douce carotte - 2x200g","p":2.25,"u":"5,63 €/KG","img":"https://fd13-photos.leclercdrive.fr/image.ashx?id=2902969&use=l&cat=p&typeid=i","cat":312239},{"id":40490,"n":"Compote Andros Pomme abricot - 8x100g","p":4.09,"u":"5,11 €/KG","img":"https://fd13-photos.leclercdrive.fr/image.ashx?id=2968097&use=l&cat=p&typeid=i","cat":284416},{"id":40491,"n":"Compotes Andros Pomme poire 8x100g","p":2.75,"u":"3,44 €/KG","img":"https://fd13-photos.leclercdrive.fr/image.ashx?id=2883943&use=l&cat=p&typeid=i","cat":284416},{"id":40494,"n":"Compotes Andros Pomme châtaigne 8x100g","p":2.66,"u":"3,33 €/KG","img":"https://fd13-photos.leclercdrive.fr/image.ashx?id=2988611&use=l&cat=p&typeid=i","cat":284416},{"id":40495,"n":"Gâteau mix max Balconi Cacao 350g","p":1.93,"u":"5,51 €/KG","img":"https://fd13-photos.leclercdrive.fr/image.ashx?id=2878408&use=l&cat=p&typeid=i","cat":284495},{"id":40516,"n":"Compote Douceur du Verger Gourdes multivariétés - 12x90g","p":4.09,"u":"3,79 €/KG","img":"https://fd13-photos.leclercdrive.fr/image.ashx?id=2837051&use=l&cat=p&typeid=i","cat":284508},{"id":40518,"n":"Kit burritos Old El Paso extra doux - 491g","p":4.71,"u":"9,59 €/KG","img":"https://fd13-photos.leclercdrive.fr/image.ashx?id=2759496&use=l&cat=p&typeid=i","cat":288993},{"id":40519,"n":"Kit fajitas Old El Paso extra doux - 478g","p":5.19,"u":"10,86 €/KG","img":"https://fd13-photos.leclercdrive.fr/image.ashx?id=2765405&use=l&cat=p&typeid=i","cat":288993},{"id":40522,"n":"Préparation cassis NRT D'Ile de France - 315g","p":3.77,"u":"11,97 €/KG","img":"https://fd13-photos.leclercdrive.fr/image.ashx?id=2520059&use=l&cat=p&typeid=i","cat":284480},{"id":40573,"n":"Tablette chocolat Milka Chocolat lait/Noisette - 2x100g","p":3.4,"u":"17,00 €/KG","img":"https://fd13-photos.leclercdrive.fr/image.ashx?id=2832422&use=l&cat=p&typeid=i","cat":284497},{"id":40574,"n":"Tablette chocolat Milka Chocolat lait/Riz - 2x100g","p":3.05,"u":"15,25 €/KG","img":"https://fd13-photos.leclercdrive.fr/image.ashx?id=2400448&use=l&cat=p&typeid=i","cat":284497},{"id":40586,"n":"Glaces Yéti Best Of - 8 bâtonnets - 360g","p":3.65,"u":"10,14 €/KG","img":"https://fd13-photos.leclercdrive.fr/image.ashx?id=1921194&use=l&cat=p&typeid=i","cat":285250},{"id":40612,"n":"Fromage de Brebis Etorki  180g","p":3.44,"u":"19,11 €/KG","img":"https://fd13-photos.leclercdrive.fr/image.ashx?id=2702816&use=l&cat=p&typeid=i","cat":329184},{"id":40614,"n":"Miettes de thon Petit Navire Huile de tournesol - 160g","p":2.01,"u":"12,56 €/KG","img":"https://fd13-photos.leclercdrive.fr/image.ashx?id=2519645&use=l&cat=p&typeid=i","cat":303867},{"id":40620,"n":"Jus innocent  orange sans pulpe 1.5L","p":3.59,"u":"2,39 €/L","img":"https://fd13-photos.leclercdrive.fr/image.ashx?id=2889811&use=l&cat=p&typeid=i","cat":285435},{"id":40625,"n":"AOC Fronton vin rosé Terrasses d'Autan - 75cl","p":2.99,"u":"3,99 €/L","img":"https://fd13-photos.leclercdrive.fr/image.ashx?id=2866909&use=l&cat=p&typeid=i","cat":289558},{"id":40631,"n":"Levure Chimique Alsacienne alsa 8 sachets - 88g","p":0.68,"u":"7,73 €/KG","img":"https://fd13-photos.leclercdrive.fr/image.ashx?id=3009335&use=l&cat=p&typeid=i","cat":294686},{"id":40649,"n":"Pansement Primoplast Transparents x40","p":0.99,"u":"0,02 €/P","img":"https://fd13-photos.leclercdrive.fr/image.ashx?id=2832957&use=l&cat=p&typeid=i","cat":284630},{"id":40652,"n":"Jus de cranberry Gayelord Hauser - 75cl","p":3.12,"u":"4,16 €/L","img":"https://fd13-photos.leclercdrive.fr/image.ashx?id=2750441&use=l&cat=p&typeid=i","cat":284915},{"id":40653,"n":"Jus de grenade Gayelord Hauser - 75cl","p":2.86,"u":"3,81 €/L","img":"https://fd13-photos.leclercdrive.fr/image.ashx?id=2923789&use=l&cat=p&typeid=i","cat":284915},{"id":40657,"n":"Gel douche Manava Hypoallergenique - 500ml","p":1.85,"u":"3,70 €/L","img":"https://fd13-photos.leclercdrive.fr/image.ashx?id=2799165&use=l&cat=p&typeid=i","cat":284594},{"id":40666,"n":"Antiseptique Primoplast Spray - 100ml","p":2.4,"u":"24,00 €/L","img":"https://fd13-photos.leclercdrive.fr/image.ashx?id=1724578&use=l&cat=p&typeid=i","cat":284630},{"id":40736,"n":"Saumon fumé Labeyrie Norvège 2 tranches - 75g","p":4.59,"u":"61,20 €/KG","img":"https://fd13-photos.leclercdrive.fr/image.ashx?id=2729905&use=l&cat=p&typeid=i","cat":285188},{"id":40774,"n":"Lingettes nettoyantes La Croix Désinfectant Javel - x 25","p":1.53,"u":"0,06 €/P","img":"https://fd13-photos.leclercdrive.fr/image.ashx?id=2540106&use=l&cat=p&typeid=i","cat":325358},{"id":40776,"n":"Détachant avant lavage K2R  Tâche incrustée mousse  - 400mL","p":2.61,"u":"6,53 €/L","img":"https://fd13-photos.leclercdrive.fr/image.ashx?id=2101177&use=l&cat=p&typeid=i","cat":284651},{"id":40789,"n":"Yaourts à boire Délisse Fraise - 8x100g","p":1.95,"u":"2,44 €/KG","img":"https://fd13-photos.leclercdrive.fr/image.ashx?id=2762504&use=l&cat=p&typeid=i","cat":284415},{"id":40872,"n":"Ecrasé de légumes Florette Pomme de terre carottes 2x200g","p":2.79,"u":"6,98 €/KG","img":"https://fd13-photos.leclercdrive.fr/image.ashx?id=2767696&use=l&cat=p&typeid=i","cat":333665},{"id":40904,"n":"Pesto rosso Turini 190g","p":1.68,"u":"8,84 €/KG","img":"https://fd13-photos.leclercdrive.fr/image.ashx?id=2546257&use=l&cat=p&typeid=i","cat":287599},{"id":40908,"n":"Sauce pizza Tomapizza Panzani aux tomates et origan - 390g","p":1.36,"u":"3,49 €/KG","img":"https://fd13-photos.leclercdrive.fr/image.ashx?id=2744626&use=l&cat=p&typeid=i","cat":288384},{"id":40918,"n":"Litière chats Nullodor 1,5kg","p":4.5,"u":"3,00 €/KG","img":"https://fd13-photos.leclercdrive.fr/image.ashx?id=2288440&use=l&cat=p&typeid=i","cat":284683},{"id":40931,"n":"Whisky Aberlour 12 ans Single Malt Scotch 40% vol 70cl","p":32.52,"u":"46,46 €/L","img":"https://fd13-photos.leclercdrive.fr/image.ashx?id=2999847&use=l&cat=p&typeid=i","cat":284547},{"id":40946,"n":"Whisky Chivas Regal 18 ans Blended Scotch 40% vol - 70cl","p":50.9,"pp":49.4,"u":"70,57 €/L","img":"https://fd13-photos.leclercdrive.fr/image.ashx?id=2884084&use=l&cat=p&typeid=i","cat":284547},{"id":40956,"n":"Whisky Jack Daniel's Single Barrel 70cL","p":35.79,"u":"51,13 €/L","img":"https://fd13-photos.leclercdrive.fr/image.ashx?id=2540013&use=l&cat=p&typeid=i","cat":284547},{"id":40967,"n":"AOP Bourgogne Aligoté vin blanc Antoine Barrier - 75cl","p":6.49,"u":"8,65 €/L","img":"https://fd13-photos.leclercdrive.fr/image.ashx?id=2883011&use=l&cat=p&typeid=i","cat":289557},{"id":40970,"n":"Croûtons Tipiak Fromage sachet - 140g","p":1.81,"u":"12,93 €/KG","img":"https://fd13-photos.leclercdrive.fr/image.ashx?id=2453355&use=l&cat=p&typeid=i","cat":284464},{"id":40988,"n":"Détachant Ace Délicat Système 8+ 2L","p":4.33,"u":"2,17 €/L","img":"https://fd13-photos.leclercdrive.fr/image.ashx?id=2559152&use=l&cat=p&typeid=i","cat":284651},{"id":41002,"n":"Repas fraicheur pour chat Sheba Volaille en sauce - 6x50g","p":2.55,"u":"8,50 €/KG","img":"https://fd13-photos.leclercdrive.fr/image.ashx?id=2888097&use=l&cat=p&typeid=i","cat":285286},{"id":41006,"n":"Biscuits chien Pedigree Markies fourrés - 500g","p":1.74,"u":"3,48 €/KG","img":"https://fd13-photos.leclercdrive.fr/image.ashx?id=2254319&use=l&cat=p&typeid=i","cat":294527},{"id":41009,"n":"Friandises chat Catisfactions Fromage - 60g","p":1.03,"u":"17,17 €/KG","img":"https://fd13-photos.leclercdrive.fr/image.ashx?id=2912608&use=l&cat=p&typeid=i","cat":285285},{"id":41016,"n":"Sachet fraîcheur chat Sheba Poissons en sauce - 4x85g","p":2.26,"u":"6,65 €/KG","img":"https://fd13-photos.leclercdrive.fr/image.ashx?id=2759625&use=l&cat=p&typeid=i","cat":285286},{"id":41018,"n":"Pur jus d'ananas Jafaden Bouteille 1L","p":1.99,"u":"1,99 €/L","img":"https://fd13-photos.leclercdrive.fr/image.ashx?id=2956729&use=l&cat=p&typeid=i","cat":284916},{"id":41019,"n":"Pur jus de raisin Jafaden Bouteille 1L","p":1.54,"u":"1,54 €/L","img":"https://fd13-photos.leclercdrive.fr/image.ashx?id=2860757&use=l&cat=p&typeid=i","cat":284915},{"id":41020,"n":"Pur jus Jafaden Clémentine - 1L","p":1.91,"u":"1,91 €/L","img":"https://fd13-photos.leclercdrive.fr/image.ashx?id=2895786&use=l&cat=p&typeid=i","cat":284915},{"id":41022,"n":"Sachet fraicheur chat Sheba Thon cabillaud en sauce - 6x50g","p":2.65,"u":"8,83 €/KG","img":"https://fd13-photos.leclercdrive.fr/image.ashx?id=2347128&use=l&cat=p&typeid=i","cat":285286},{"id":41078,"n":"Yaourts Savoie Yaourt Fruits jaunes - 6x125g","p":2.75,"u":"3,67 €/KG","img":"https://fd13-photos.leclercdrive.fr/image.ashx?id=2504752&use=l&cat=p&typeid=i","cat":284410},{"id":41079,"n":"Yaourts Savoie Yaourt Fruits rouges - 6x125g","p":2.66,"u":"3,55 €/KG","img":"https://fd13-photos.leclercdrive.fr/image.ashx?id=2504746&use=l&cat=p&typeid=i","cat":284410},{"id":41111,"n":"Confiture Les Recettes Cuites 4 agrumes 320g","p":2.08,"u":"6,50 €/KG","img":"https://fd13-photos.leclercdrive.fr/image.ashx?id=1638433&use=l&cat=p&typeid=i","cat":284480},{"id":41112,"n":"Préparation de fruits Cerises noires Lucien Georgelin 320g","p":2.48,"u":"7,75 €/KG","img":"https://fd13-photos.leclercdrive.fr/image.ashx?id=1638547&use=l&cat=p&typeid=i","cat":284480},{"id":41115,"n":"Pâté de campagne  Lucien Georgelin - 220g","p":2.62,"u":"11,91 €/KG","img":"https://fd13-photos.leclercdrive.fr/image.ashx?id=1623717&use=l&cat=p&typeid=i","cat":305149},{"id":41116,"n":"Confit d'oignons 150g","p":1.37,"u":"9,13 €/KG","img":"https://fd13-photos.leclercdrive.fr/image.ashx?id=1857931&use=l&cat=p&typeid=i","cat":284458},{"id":41117,"n":"Vinaigre de nettoyage Clair Citron - 750ml","p":1.95,"u":"2,60 €/L","img":"https://fd13-photos.leclercdrive.fr/image.ashx?id=2949188&use=l&cat=p&typeid=i","cat":325365},{"id":41147,"n":"Bain de bouche Dentamyl Expert Sensitive - 500ml","p":1.89,"u":"3,78 €/L","img":"https://fd13-photos.leclercdrive.fr/image.ashx?id=2594570&use=l&cat=p&typeid=i","cat":284613},{"id":41161,"n":"Olives Apéritives A la provençale - 250g","p":2.82,"u":"11,28 €/KG","img":"https://fd13-photos.leclercdrive.fr/image.ashx?id=2833699&use=l&cat=p&typeid=i","cat":316002},{"id":41162,"n":"Olives Apéritives Cassées à l'ail - 250g","p":2.82,"u":"11,28 €/KG","img":"https://fd13-photos.leclercdrive.fr/image.ashx?id=2833696&use=l&cat=p&typeid=i","cat":316002},{"id":41171,"n":"Pâté de la fermière Vieilles Lucien Georgelin 220g","p":2.97,"u":"13,50 €/KG","img":"https://fd13-photos.leclercdrive.fr/image.ashx?id=2666069&use=l&cat=p&typeid=i","cat":305149},{"id":41174,"n":"Confiture Les Recettes Cuites Melon 320g","p":1.95,"u":"6,09 €/KG","img":"https://fd13-photos.leclercdrive.fr/image.ashx?id=1638619&use=l&cat=p&typeid=i","cat":284480},{"id":41188,"n":"Captain Morgan Original Spiced Boisson à base de rhum- 70cl","p":12.66,"u":"18,09 €/L","img":"https://fd13-photos.leclercdrive.fr/image.ashx?id=2518403&use=l&cat=p&typeid=i","cat":284551},{"id":41190,"n":"Liqueur de Whisky Jack Daniel's Honey 70cL","p":19.95,"pp":17.95,"u":"25,64 €/L","img":"https://fd13-photos.leclercdrive.fr/image.ashx?id=2973982&use=l&cat=p&typeid=i","cat":286032},{"id":41192,"n":"Absorbeur Aero 360° Rubson Stop humidité - 20m²+1 recharge","p":21.5,"img":"https://fd13-photos.leclercdrive.fr/image.ashx?id=2380955&use=l&cat=p&typeid=i","cat":300576},{"id":41223,"n":"Chips natures paysannes Bret's Au sel de Guérande 250g","p":2.27,"u":"9,08 €/KG","img":"https://fd13-photos.leclercdrive.fr/image.ashx?id=2217651&use=l&cat=p&typeid=i","cat":284447},{"id":41237,"n":"Beurre La Motte Président Doux - 82%mg - 250g","p":3.19,"u":"12,76 €/KG","img":"https://fd13-photos.leclercdrive.fr/image.ashx?id=2896955&use=l&cat=p&typeid=i","cat":284379},{"id":41238,"n":"Beurre La Motte Président Sel de mer - 80% MG - 250g","p":3.19,"u":"12,76 €/KG","img":"https://fd13-photos.leclercdrive.fr/image.ashx?id=2896958&use=l&cat=p&typeid=i","cat":284379},{"id":41240,"n":"Terreau potager Beaux Jours 50L","p":6.99,"u":"0,14 €/L","img":"https://fd13-photos.leclercdrive.fr/image.ashx?id=2162354&use=l&cat=p&typeid=i","cat":335919},{"id":41268,"n":"Croquettes chat  Eco+ Viandes légumes-  2kg","p":2.33,"u":"1,17 €/KG","img":"https://fd13-photos.leclercdrive.fr/image.ashx?id=2932381&use=l&cat=p&typeid=i","cat":284680},{"id":41269,"n":"Croquettes chat Eco+ Poisson, céréales, légumes 2kg","p":2.48,"u":"1,24 €/KG","img":"https://fd13-photos.leclercdrive.fr/image.ashx?id=2970714&use=l&cat=p&typeid=i","cat":284680},{"id":41271,"n":"Croquettes chiens Eco+ Adulte - Boeuf - 10kg","p":9.97,"u":"1,00 €/KG","img":"https://fd13-photos.leclercdrive.fr/image.ashx?id=2368647&use=l&cat=p&typeid=i","cat":284672},{"id":41275,"n":"Croquettes chat Purina One Sterilisé - Poulet - 1,5kg","p":6.95,"u":"4,63 €/KG","img":"https://fd13-photos.leclercdrive.fr/image.ashx?id=2488046&use=l&cat=p&typeid=i","cat":284680},{"id":41278,"n":"Croquettes chiens Eco+ Adulte - Viande -  4kg","p":3.93,"u":"0,98 €/KG","img":"https://fd13-photos.leclercdrive.fr/image.ashx?id=2046986&use=l&cat=p&typeid=i","cat":284672},{"id":41283,"n":"Sachets pour chats Gourmet Multivariétés - 12x85g","p":5.59,"u":"5,48 €/KG","img":"https://fd13-photos.leclercdrive.fr/image.ashx?id=2902343&use=l&cat=p&typeid=i","cat":285286},{"id":41285,"n":"Croquettes chaton Purina One  Junior -Poulet/Céréales - 1,5kg","p":7.33,"u":"4,89 €/KG","img":"https://fd13-photos.leclercdrive.fr/image.ashx?id=2433563&use=l&cat=p&typeid=i","cat":284680},{"id":41286,"n":"Croquettes chat Purina One  Stérilisé Adulte-Saumon/Blé-3kg","p":13.28,"u":"4,43 €/KG","img":"https://fd13-photos.leclercdrive.fr/image.ashx?id=2488049&use=l&cat=p&typeid=i","cat":284680},{"id":41287,"n":"Croquettes chiens Purina One Minis chiens adultes -  1,5kg","p":5.38,"u":"3,59 €/KG","img":"https://fd13-photos.leclercdrive.fr/image.ashx?id=2899674&use=l&cat=p&typeid=i","cat":294526},{"id":41289,"n":"Croquettes chat Purina One Urinary care - Poulet - 450g","p":2.84,"u":"6,31 €/KG","img":"https://fd13-photos.leclercdrive.fr/image.ashx?id=2459940&use=l&cat=p&typeid=i","cat":284680},{"id":41291,"n":"Croquettes chat Purina One Stérilisé Adulte-Boeuf/blé -3kg","p":13.16,"u":"4,39 €/KG","img":"https://fd13-photos.leclercdrive.fr/image.ashx?id=2488043&use=l&cat=p&typeid=i","cat":284680},{"id":41293,"n":"Sachets repas chats Purina One Stérilisés - Saumon Dinde 4x85g","p":2.07,"u":"6,09 €/KG","img":"https://fd13-photos.leclercdrive.fr/image.ashx?id=2902349&use=l&cat=p&typeid=i","cat":285286},{"id":41337,"n":"Lait céréales Blédidej 9 mois Madeleine - 4x250ml","p":3.69,"u":"3,69 €/L","img":"https://fd13-photos.leclercdrive.fr/image.ashx?id=2921052&use=l&cat=p&typeid=i","cat":312226},{"id":41352,"n":"Gommage visage Inell Douceur - 75ml","p":2.0,"u":"26,67 €/L","img":"https://fd13-photos.leclercdrive.fr/image.ashx?id=2686344&use=l&cat=p&typeid=i","cat":284603},{"id":41361,"n":"Croque monsieur Côté Croc Maxi - 2x150g","p":2.49,"u":"8,30 €/KG","img":"https://fd13-photos.leclercdrive.fr/image.ashx?id=2852240&use=l&cat=p&typeid=i","cat":333671},{"id":41364,"n":"Cordon bleu Côté Croc Comté - 200g","p":2.05,"u":"10,25 €/KG","img":"https://fd13-photos.leclercdrive.fr/image.ashx?id=2800240&use=l&cat=p&typeid=i","cat":333683},{"id":41377,"n":"Manchons de poulet Côté Croc Croustillant - 250g","p":2.59,"u":"10,36 €/KG","img":"https://fd13-photos.leclercdrive.fr/image.ashx?id=2843042&use=l&cat=p&typeid=i","cat":333685},{"id":41422,"n":"Fromage à Tartiner St Môret  Nature - 300g","p":3.41,"u":"11,37 €/KG","img":"https://fd13-photos.leclercdrive.fr/image.ashx?id=2755465&use=l&cat=p&typeid=i","cat":314029},{"id":41460,"n":"Pain de mie 100% Mie Harrys Complet sans croûte - 500g","p":1.82,"u":"3,64 €/KG","img":"https://fd13-photos.leclercdrive.fr/image.ashx?id=2731864&use=l&cat=p&typeid=i","cat":284477},{"id":41463,"n":"Autocollants Insectivor Anti-mouches - x4","p":2.54,"u":"0,64 €/P","img":"https://fd13-photos.leclercdrive.fr/image.ashx?id=2606828&use=l&cat=p&typeid=i","cat":298368},{"id":41464,"n":"Purée de tomates Turini Brique 500g","p":0.75,"u":"1,50 €/KG","img":"https://fd13-photos.leclercdrive.fr/image.ashx?id=2729287&use=l&cat=p&typeid=i","cat":288384},{"id":41465,"n":"Cotons Inell Maxi confort x80","p":1.78,"img":"https://fd13-photos.leclercdrive.fr/image.ashx?id=1926969&use=l&cat=p&typeid=i","cat":284636},{"id":41467,"n":"Sauce Pesto Tradizioni d'Italia Rosso - 180g","p":1.82,"u":"10,11 €/KG","img":"https://fd13-photos.leclercdrive.fr/image.ashx?id=2840034&use=l&cat=p&typeid=i","cat":287599},{"id":41478,"n":"Mouchoirs blancs 3 plis Univert Boîte mouchoirs en papier -x100","p":1.55,"u":"0,02 €/P","img":"https://fd13-photos.leclercdrive.fr/image.ashx?id=1960038&use=l&cat=p&typeid=i","cat":284638},{"id":41488,"n":"Sachets Insectivor Anti-mites anti-acariens - x24","p":2.89,"u":"0,12 €/P","img":"https://fd13-photos.leclercdrive.fr/image.ashx?id=2930352&use=l&cat=p&typeid=i","cat":298368},{"id":41491,"n":"Tartines croustillantes Wasa Léger - 270g","p":1.63,"u":"6,04 €/KG","img":"https://fd13-photos.leclercdrive.fr/image.ashx?id=3011851&use=l&cat=p&typeid=i","cat":284479},{"id":41492,"n":"Tartines croustillantes Wasa Fibres - 230g","p":1.54,"u":"6,70 €/KG","img":"https://fd13-photos.leclercdrive.fr/image.ashx?id=3011854&use=l&cat=p&typeid=i","cat":284479},{"id":41493,"n":"Tartines croustillantes Wasa Authentique - 275g","p":1.46,"u":"5,31 €/KG","img":"https://fd13-photos.leclercdrive.fr/image.ashx?id=3011857&use=l&cat=p&typeid=i","cat":284479},{"id":41517,"n":"Couches bébé Mots d'Enfants T6 Douceur - 16kg+ - x58 changes","p":12.75,"img":"https://fd13-photos.leclercdrive.fr/image.ashx?id=2904577&use=l&cat=p&typeid=i","cat":284737},{"id":41524,"n":"Ossau Iraty AOP Istara Fromage de brebis - 180g","p":3.62,"u":"20,11 €/KG","img":"https://fd13-photos.leclercdrive.fr/image.ashx?id=2766193&use=l&cat=p&typeid=i","cat":329184},{"id":41532,"n":"Gressins Tradizioni d'Italia A la turinoise - 250g","p":2.29,"u":"9,16 €/KG","img":"https://fd13-photos.leclercdrive.fr/image.ashx?id=2743918&use=l&cat=p&typeid=i","cat":297000},{"id":41538,"n":"Déodorant Homme Stick Williams Peau Sensible 75ml","p":3.66,"u":"48,80 €/L","img":"https://fd13-photos.leclercdrive.fr/image.ashx?id=2905102&use=l&cat=p&typeid=i","cat":284618},{"id":41551,"n":"Soda Schweppes Saveur Citron - 1,5L","p":1.95,"u":"1,30 €/L","img":"https://fd13-photos.leclercdrive.fr/image.ashx?id=2852417&use=l&cat=p&typeid=i","cat":284532},{"id":41556,"n":"Boisson aux fruits Oasis Orange - 2L","p":2.49,"u":"1,25 €/L","img":"https://fd13-photos.leclercdrive.fr/image.ashx?id=2688653&use=l&cat=p&typeid=i","cat":295018},{"id":41557,"n":"Céréales Cookie Crisp Nestlé 625g","p":3.91,"u":"6,26 €/KG","img":"https://fd13-photos.leclercdrive.fr/image.ashx?id=2927672&use=l&cat=p&typeid=i","cat":309513},{"id":41596,"n":"Chips Lay's Saveur spicy - 130g","p":1.33,"u":"10,23 €/KG","img":"https://fd13-photos.leclercdrive.fr/image.ashx?id=3011131&use=l&cat=p&typeid=i","cat":284447},{"id":41602,"n":"Fond d'artichauts Eco + 210g","p":1.75,"u":"8,33 €/KG","img":"https://fd13-photos.leclercdrive.fr/image.ashx?id=2822917&use=l&cat=p&typeid=i","cat":312611},{"id":41603,"n":"Coeurs d'artichauts Eco + 240g","p":1.6,"u":"6,67 €/KG","img":"https://fd13-photos.leclercdrive.fr/image.ashx?id=2946154&use=l&cat=p&typeid=i","cat":312611},{"id":41606,"n":"Artichauts Tradizioni d'Italia  Demi coeurs - 280g","p":3.89,"u":"13,89 €/KG","img":"https://fd13-photos.leclercdrive.fr/image.ashx?id=2840040&use=l&cat=p&typeid=i","cat":312611},{"id":41625,"n":"Tomates Tradizioni d'Italia Séchées à huile d'olive - 270g","p":3.49,"u":"12,93 €/KG","img":"https://fd13-photos.leclercdrive.fr/image.ashx?id=2840037&use=l&cat=p&typeid=i","cat":284458},{"id":41647,"n":"AOP Alsace Gewurztraminer   vin blanc Rebmann - 75 cl","p":5.99,"u":"7,99 €/L","img":"https://fd13-photos.leclercdrive.fr/image.ashx?id=2836322&use=l&cat=p&typeid=i","cat":289557},{"id":41691,"n":"AOP Cabernet d'Anjou BIO vin  rosé Les Caractères - 75cl","p":4.99,"u":"6,65 €/L","img":"https://fd13-photos.leclercdrive.fr/image.ashx?id=2946871&use=l&cat=p&typeid=i","cat":289558},{"id":41700,"n":"Sauce Tomate Cuisinée Heinz Ail & Oignon - 520g","p":1.37,"u":"2,63 €/KG","img":"https://fd13-photos.leclercdrive.fr/image.ashx?id=2950849&use=l&cat=p&typeid=i","cat":288384},{"id":41742,"n":"Eau minérale Courmayeur 6x1L","p":2.38,"u":"0,40 €/L","img":"https://fd13-photos.leclercdrive.fr/image.ashx?id=2947216&use=l&cat=p&typeid=i","cat":284535},{"id":41754,"n":"IGP Mortadelle Bologna Montorsi I Freshi - 120g","p":2.38,"u":"19,83 €/KG","img":"https://fd13-photos.leclercdrive.fr/image.ashx?id=2525852&use=l&cat=p&typeid=i","cat":316009},{"id":41797,"n":"Sauce Barbecue Heinz Classic - 480g","p":2.01,"u":"4,19 €/KG","img":"https://fd13-photos.leclercdrive.fr/image.ashx?id=2928351&use=l&cat=p&typeid=i","cat":318431},{"id":41800,"n":"Mayonnaise Fine & Douce Lesieur 475g","p":2.25,"u":"4,74 €/KG","img":"https://fd13-photos.leclercdrive.fr/image.ashx?id=2918541&use=l&cat=p&typeid=i","cat":298295},{"id":41803,"n":"Asperges vertes d'aucy  21,2cl","p":2.02,"u":"20,20 €/KG","img":"https://fd13-photos.leclercdrive.fr/image.ashx?id=2597723&use=l&cat=p&typeid=i","cat":312611},{"id":41806,"n":"Ketchup nature Amora 850g","p":2.28,"u":"2,68 €/KG","img":"https://fd13-photos.leclercdrive.fr/image.ashx?id=2589690&use=l&cat=p&typeid=i","cat":284455},{"id":41819,"n":"Sauce Andalouse Heinz - 220g","p":1.73,"u":"7,86 €/KG","img":"https://fd13-photos.leclercdrive.fr/image.ashx?id=2973327&use=l&cat=p&typeid=i","cat":318431},{"id":41823,"n":"Sauce barbecue/miel Amora 282g","p":1.57,"u":"5,57 €/KG","img":"https://fd13-photos.leclercdrive.fr/image.ashx?id=2654188&use=l&cat=p&typeid=i","cat":318431},{"id":41833,"n":"AOC Bourgogne Chardonnay vin  blanc Antoine Barrier - 37,5cl","p":4.25,"u":"11,33 €/L","img":"https://fd13-photos.leclercdrive.fr/image.ashx?id=2677095&use=l&cat=p&typeid=i","cat":289557},{"id":41834,"n":"AOC Bandol vin rosé Terres Ocrées - 75cl","p":7.49,"u":"9,99 €/L","img":"https://fd13-photos.leclercdrive.fr/image.ashx?id=2900151&use=l&cat=p&typeid=i","cat":289558},{"id":41836,"n":"AOP Bergerac vin rouge Terrasses d'Autan - 75cl","p":2.99,"u":"3,99 €/L","img":"https://fd13-photos.leclercdrive.fr/image.ashx?id=2709695&use=l&cat=p&typeid=i","cat":289556},{"id":41837,"n":"AOC Alsace Riesling Prestique vin blanc Rebmann - 75 cl","p":6.99,"u":"9,32 €/L","img":"https://fd13-photos.leclercdrive.fr/image.ashx?id=2745481&use=l&cat=p&typeid=i","cat":289557},{"id":41838,"n":"AOP Alsace Sylvaner  vin blanc Rebmann - 75 cl","p":4.49,"u":"5,99 €/L","img":"https://fd13-photos.leclercdrive.fr/image.ashx?id=2717355&use=l&cat=p&typeid=i","cat":289557},{"id":41841,"n":"AOP Bordeaux vin rouge Chantet Blanet - 75cl","p":2.89,"u":"3,85 €/L","img":"https://fd13-photos.leclercdrive.fr/image.ashx?id=2741285&use=l&cat=p&typeid=i","cat":289556},{"id":41846,"n":"Compotes Andros Panachés 16x100g","p":4.82,"u":"3,01 €/KG","img":"https://fd13-photos.leclercdrive.fr/image.ashx?id=2921343&use=l&cat=p&typeid=i","cat":284416},{"id":41852,"n":"Sauce pomme frite Amora 260g","p":1.71,"u":"6,58 €/KG","img":"https://fd13-photos.leclercdrive.fr/image.ashx?id=2957776&use=l&cat=p&typeid=i","cat":318431},{"id":41857,"n":"Bière Alveringem Abbaye Rouge 5%vol. - 6x25cl","p":3.78,"u":"2,52 €/L","img":"https://fd13-photos.leclercdrive.fr/image.ashx?id=2637919&use=l&cat=p&typeid=i","cat":334878},{"id":41858,"n":"Yaourt SMARTIES Fraise bonbons chocolat 4x120g","p":2.47,"u":"5,15 €/KG","img":"https://fd13-photos.leclercdrive.fr/image.ashx?id=2890046&use=l&cat=p&typeid=i","cat":284414},{"id":41862,"n":"Compotes Andros 6 Pommes  et 6 pommes fraises - 12x100g","p":4.39,"u":"3,66 €/KG","img":"https://fd13-photos.leclercdrive.fr/image.ashx?id=2988318&use=l&cat=p&typeid=i","cat":284416},{"id":41865,"n":"AOC Coteaux Varois en Provence vin rosé Terres Ocrées - 75cl","p":4.49,"u":"5,99 €/L","img":"https://fd13-photos.leclercdrive.fr/image.ashx?id=2750141&use=l&cat=p&typeid=i","cat":289558},{"id":41867,"n":"AOC Côtes de Provence vin rosé Terres Ocrées - 37,5cl","p":2.99,"u":"7,97 €/L","img":"https://fd13-photos.leclercdrive.fr/image.ashx?id=2891782&use=l&cat=p&typeid=i","cat":289558},{"id":41868,"n":"Bûche de chèvre Soignon 400g","p":4.24,"u":"10,60 €/KG","img":"https://fd13-photos.leclercdrive.fr/image.ashx?id=2840988&use=l&cat=p&typeid=i","cat":314031},{"id":41869,"n":"AOC Gros Plant du Pays nantais vin blanc Les Caractères - 75cl","p":3.9,"u":"5,20 €/L","img":"https://fd13-photos.leclercdrive.fr/image.ashx?id=2705086&use=l&cat=p&typeid=i","cat":289557},{"id":41870,"n":"Pur jus d'orange Jafaden Sans pulpe - 50cl","p":1.39,"u":"2,78 €/L","img":"https://fd13-photos.leclercdrive.fr/image.ashx?id=2917652&use=l&cat=p&typeid=i","cat":284521},{"id":41878,"n":"Bière aromatisée Desquiles Red 5,9%vol. - 50cl","p":1.49,"u":"2,98 €/L","img":"https://fd13-photos.leclercdrive.fr/image.ashx?id=2664809&use=l&cat=p&typeid=i","cat":334853},{"id":41881,"n":"AOC Gaillac vin rouge Terrasses d'Autan - 75cl","p":2.99,"u":"3,99 €/L","img":"https://fd13-photos.leclercdrive.fr/image.ashx?id=2751901&use=l&cat=p&typeid=i","cat":289556},{"id":41883,"n":"Steaks Hachés Charolais Charal Pur Bœuf 12%MG - 10x100g - 1kg","p":15.87,"u":"15,87 €/KG","img":"https://fd13-photos.leclercdrive.fr/image.ashx?id=2741943&use=l&cat=p&typeid=i","cat":319778},{"id":41884,"n":"AOP Coteaux Bourguignons vin  rouge Antoine Barrier - 75cl","p":5.49,"u":"7,32 €/L","img":"https://fd13-photos.leclercdrive.fr/image.ashx?id=2800246&use=l&cat=p&typeid=i","cat":289556},{"id":41903,"n":"Jus de pomme Jafaden A base de concentré - 2L","p":1.85,"u":"0,93 €/L","img":"https://fd13-photos.leclercdrive.fr/image.ashx?id=2470240&use=l&cat=p&typeid=i","cat":284522},{"id":41910,"n":"Sirop de pêche de Provence NRT 70cl","p":3.2,"u":"4,57 €/L","img":"https://fd13-photos.leclercdrive.fr/image.ashx?id=2699825&use=l&cat=p&typeid=i","cat":295020},{"id":41914,"n":"Crème hydratante Inell Visage-corps 200ml","p":2.07,"u":"10,35 €/L","img":"https://fd13-photos.leclercdrive.fr/image.ashx?id=1903869&use=l&cat=p&typeid=i","cat":325345},{"id":41915,"n":"AOP Morgon vin rouge Antoine Barrier - 75cl","p":6.99,"u":"9,32 €/L","img":"https://fd13-photos.leclercdrive.fr/image.ashx?id=2919640&use=l&cat=p&typeid=i","cat":289556},{"id":41920,"n":"Patch pureté Inell x6","p":2.4,"u":"0,40 €/P","img":"https://fd13-photos.leclercdrive.fr/image.ashx?id=2657727&use=l&cat=p&typeid=i","cat":284603},{"id":41923,"n":"Vin d'Union Européenne rosé Adrien Champaud 11% vol BIB 5L","p":8.49,"u":"1,70 €/L","img":"https://fd13-photos.leclercdrive.fr/image.ashx?id=2959707&use=l&cat=p&typeid=i","cat":289560},{"id":41924,"n":"Vin d'Union Européenne rouge Adrien Champaud 12% vol BIB 5L","p":8.49,"u":"1,70 €/L","img":"https://fd13-photos.leclercdrive.fr/image.ashx?id=2959713&use=l&cat=p&typeid=i","cat":289560},{"id":41990,"n":"Steaks Hachés Limousin Charal Pur Bœuf 12%MG - 8x125g - 1kg","p":17.9,"u":"17,90 €/KG","img":"https://fd13-photos.leclercdrive.fr/image.ashx?id=2974626&use=l&cat=p&typeid=i","cat":319778},{"id":42043,"n":"IGP Fleur de sel Le Guérandais Sachet - 250g","p":4.05,"pp":2.67,"u":"10,68 €/KG","img":"https://fd13-photos.leclercdrive.fr/image.ashx?id=2457884&use=l&cat=p&typeid=i","cat":284457},{"id":42044,"n":"Noix de cajou Maître Prunille Sans sel, grillé, sachet 200g","p":4.56,"u":"22,80 €/KG","img":"https://fd13-photos.leclercdrive.fr/image.ashx?id=1750478&use=l&cat=p&typeid=i","cat":284357},{"id":42045,"n":"Amande grillée Maître Prunille Décortiquée sans sel 250g","p":4.09,"u":"16,36 €/KG","img":"https://fd13-photos.leclercdrive.fr/image.ashx?id=1750481&use=l&cat=p&typeid=i","cat":284448},{"id":42046,"n":"Pruneaux d'Agen Maître Prunille IGP Dénoyautés - 500g","p":5.6,"u":"11,20 €/KG","img":"https://fd13-photos.leclercdrive.fr/image.ashx?id=2016029&use=l&cat=p&typeid=i","cat":284357},{"id":42057,"n":"Asperges blanches d'aucy  21,2cl","p":2.0,"u":"18,18 €/KG","img":"https://fd13-photos.leclercdrive.fr/image.ashx?id=2597720&use=l&cat=p&typeid=i","cat":312611},{"id":42058,"n":"Asperges blanches d'aucy 37cl","p":2.78,"u":"13,56 €/KG","img":"https://fd13-photos.leclercdrive.fr/image.ashx?id=2665895&use=l&cat=p&typeid=i","cat":312611},{"id":42067,"n":"Biscuits p'tit déjeuner BN Chocolat - 200g","p":1.62,"u":"8,10 €/KG","img":"https://fd13-photos.leclercdrive.fr/image.ashx?id=2603468&use=l&cat=p&typeid=i","cat":284491},{"id":42082,"n":"Gaufrette wafers Balconi Vanille multi - 225g","p":1.3,"u":"5,78 €/KG","img":"https://fd13-photos.leclercdrive.fr/image.ashx?id=2453700&use=l&cat=p&typeid=i","cat":284488},{"id":42131,"n":"Huile vierge de colza Cauvin 75cl","p":4.28,"u":"5,71 €/L","img":"https://fd13-photos.leclercdrive.fr/image.ashx?id=2498347&use=l&cat=p&typeid=i","cat":284453},{"id":42140,"n":"Sirop La Maison Guiot Grenadine - 70cl","p":3.05,"u":"4,36 €/L","img":"https://fd13-photos.leclercdrive.fr/image.ashx?id=2857195&use=l&cat=p&typeid=i","cat":295020},{"id":42218,"n":"Bloc WC Bref Power  Activ'Océan toilettes - 50g x1","p":1.42,"u":"28,40 €/KG","img":"https://fd13-photos.leclercdrive.fr/image.ashx?id=2789802&use=l&cat=p&typeid=i","cat":284662},{"id":42236,"n":"Gambas rouge Gimbert Ocean Sauvage royale 6/8 - 400g","p":13.58,"u":"33,95 €/KG","img":"https://fd13-photos.leclercdrive.fr/image.ashx?id=2889652&use=l&cat=p&typeid=i","cat":319787},{"id":42289,"n":"Huile pimentée pizza Cauvin A l'huile d'olive - 25cl","p":2.43,"u":"9,72 €/L","img":"https://fd13-photos.leclercdrive.fr/image.ashx?id=2539857&use=l&cat=p&typeid=i","cat":284453},{"id":42290,"n":"Huile de colza Eco + 1L","p":1.46,"u":"1,46 €/L","img":"https://fd13-photos.leclercdrive.fr/image.ashx?id=3002503&use=l&cat=p&typeid=i","cat":284453},{"id":42291,"n":"Huile pour friture Eco + 1L","p":2.23,"u":"2,23 €/L","img":"https://fd13-photos.leclercdrive.fr/image.ashx?id=2913639&use=l&cat=p&typeid=i","cat":284453},{"id":42292,"n":"Vinaigrette allégée Eco + Nature - 1L","p":1.02,"u":"1,02 €/L","img":"https://fd13-photos.leclercdrive.fr/image.ashx?id=2900516&use=l&cat=p&typeid=i","cat":284456},{"id":42295,"n":"Vinaigrette bi-phase Rustica Vin rouge/échalote - 50cl","p":2.49,"u":"4,98 €/L","img":"https://fd13-photos.leclercdrive.fr/image.ashx?id=2142190&use=l&cat=p&typeid=i","cat":284456},{"id":42297,"n":"Sauce caesar Rustica 50cl","p":2.59,"u":"5,18 €/L","img":"https://fd13-photos.leclercdrive.fr/image.ashx?id=1972928&use=l&cat=p&typeid=i","cat":284456},{"id":42298,"n":"Boisson végétale Bio Village Avoine bio - 1l","p":1.39,"u":"1,39 €/L","img":"https://fd13-photos.leclercdrive.fr/image.ashx?id=2358096&use=l&cat=p&typeid=i","cat":316067},{"id":42303,"n":"Huile de colza Tramier 1L","p":4.07,"u":"4,07 €/L","img":"https://fd13-photos.leclercdrive.fr/image.ashx?id=2647393&use=l&cat=p&typeid=i","cat":284453},{"id":42305,"n":"IGP Vinaigre balsamique Maille De Modène - 250ml","p":2.89,"u":"11,56 €/L","img":"https://fd13-photos.leclercdrive.fr/image.ashx?id=2805669&use=l&cat=p&typeid=i","cat":298543},{"id":42321,"n":"Nettoyant Menager Cif lingettes Ocean Antibacterien - x120","p":2.21,"img":"https://fd13-photos.leclercdrive.fr/image.ashx?id=2747163&use=l&cat=p&typeid=i","cat":325358},{"id":42325,"n":"Spray Nettoyant Menager Cif  Antibacterien - 750 ml","p":2.52,"u":"3,36 €/L","img":"https://fd13-photos.leclercdrive.fr/image.ashx?id=2813540&use=l&cat=p&typeid=i","cat":325357},{"id":42331,"n":"Saucisses Knacki Herta Poulet x10 - 350g","p":1.51,"u":"4,31 €/KG","img":"https://fd13-photos.leclercdrive.fr/image.ashx?id=2290431&use=l&cat=p&typeid=i","cat":316012},{"id":42341,"n":"Compotes Pom'Potes Gourdes  Multivariétés Inédits - 12x90g","p":5.58,"u":"5,17 €/KG","img":"https://fd13-photos.leclercdrive.fr/image.ashx?id=2864309&use=l&cat=p&typeid=i","cat":284508},{"id":42347,"n":"Pansements enfants Primoplast x20","p":0.69,"u":"0,03 €/P","img":"https://fd13-photos.leclercdrive.fr/image.ashx?id=2958062&use=l&cat=p&typeid=i","cat":284630},{"id":42442,"n":"Moutarde forte Eco + 370g","p":0.73,"u":"1,97 €/KG","img":"https://fd13-photos.leclercdrive.fr/image.ashx?id=2954319&use=l&cat=p&typeid=i","cat":288850},{"id":42448,"n":"Capsules Nescafé Dolce Gusto  Ricoré Latte - x16","p":5.03,"u":"29,94 €/KG","img":"https://fd13-photos.leclercdrive.fr/image.ashx?id=2818085&use=l&cat=p&typeid=i","cat":293239},{"id":42449,"n":"Antipasto tomate séchée Sacla 280g","p":2.87,"u":"10,25 €/KG","img":"https://fd13-photos.leclercdrive.fr/image.ashx?id=2290482&use=l&cat=p&typeid=i","cat":284458},{"id":42450,"n":"Moutarde verrine Maille Fin gourmet - 155g","p":2.34,"u":"15,10 €/KG","img":"https://fd13-photos.leclercdrive.fr/image.ashx?id=2076209&use=l&cat=p&typeid=i","cat":288850},{"id":42452,"n":"Moutarde douce Amora Flacon souple - 260g","p":1.98,"u":"7,62 €/KG","img":"https://fd13-photos.leclercdrive.fr/image.ashx?id=3005401&use=l&cat=p&typeid=i","cat":288850},{"id":42454,"n":"Olives vertes Crespo Farçies aux amandes - 198g","p":3.14,"u":"15,86 €/KG","img":"https://fd13-photos.leclercdrive.fr/image.ashx?id=2172076&use=l&cat=p&typeid=i","cat":284458},{"id":42460,"n":"Olives vertes entières Eco + 400g","p":1.07,"u":"2,68 €/KG","img":"https://fd13-photos.leclercdrive.fr/image.ashx?id=2609261&use=l&cat=p&typeid=i","cat":284458},{"id":42461,"n":"Olives vertes Eco + Dénoyautées - 320g","p":1.88,"u":"5,88 €/KG","img":"https://fd13-photos.leclercdrive.fr/image.ashx?id=2609264&use=l&cat=p&typeid=i","cat":284458},{"id":42505,"n":"Crème dessert Mont Blanc Boîte Caramel - 570g","p":2.43,"u":"4,26 €/KG","img":"https://fd13-photos.leclercdrive.fr/image.ashx?id=3011599&use=l&cat=p&typeid=i","cat":284506},{"id":42506,"n":"Crème dessert Mont Blanc Riz au lait Vanille - 570g","p":2.33,"u":"4,09 €/KG","img":"https://fd13-photos.leclercdrive.fr/image.ashx?id=2838392&use=l&cat=p&typeid=i","cat":284506},{"id":42507,"n":"Crème dessert Mont Blanc Choco Vanille Praliné - 6x125g","p":4.86,"u":"6,48 €/KG","img":"https://fd13-photos.leclercdrive.fr/image.ashx?id=3011605&use=l&cat=p&typeid=i","cat":284506},{"id":42508,"n":"Cookies Nestlé Dessert Pépites de chocolat - 351g","p":3.98,"u":"11,34 €/KG","img":"https://fd13-photos.leclercdrive.fr/image.ashx?id=2848382&use=l&cat=p&typeid=i","cat":284505},{"id":42516,"n":"Préparation Francine Pâte à pizza - 520g","p":1.49,"u":"2,87 €/KG","img":"https://fd13-photos.leclercdrive.fr/image.ashx?id=2989123&use=l&cat=p&typeid=i","cat":284503},{"id":42518,"n":"Complément alimentaire Juvamine Cranberry  60 gélules végétales","p":4.39,"u":"0,07 €/P","img":"https://fd13-photos.leclercdrive.fr/image.ashx?id=2578076&use=l&cat=p&typeid=i","cat":313217},{"id":42560,"n":"Jus innocent ananas passion 900ml","p":2.68,"u":"2,98 €/L","img":"https://fd13-photos.leclercdrive.fr/image.ashx?id=2861740&use=l&cat=p&typeid=i","cat":285435},{"id":42563,"n":"Boisson végétale lait d'amande bio bjorg sans sucre - 1l","p":1.71,"u":"1,71 €/L","img":"https://fd13-photos.leclercdrive.fr/image.ashx?id=2939415&use=l&cat=p&typeid=i","cat":316067},{"id":42565,"n":"Vinaigre blanc d'alcool Eco +  - 1,5L","p":0.6,"u":"0,40 €/L","img":"https://fd13-photos.leclercdrive.fr/image.ashx?id=2954049&use=l&cat=p&typeid=i","cat":298543},{"id":42567,"n":"Pâte à tartiner Bio Jardin Bio - 750g","p":7.01,"u":"9,35 €/KG","img":"https://fd13-photos.leclercdrive.fr/image.ashx?id=2918925&use=l&cat=p&typeid=i","cat":284481},{"id":42569,"n":"Double concentré Bio Jardin Bio Tomate - 140g","p":0.85,"u":"6,07 €/KG","img":"https://fd13-photos.leclercdrive.fr/image.ashx?id=2944867&use=l&cat=p&typeid=i","cat":288384},{"id":42574,"n":"Café moulu Bio Ethiquable  100% arabica Honduras - 250g","p":5.48,"u":"21,92 €/KG","img":"https://fd13-photos.leclercdrive.fr/image.ashx?id=2876815&use=l&cat=p&typeid=i","cat":284750},{"id":42575,"n":"Café moulu Bio Ethiquable  100% arabica Pérou - 250g","p":5.48,"u":"21,92 €/KG","img":"https://fd13-photos.leclercdrive.fr/image.ashx?id=2876818&use=l&cat=p&typeid=i","cat":284750},{"id":42577,"n":"Chocolat noir Bio Ethiquable Ecorces d'orange - 100g","p":3.04,"u":"30,40 €/KG","img":"https://fd13-photos.leclercdrive.fr/image.ashx?id=2870851&use=l&cat=p&typeid=i","cat":284956},{"id":42624,"n":"Pâtes coudes rayés Panzani 1kg","p":2.13,"u":"2,13 €/KG","img":"https://fd13-photos.leclercdrive.fr/image.ashx?id=2876029&use=l&cat=p&typeid=i","cat":284427},{"id":42628,"n":"Chips Bret's Fromage du Jura - 125g","p":1.1,"u":"8,80 €/KG","img":"https://fd13-photos.leclercdrive.fr/image.ashx?id=1916976&use=l&cat=p&typeid=i","cat":284447},{"id":42649,"n":"Crème douche Manava Surgras - 250ml","p":0.94,"u":"3,76 €/L","img":"https://fd13-photos.leclercdrive.fr/image.ashx?id=2456147&use=l&cat=p&typeid=i","cat":284594},{"id":42655,"n":"Huile merveilleuse Garnier Huile d'argan & camélia - 150ml","p":6.23,"u":"41,53 €/L","img":"https://fd13-photos.leclercdrive.fr/image.ashx?id=2661730&use=l&cat=p&typeid=i","cat":284608},{"id":42667,"n":"Soin de jour L'Oréal Paris Revitalift Anti-Âge - 50ml","p":14.03,"u":"280,60 €/L","img":"https://fd13-photos.leclercdrive.fr/image.ashx?id=2921876&use=l&cat=p&typeid=i","cat":325345},{"id":42677,"n":"Soin cheveux nutrition Dessange Cheveux secs - 100ml","p":6.59,"u":"65,90 €/L","img":"https://fd13-photos.leclercdrive.fr/image.ashx?id=2400969&use=l&cat=p&typeid=i","cat":284608},{"id":42678,"n":"Huile Cheveux Extrême Dessange Cheuveux abîmés - 100ml","p":8.59,"u":"85,90 €/L","img":"https://fd13-photos.leclercdrive.fr/image.ashx?id=2851099&use=l&cat=p&typeid=i","cat":284608},{"id":42681,"n":"Mozzarella Tradizioni d'Italia Di Bufala Campana AOP - 200g","p":3.31,"u":"16,55 €/KG","img":"https://fd13-photos.leclercdrive.fr/image.ashx?id=2954190&use=l&cat=p&typeid=i","cat":314026},{"id":42682,"n":"Parmigiano Tradizioni d'Italia Reggiano AOP 30 mois - 200g","p":5.99,"u":"29,95 €/KG","img":"https://fd13-photos.leclercdrive.fr/image.ashx?id=2661963&use=l&cat=p&typeid=i","cat":314034},{"id":42703,"n":"P'tit Basque Istara Fromage de brebis - 220g","p":5.31,"u":"24,14 €/KG","img":"https://fd13-photos.leclercdrive.fr/image.ashx?id=2759876&use=l&cat=p&typeid=i","cat":329184},{"id":42747,"n":"Whisky blend the Famous grouse 40%vol. - 1L","p":23.21,"u":"23,21 €/L","img":"https://fd13-photos.leclercdrive.fr/image.ashx?id=2958878&use=l&cat=p&typeid=i","cat":284547},{"id":42757,"n":"Emmental rapé Eco + 30% MG - 500g","p":3.7,"u":"7,40 €/KG","img":"https://fd13-photos.leclercdrive.fr/image.ashx?id=2615801&use=l&cat=p&typeid=i","cat":314035},{"id":42759,"n":"Copeaux Parmigiano Reggiano AOP Les Croisés - 80g","p":1.9,"u":"23,75 €/KG","img":"https://fd13-photos.leclercdrive.fr/image.ashx?id=2935504&use=l&cat=p&typeid=i","cat":314035},{"id":42788,"n":"Tranchettes de chèvre 32.4% MG Les Croisés - 200g","p":3.19,"u":"15,95 €/KG","img":"https://fd13-photos.leclercdrive.fr/image.ashx?id=2796061&use=l&cat=p&typeid=i","cat":314028},{"id":42789,"n":"Cheddar Les Croisés 32% MG Tranchettes - 200g","p":2.64,"u":"13,20 €/KG","img":"https://fd13-photos.leclercdrive.fr/image.ashx?id=2796064&use=l&cat=p&typeid=i","cat":314028},{"id":42798,"n":"Miel de fleurs d'Oranger Nid d'Abeille - 250g","p":2.99,"u":"11,96 €/KG","img":"https://fd13-photos.leclercdrive.fr/image.ashx?id=2434242&use=l&cat=p&typeid=i","cat":287643},{"id":42799,"n":"Miel liquide Bio Squeezer Bio village - 250g","p":2.95,"u":"11,80 €/KG","img":"https://fd13-photos.leclercdrive.fr/image.ashx?id=795654&use=l&cat=p&typeid=i","cat":287643},{"id":42809,"n":"Berlingots de javel Clair Eucalyptus - 3x250ml","p":1.3,"u":"1,73 €/L","img":"https://fd13-photos.leclercdrive.fr/image.ashx?id=2949194&use=l&cat=p&typeid=i","cat":284661},{"id":42826,"n":"Nettoyant vitre cristal Clair 750 ml","p":1.75,"u":"2,33 €/L","img":"https://fd13-photos.leclercdrive.fr/image.ashx?id=1647715&use=l&cat=p&typeid=i","cat":325363},{"id":42846,"n":"Cacahuètes Menguy's Grillées et salées - 800g","p":5.49,"u":"6,86 €/KG","img":"https://fd13-photos.leclercdrive.fr/image.ashx?id=2979800&use=l&cat=p&typeid=i","cat":284448},{"id":42847,"n":"Pop corn salé Menguy's Micro-ondes - 3x90g","p":1.81,"u":"6,70 €/KG","img":"https://fd13-photos.leclercdrive.fr/image.ashx?id=2966023&use=l&cat=p&typeid=i","cat":284449},{"id":42858,"n":"Eau gazeuse Vichy Célestins - 6x50cl","p":3.01,"u":"1,00 €/L","img":"https://fd13-photos.leclercdrive.fr/image.ashx?id=2991933&use=l&cat=p&typeid=i","cat":284536},{"id":42872,"n":"Jus innocent pomme framboise 900ml","p":2.75,"u":"3,06 €/L","img":"https://fd13-photos.leclercdrive.fr/image.ashx?id=2862877&use=l&cat=p&typeid=i","cat":285435},{"id":42874,"n":"Jus innocent poire pêche 900ml","p":2.83,"u":"3,14 €/L","img":"https://fd13-photos.leclercdrive.fr/image.ashx?id=2893000&use=l&cat=p&typeid=i","cat":285435},{"id":42892,"n":"Protège-document Esquisse Transparent - A4 - 60 vues","p":1.95,"img":"https://fd13-photos.leclercdrive.fr/image.ashx?id=1694251&use=l&cat=p&typeid=i","cat":284745},{"id":42893,"n":"Protège-document Esquisse Rouge - A4 - 60 vues","p":1.95,"img":"https://fd13-photos.leclercdrive.fr/image.ashx?id=940831&use=l&cat=p&typeid=i","cat":284745},{"id":42938,"n":"Soupe instantanée Royco  Bouillon de Volailles 3x200ml","p":1.42,"u":"44,38 €/KG","img":"https://fd13-photos.leclercdrive.fr/image.ashx?id=2651423&use=l&cat=p&typeid=i","cat":293527},{"id":42964,"n":"Os à mâcher Lydog Fourrés boeuf - 2x100g","p":2.3,"u":"11,50 €/KG","img":"https://fd13-photos.leclercdrive.fr/image.ashx?id=1947283&use=l&cat=p&typeid=i","cat":294527},{"id":42965,"n":"Pepites de chocolat au lait Tablier Blanc - 100g","p":2.03,"u":"20,30 €/KG","img":"https://fd13-photos.leclercdrive.fr/image.ashx?id=2723141&use=l&cat=p&typeid=i","cat":284504},{"id":42966,"n":"Haricots verts Notre Jardin Extra fins - 455g","p":1.97,"u":"4,33 €/KG","img":"https://fd13-photos.leclercdrive.fr/image.ashx?id=2988084&use=l&cat=p&typeid=i","cat":312606},{"id":42969,"n":"Petits pois doux Notre Jardin Vapeur - 265g","p":1.29,"u":"4,87 €/KG","img":"https://fd13-photos.leclercdrive.fr/image.ashx?id=3002611&use=l&cat=p&typeid=i","cat":312607},{"id":42974,"n":"Haricots rouges Notre Jardin A la mexicaine - 800g","p":2.42,"u":"3,03 €/KG","img":"https://fd13-photos.leclercdrive.fr/image.ashx?id=3002614&use=l&cat=p&typeid=i","cat":312612},{"id":42977,"n":"Mini crackers Bio Village Bio Fromage/courges - 110g","p":2.49,"u":"22,64 €/KG","img":"https://fd13-photos.leclercdrive.fr/image.ashx?id=1944150&use=l&cat=p&typeid=i","cat":297000},{"id":42980,"n":"Goûter fourré Bio Village Bio Chocolat noir - 185g","p":2.03,"u":"10,97 €/KG","img":"https://fd13-photos.leclercdrive.fr/image.ashx?id=2704502&use=l&cat=p&typeid=i","cat":284488},{"id":42981,"n":"Goûter fourré Bio Village Bio - Chocolat au lait - 185g","p":2.06,"u":"11,14 €/KG","img":"https://fd13-photos.leclercdrive.fr/image.ashx?id=2704505&use=l&cat=p&typeid=i","cat":284488},{"id":42992,"n":"Tortillas chips Tokapi Fromage - 150g","p":0.99,"u":"6,60 €/KG","img":"https://fd13-photos.leclercdrive.fr/image.ashx?id=2647961&use=l&cat=p&typeid=i","cat":287899},{"id":43004,"n":"Crêpes apéritives Tokapi Roquefort - 65g","p":1.9,"u":"29,23 €/KG","img":"https://fd13-photos.leclercdrive.fr/image.ashx?id=2874693&use=l&cat=p&typeid=i","cat":297000},{"id":43006,"n":"Colorants alimentaires  Tablier Blanc - 3x6ml","p":1.24,"u":"68,89 €/L","img":"https://fd13-photos.leclercdrive.fr/image.ashx?id=2487470&use=l&cat=p&typeid=i","cat":284504},{"id":43009,"n":"Biscuits fourrés P'tit Deli Noisette - 225g","p":1.38,"u":"6,13 €/KG","img":"https://fd13-photos.leclercdrive.fr/image.ashx?id=2861419&use=l&cat=p&typeid=i","cat":284488},{"id":43010,"n":"Biscuit roulé P'tit Deli Cacao/vanille - 154g","p":0.88,"u":"5,71 €/KG","img":"https://fd13-photos.leclercdrive.fr/image.ashx?id=2124110&use=l&cat=p&typeid=i","cat":284488},{"id":43017,"n":"Betterave en Dés Notre Jardin 265g","p":1.02,"u":"3,85 €/KG","img":"https://fd13-photos.leclercdrive.fr/image.ashx?id=1993203&use=l&cat=p&typeid=i","cat":312611},{"id":43019,"n":"Biscuits animaux P'tit Déli Nappés chocolat lait - 225g","p":1.64,"u":"7,29 €/KG","img":"https://fd13-photos.leclercdrive.fr/image.ashx?id=2529602&use=l&cat=p&typeid=i","cat":284488},{"id":43049,"n":"Steak haché charolais Férial  15%mg x4 - 400g","p":6.39,"u":"15,98 €/KG","img":"https://fd13-photos.leclercdrive.fr/image.ashx?id=2823762&use=l&cat=p&typeid=i","cat":319778},{"id":43191,"n":"Protège-document Esquisse x1 Bleu - A4 - 80 vues","p":2.49,"img":"https://fd13-photos.leclercdrive.fr/image.ashx?id=1180671&use=l&cat=p&typeid=i","cat":284745},{"id":43192,"n":"Protège-document Esquisse  Transparent - A4 - 80 vues","p":2.49,"img":"https://fd13-photos.leclercdrive.fr/image.ashx?id=1694257&use=l&cat=p&typeid=i","cat":284745},{"id":43194,"n":"Protège-document Esquisse x1 Rouge - A4 - 80 vues","p":2.49,"img":"https://fd13-photos.leclercdrive.fr/image.ashx?id=2943352&use=l&cat=p&typeid=i","cat":284745},{"id":43197,"n":"Tartine Grilletine de Pasquier Briochées - x18 - 242g","p":1.84,"u":"7,60 €/KG","img":"https://fd13-photos.leclercdrive.fr/image.ashx?id=2333054&use=l&cat=p&typeid=i","cat":284479},{"id":43237,"n":"Lotion démaquillante Inell Douceur yeux - 150ml","p":1.6,"u":"10,67 €/L","img":"https://fd13-photos.leclercdrive.fr/image.ashx?id=1993197&use=l&cat=p&typeid=i","cat":284603},{"id":43239,"n":"Boulette de boeuf Tendre & Plus Nature - 375g","p":4.17,"u":"11,12 €/KG","img":"https://fd13-photos.leclercdrive.fr/image.ashx?id=2711175&use=l&cat=p&typeid=i","cat":284332},{"id":43246,"n":"Nouilles de Savoie NRT 250g","p":1.19,"u":"4,76 €/KG","img":"https://fd13-photos.leclercdrive.fr/image.ashx?id=2704906&use=l&cat=p&typeid=i","cat":284427},{"id":43247,"n":"Tuiles apéritives Tokapi Poulet braisé - 170g","p":1.55,"u":"9,12 €/KG","img":"https://fd13-photos.leclercdrive.fr/image.ashx?id=2815752&use=l&cat=p&typeid=i","cat":287899},{"id":43279,"n":"Sorbet plein fruit L'Angelys Framboise - 500g","p":5.11,"u":"10,22 €/KG","img":"https://fd13-photos.leclercdrive.fr/image.ashx?id=2963556&use=l&cat=p&typeid=i","cat":284263},{"id":43287,"n":"Dentifrice Dentamyl Blancheur extrême - 75ml","p":0.95,"u":"12,67 €/L","img":"https://fd13-photos.leclercdrive.fr/image.ashx?id=2613837&use=l&cat=p&typeid=i","cat":284612},{"id":43303,"n":"Panna Cotta Fruits rouges Rians 2x120g","p":2.57,"u":"10,71 €/KG","img":"https://fd13-photos.leclercdrive.fr/image.ashx?id=2555412&use=l&cat=p&typeid=i","cat":284419},{"id":43341,"n":"Thon mariné Petit Navire Basilic - 110g","p":2.07,"u":"18,82 €/KG","img":"https://fd13-photos.leclercdrive.fr/image.ashx?id=2542965&use=l&cat=p&typeid=i","cat":303867},{"id":43349,"n":"Laurier feuille entière Ducros 17g","p":1.65,"u":"97,06 €/KG","img":"https://fd13-photos.leclercdrive.fr/image.ashx?id=2486566&use=l&cat=p&typeid=i","cat":298297},{"id":43350,"n":"Coriandre en feuilles Ducros 7g","p":1.24,"u":"177,14 €/KG","img":"https://fd13-photos.leclercdrive.fr/image.ashx?id=2486584&use=l&cat=p&typeid=i","cat":298297},{"id":43358,"n":"Sel fin Eco+ Boîte verseuse - 750g","p":0.53,"u":"0,71 €/KG","img":"https://fd13-photos.leclercdrive.fr/image.ashx?id=2050582&use=l&cat=p&typeid=i","cat":284457},{"id":43372,"n":"AOP Saumur-Champigny vin rouge Les Caractères - 75cl","p":4.99,"u":"6,65 €/L","img":"https://fd13-photos.leclercdrive.fr/image.ashx?id=2745478&use=l&cat=p&typeid=i","cat":289556},{"id":43373,"n":"AOP Vin rouge  Alsace Pinot noir - 75 cl","p":5.99,"u":"7,99 €/L","img":"https://fd13-photos.leclercdrive.fr/image.ashx?id=2709698&use=l&cat=p&typeid=i","cat":289556},{"id":43381,"n":"Dessert liégeois Viennois  Chocolat - 12x100g","p":3.98,"u":"3,32 €/KG","img":"https://fd13-photos.leclercdrive.fr/image.ashx?id=2875987&use=l&cat=p&typeid=i","cat":285042},{"id":43394,"n":"Spaghetti  Tradizioni d'Italia n°118  Pasta di Gragnano 500g","p":1.52,"u":"3,04 €/KG","img":"https://fd13-photos.leclercdrive.fr/image.ashx?id=2657301&use=l&cat=p&typeid=i","cat":284427},{"id":43396,"n":"Farfalle Tradizioni d'Italia N°210 - 500g","p":1.52,"u":"3,04 €/KG","img":"https://fd13-photos.leclercdrive.fr/image.ashx?id=2657304&use=l&cat=p&typeid=i","cat":284427},{"id":43398,"n":"Fusilli Tradizioni d'Italia N°140 - 500g","p":1.52,"u":"3,04 €/KG","img":"https://fd13-photos.leclercdrive.fr/image.ashx?id=2657307&use=l&cat=p&typeid=i","cat":284427},{"id":43403,"n":"Orechiette Tradizioni d'Italia N°292 - 500g","p":1.69,"u":"3,38 €/KG","img":"https://fd13-photos.leclercdrive.fr/image.ashx?id=2699507&use=l&cat=p&typeid=i","cat":284427},{"id":43407,"n":"Glace à l'eau Smicy Star  Framboise Orange Citron x8 480g","p":2.59,"u":"5,40 €/KG","img":"https://fd13-photos.leclercdrive.fr/image.ashx?id=2954884&use=l&cat=p&typeid=i","cat":285250},{"id":43408,"n":"AOP Chinon vin rouge Les Caractères - 75cl","p":4.95,"u":"6,60 €/L","img":"https://fd13-photos.leclercdrive.fr/image.ashx?id=2745484&use=l&cat=p&typeid=i","cat":289556},{"id":43409,"n":"AOP Côtes de Bergerac moelleux Terrasses d'Autan - 75cl","p":3.7,"u":"4,93 €/L","img":"https://fd13-photos.leclercdrive.fr/image.ashx?id=2929873&use=l&cat=p&typeid=i","cat":289557},{"id":43417,"n":"IGP Pays d'Oc blanc Roche Mazet Chardonnay 12.5% vol - 75cl","p":3.54,"u":"4,72 €/L","img":"https://fd13-photos.leclercdrive.fr/image.ashx?id=2991945&use=l&cat=p&typeid=i","cat":289557},{"id":43418,"n":"IGP Pays d'OC Vin rosé Roche Mazet Syrah - 75cl","p":2.97,"u":"3,96 €/L","img":"https://fd13-photos.leclercdrive.fr/image.ashx?id=2342030&use=l&cat=p&typeid=i","cat":289558},{"id":43419,"n":"IGP Pays d'oc rosé Roche Mazet Merlot 12% vol - 75 cl","p":3.1,"u":"4,13 €/L","img":"https://fd13-photos.leclercdrive.fr/image.ashx?id=2342045&use=l&cat=p&typeid=i","cat":289558},{"id":43602,"n":"Jus d'orange Jafaden Avec pulpe - 1.5L","p":3.39,"u":"2,26 €/L","img":"https://fd13-photos.leclercdrive.fr/image.ashx?id=2723144&use=l&cat=p&typeid=i","cat":285435},{"id":43617,"n":"Poivre gris moulu Ducros Classique - 36g","p":1.35,"u":"37,50 €/KG","img":"https://fd13-photos.leclercdrive.fr/image.ashx?id=2559475&use=l&cat=p&typeid=i","cat":284457},{"id":43618,"n":"Flocons d'avoine Quaker Oats 550g","p":1.79,"u":"3,25 €/KG","img":"https://fd13-photos.leclercdrive.fr/image.ashx?id=2140656&use=l&cat=p&typeid=i","cat":309512},{"id":43619,"n":"AOC Blaye Côtes de Bordeaux vin rouge Chantet Blanet - 75cl","p":3.8,"u":"5,07 €/L","img":"https://fd13-photos.leclercdrive.fr/image.ashx?id=2727395&use=l&cat=p&typeid=i","cat":289556},{"id":43621,"n":"Liquide vaisselle Uni vert Ecologique PSS 500ml","p":1.15,"u":"2,30 €/L","img":"https://fd13-photos.leclercdrive.fr/image.ashx?id=2999508&use=l&cat=p&typeid=i","cat":284655},{"id":43625,"n":"AOC Saint-Chinian vin rouge Prieur Barsanne - 75cl","p":3.49,"u":"4,65 €/L","img":"https://fd13-photos.leclercdrive.fr/image.ashx?id=2940914&use=l&cat=p&typeid=i","cat":289556},{"id":43669,"n":"AOC Puisseguin Saint-Émilion vin rouge Chantet Blanet - 75cl","p":6.49,"u":"8,65 €/L","img":"https://fd13-photos.leclercdrive.fr/image.ashx?id=2783431&use=l&cat=p&typeid=i","cat":289556},{"id":43670,"n":"AOC Juliénas vin rouge Antoine Barrier - 75cl","p":6.99,"u":"9,32 €/L","img":"https://fd13-photos.leclercdrive.fr/image.ashx?id=2909401&use=l&cat=p&typeid=i","cat":289556},{"id":43703,"n":"Lotion anti-poux Marie Rose Extra forte - 100ml","p":6.04,"u":"60,40 €/L","img":"https://fd13-photos.leclercdrive.fr/image.ashx?id=2692293&use=l&cat=p&typeid=i","cat":299654},{"id":43707,"n":"Laque Ultra-Forte L'Oréal Paris Thermoprotecteur - 150ml","p":4.81,"u":"32,07 €/L","img":"https://fd13-photos.leclercdrive.fr/image.ashx?id=2582237&use=l&cat=p&typeid=i","cat":284609},{"id":43718,"n":"Croquettes chat Whiskas Stérilisé saumon - 1,75kg","p":5.16,"u":"2,95 €/KG","img":"https://fd13-photos.leclercdrive.fr/image.ashx?id=2915597&use=l&cat=p&typeid=i","cat":284680},{"id":43719,"n":"Croquettes chat Whiskas Stérilisé poulet - 1.75kg","p":5.21,"u":"2,98 €/KG","img":"https://fd13-photos.leclercdrive.fr/image.ashx?id=2952872&use=l&cat=p&typeid=i","cat":284680},{"id":43758,"n":"AOP Brouilly vin rouge Antoine Barrier - 75cl","p":6.79,"u":"9,05 €/L","img":"https://fd13-photos.leclercdrive.fr/image.ashx?id=3004552&use=l&cat=p&typeid=i","cat":289556},{"id":43760,"n":"Biscuits fourrés Prince Vanille - 300g","p":1.49,"u":"4,97 €/KG","img":"https://fd13-photos.leclercdrive.fr/image.ashx?id=2907695&use=l&cat=p&typeid=i","cat":284488},{"id":43771,"n":"Spray démelant  200ml","p":2.55,"u":"12,75 €/L","img":"https://fd13-photos.leclercdrive.fr/image.ashx?id=2712986&use=l&cat=p&typeid=i","cat":284608},{"id":43778,"n":"Morceaux de thon Listao Eco+ 130g","p":0.99,"u":"7,62 €/KG","img":"https://fd13-photos.leclercdrive.fr/image.ashx?id=2698141&use=l&cat=p&typeid=i","cat":303867},{"id":43781,"n":"Céréales Extra Kellogg's Chocolat Noir Noisettes - 800g","p":4.84,"u":"6,05 €/KG","img":"https://fd13-photos.leclercdrive.fr/image.ashx?id=2775026&use=l&cat=p&typeid=i","cat":309512},{"id":43844,"n":"Friandises chats Tous mes amis Sticks au Poulet - 3x5g - 15g","p":0.56,"u":"37,33 €/KG","img":"https://fd13-photos.leclercdrive.fr/image.ashx?id=1947507&use=l&cat=p&typeid=i","cat":285285},{"id":43845,"n":"Friandises chats Tous mes amis Sticks au Saumon  - 3x5g - 15g","p":0.56,"u":"37,33 €/KG","img":"https://fd13-photos.leclercdrive.fr/image.ashx?id=802043&use=l&cat=p&typeid=i","cat":285285},{"id":43895,"n":"AOC Ventoux vin rosé Rives & Terrasses - 75cl","p":2.99,"u":"3,99 €/L","img":"https://fd13-photos.leclercdrive.fr/image.ashx?id=2716003&use=l&cat=p&typeid=i","cat":289558},{"id":43924,"n":"AOP Vin blanc italien  Prosecco Vilaveroni 75cl","p":7.28,"u":"9,71 €/L","img":"https://fd13-photos.leclercdrive.fr/image.ashx?id=2492351&use=l&cat=p&typeid=i","cat":289461},{"id":43930,"n":"Vin mousseux blanc Festillant Sans alcool - 75cl","p":3.48,"u":"4,64 €/L","img":"https://fd13-photos.leclercdrive.fr/image.ashx?id=2980899&use=l&cat=p&typeid=i","cat":289460},{"id":43943,"n":"Champagne Cordon rouge Mumm Millésime - 75cl","p":37.95,"pp":34.95,"u":"46,60 €/L","img":"https://fd13-photos.leclercdrive.fr/image.ashx?id=2953758&use=l&cat=p&typeid=i","cat":284542},{"id":43964,"n":"Mini bûches Eskiss Fruits - x6 - 333g","p":2.29,"u":"6,88 €/KG","img":"https://fd13-photos.leclercdrive.fr/image.ashx?id=2232586&use=l&cat=p&typeid=i","cat":284266},{"id":43965,"n":"Blinis cocktail entrée maxi format x12 - 300g","p":2.79,"u":"9,30 €/KG","img":"https://fd13-photos.leclercdrive.fr/image.ashx?id=2974623&use=l&cat=p&typeid=i","cat":285191},{"id":44016,"n":"Bocal Morilles extra séchées   Borde - 25g","p":14.99,"pp":9.89,"u":"395,60 €/KG","img":"https://fd13-photos.leclercdrive.fr/image.ashx?id=2731081&use=l&cat=p&typeid=i","cat":284352},{"id":44022,"n":"Confit de figues 150g","p":1.33,"u":"8,87 €/KG","img":"https://fd13-photos.leclercdrive.fr/image.ashx?id=1857928&use=l&cat=p&typeid=i","cat":284458},{"id":44057,"n":"Soufflés Tornades 3D Goût emmental - 85g","p":0.72,"u":"8,47 €/KG","img":"https://fd13-photos.leclercdrive.fr/image.ashx?id=2900139&use=l&cat=p&typeid=i","cat":284449},{"id":44081,"n":"Eau aromatisée Volvic Juicy Fraise - 1,5L","p":1.38,"u":"0,92 €/L","img":"https://fd13-photos.leclercdrive.fr/image.ashx?id=2964664&use=l&cat=p&typeid=i","cat":284537},{"id":44082,"n":"Eau aromatisée Volvic juicy Fruits exotiques - 1,5L","p":1.43,"u":"0,95 €/L","img":"https://fd13-photos.leclercdrive.fr/image.ashx?id=2964667&use=l&cat=p&typeid=i","cat":284537},{"id":44083,"n":"Eau gazeuse  Badoit verte finement pétillante - 6x1l","p":3.59,"u":"0,60 €/L","img":"https://fd13-photos.leclercdrive.fr/image.ashx?id=2919259&use=l&cat=p&typeid=i","cat":284536},{"id":44085,"n":"Petit quatre quarts Bonne Maman x10 - 300g","p":3.65,"u":"12,17 €/KG","img":"https://fd13-photos.leclercdrive.fr/image.ashx?id=2936149&use=l&cat=p&typeid=i","cat":284492},{"id":44090,"n":"AOP Monbazillac vin blanc Moelleux Terrasses d'Autan-75cl","p":6.99,"u":"9,32 €/L","img":"https://fd13-photos.leclercdrive.fr/image.ashx?id=2756873&use=l&cat=p&typeid=i","cat":289557},{"id":44091,"n":"AOC Côtes du Rhône Villages vin rouge Rives & Terrasses - 75cl","p":3.89,"u":"5,19 €/L","img":"https://fd13-photos.leclercdrive.fr/image.ashx?id=2967570&use=l&cat=p&typeid=i","cat":289556},{"id":44094,"n":"Bière blonde Leffe 6,6% - 50cl canette","p":1.59,"u":"3,18 €/L","img":"https://fd13-photos.leclercdrive.fr/image.ashx?id=2948417&use=l&cat=p&typeid=i","cat":334853},{"id":44095,"n":"Bière blonde Leffe 6,6% - 75cl","p":2.49,"u":"3,32 €/L","img":"https://fd13-photos.leclercdrive.fr/image.ashx?id=1720789&use=l&cat=p&typeid=i","cat":334852},{"id":44096,"n":"Fond pour rotis 110g","p":2.16,"u":"19,64 €/KG","img":"https://fd13-photos.leclercdrive.fr/image.ashx?id=2188691&use=l&cat=p&typeid=i","cat":288379},{"id":44097,"n":"Quinoa 500g","p":2.84,"u":"5,68 €/KG","img":"https://fd13-photos.leclercdrive.fr/image.ashx?id=3012845&use=l&cat=p&typeid=i","cat":284429},{"id":44166,"n":"Vinaigre de Riz Tanoshi Flacon 150ml","p":3.51,"u":"23,40 €/L","img":"https://fd13-photos.leclercdrive.fr/image.ashx?id=2907982&use=l&cat=p&typeid=i","cat":288992},{"id":44168,"n":"Guacamole en pot 300g","p":1.75,"u":"5,83 €/KG","img":"https://fd13-photos.leclercdrive.fr/image.ashx?id=2466072&use=l&cat=p&typeid=i","cat":288993},{"id":44170,"n":"Assaisonnement pour Fajitas Mélange d'épices - 30g","p":1.06,"u":"35,33 €/KG","img":"https://fd13-photos.leclercdrive.fr/image.ashx?id=2477565&use=l&cat=p&typeid=i","cat":288993},{"id":44171,"n":"6 wraps de blé nature 370g","p":1.99,"u":"5,38 €/KG","img":"https://fd13-photos.leclercdrive.fr/image.ashx?id=2679741&use=l&cat=p&typeid=i","cat":288993},{"id":44172,"n":"Assaisonnement pour Guacamole Tables du monde - 20g","p":0.95,"u":"47,50 €/KG","img":"https://fd13-photos.leclercdrive.fr/image.ashx?id=2489125&use=l&cat=p&typeid=i","cat":288993},{"id":44174,"n":"Après-shampooing doux Nateis Cheveux secs - 250ml","p":1.35,"u":"5,40 €/KG","img":"https://fd13-photos.leclercdrive.fr/image.ashx?id=1900117&use=l&cat=p&typeid=i","cat":284607},{"id":44181,"n":"Poivrons grillés Florelli Antipasti - 280g","p":2.94,"u":"10,50 €/KG","img":"https://fd13-photos.leclercdrive.fr/image.ashx?id=2633091&use=l&cat=p&typeid=i","cat":289010},{"id":44183,"n":"Tortillas Old El Paso de blé nature x8 - 326g","p":2.27,"u":"6,96 €/KG","img":"https://fd13-photos.leclercdrive.fr/image.ashx?id=2737642&use=l&cat=p&typeid=i","cat":288993},{"id":44184,"n":"Kit fajitas Old El Paso Original doux - 500g","p":4.85,"u":"9,70 €/KG","img":"https://fd13-photos.leclercdrive.fr/image.ashx?id=2940576&use=l&cat=p&typeid=i","cat":288993},{"id":44185,"n":"Kit Burritos Old El Paso Original paprika doux - 510g","p":5.06,"u":"9,92 €/KG","img":"https://fd13-photos.leclercdrive.fr/image.ashx?id=2940579&use=l&cat=p&typeid=i","cat":288993},{"id":44186,"n":"Kit Enchiladas Old El Paso au four doux - 657g","p":4.41,"u":"6,71 €/KG","img":"https://fd13-photos.leclercdrive.fr/image.ashx?id=2759502&use=l&cat=p&typeid=i","cat":288993},{"id":44194,"n":"Confiture de lait Bonne Maman 380g","p":2.94,"u":"7,74 €/KG","img":"https://fd13-photos.leclercdrive.fr/image.ashx?id=2785430&use=l&cat=p&typeid=i","cat":284480},{"id":44195,"n":"Détachant avant lavage K2R  Action complète pistolet -750ml","p":3.16,"u":"4,21 €/L","img":"https://fd13-photos.leclercdrive.fr/image.ashx?id=2101180&use=l&cat=p&typeid=i","cat":284651},{"id":44197,"n":"Couches Activ+ Mots d'Enfants T4 : 7/18kg - x39 changes","p":12.89,"u":"0,33 €/P","img":"https://fd13-photos.leclercdrive.fr/image.ashx?id=2934715&use=l&cat=p&typeid=i","cat":284737},{"id":44273,"n":"Miettes de thon Petit Navire À l'huile d'olive - 160g","p":2.59,"u":"16,19 €/KG","img":"https://fd13-photos.leclercdrive.fr/image.ashx?id=2519642&use=l&cat=p&typeid=i","cat":303867},{"id":44278,"n":"Ravioli bolognaise Panzani - 400g","p":2.58,"u":"6,45 €/KG","img":"https://fd13-photos.leclercdrive.fr/image.ashx?id=2876059&use=l&cat=p&typeid=i","cat":284442},{"id":44279,"n":"Fromage apéritif Apericube Panier de campagne 24 cubes","p":2.39,"u":"19,12 €/KG","img":"https://fd13-photos.leclercdrive.fr/image.ashx?id=2882656&use=l&cat=p&typeid=i","cat":314027},{"id":44285,"n":"Thon cuisiné Saupiquet  sauce catalane 1/6 2x135g","p":2.22,"u":"8,22 €/KG","img":"https://fd13-photos.leclercdrive.fr/image.ashx?id=2731549&use=l&cat=p&typeid=i","cat":303867},{"id":44293,"n":"Emmental râpé  Entremont  français 160g","p":1.81,"u":"11,31 €/KG","img":"https://fd13-photos.leclercdrive.fr/image.ashx?id=2983153&use=l&cat=p&typeid=i","cat":314035},{"id":44298,"n":"L'Ortolan familial  Fromagerie Milleret-  330g","p":3.24,"u":"9,82 €/KG","img":"https://fd13-photos.leclercdrive.fr/image.ashx?id=2226400&use=l&cat=p&typeid=i","cat":314033},{"id":44299,"n":"Fromage à Tartiner Tartare  Ail et fines herbes - 250g","p":2.79,"u":"11,16 €/KG","img":"https://fd13-photos.leclercdrive.fr/image.ashx?id=2903170&use=l&cat=p&typeid=i","cat":314029},{"id":44300,"n":"Mini bûches de chèvre Soignon x6 - 150g","p":2.9,"u":"19,33 €/KG","img":"https://fd13-photos.leclercdrive.fr/image.ashx?id=2646560&use=l&cat=p&typeid=i","cat":314030},{"id":44307,"n":"Fromage Tomme noire NRT IGP  des Pyrénées - 200g","p":2.45,"u":"12,25 €/KG","img":"https://fd13-photos.leclercdrive.fr/image.ashx?id=2849596&use=l&cat=p&typeid=i","cat":329184},{"id":44309,"n":"Emmental tranches grand cru NRT IGP - Label Rouge -175g","p":2.89,"u":"16,51 €/KG","img":"https://fd13-photos.leclercdrive.fr/image.ashx?id=2405751&use=l&cat=p&typeid=i","cat":314028},{"id":44327,"n":"Vin Union Européenne rosé Le Tonnelier - BIB 5L","p":8.93,"u":"1,79 €/L","img":"https://fd13-photos.leclercdrive.fr/image.ashx?id=2107474&use=l&cat=p&typeid=i","cat":289560},{"id":44330,"n":"IGP Pays d'Oc blanc Roche Mazet Chardonnay 12% vol BIB 3L","p":10.53,"u":"3,51 €/L","img":"https://fd13-photos.leclercdrive.fr/image.ashx?id=2597130&use=l&cat=p&typeid=i","cat":289557},{"id":44342,"n":"Eau de cologne Bien Etre  Verveine, Romarin - 250ml","p":4.36,"u":"17,44 €/L","img":"https://fd13-photos.leclercdrive.fr/image.ashx?id=2353668&use=l&cat=p&typeid=i","cat":291525},{"id":44350,"n":"Matière grasse 55%MG Primevère à tartiner - 1/2sel - 500g","p":3.74,"u":"7,48 €/KG","img":"https://fd13-photos.leclercdrive.fr/image.ashx?id=1740281&use=l&cat=p&typeid=i","cat":315229},{"id":44355,"n":"Sandwich Baguette Mega Viennois  Sodebo Poulet Œuf - 270g","p":1.7,"u":"6,30 €/KG","img":"https://fd13-photos.leclercdrive.fr/image.ashx?id=2732392&use=l&cat=p&typeid=i","cat":333658},{"id":44364,"n":"Bonbon Alpin Fresh Ricola Sans sucres - 50g","p":1.62,"u":"32,40 €/KG","img":"https://fd13-photos.leclercdrive.fr/image.ashx?id=2387831&use=l&cat=p&typeid=i","cat":304256},{"id":44383,"n":"Saumon fumé Ronde des Mers Ecosse x10T - 350g","p":12.49,"u":"35,69 €/KG","img":"https://fd13-photos.leclercdrive.fr/image.ashx?id=2976288&use=l&cat=p&typeid=i","cat":285188},{"id":44384,"n":"Saumon fumé Ronde des Mers MSC Alaska x2T - 60g","p":3.85,"u":"64,17 €/KG","img":"https://fd13-photos.leclercdrive.fr/image.ashx?id=2837698&use=l&cat=p&typeid=i","cat":285188},{"id":44385,"n":"Saumon fumé Ronde des Mers   Sauvage Alaska x8T - 240g","p":12.49,"u":"52,04 €/KG","img":"https://fd13-photos.leclercdrive.fr/image.ashx?id=2976294&use=l&cat=p&typeid=i","cat":285188},{"id":44434,"n":"Nectar Bio Pressade Multifruits - 1,5L","p":2.27,"u":"1,51 €/L","img":"https://fd13-photos.leclercdrive.fr/image.ashx?id=2732533&use=l&cat=p&typeid=i","cat":284917},{"id":44445,"n":"Wraps Old El Paso de blé nature x6 - 350g","p":2.32,"u":"6,63 €/KG","img":"https://fd13-photos.leclercdrive.fr/image.ashx?id=2737645&use=l&cat=p&typeid=i","cat":288993},{"id":44567,"n":"Oeufs de Nos Régions Plein air Oméga 3 - x6","p":1.52,"u":"0,25 €/P","img":"https://fd13-photos.leclercdrive.fr/image.ashx?id=2969779&use=l&cat=p&typeid=i","cat":284378},{"id":44568,"n":"Oeufs frais De Nos Régions  Oméga 3 - Plein Air - x12","p":2.88,"u":"0,24 €/P","img":"https://fd13-photos.leclercdrive.fr/image.ashx?id=2969794&use=l&cat=p&typeid=i","cat":284378},{"id":44574,"n":"Nettoyant textiles TECH9 Avec brosse - 400ml","p":4.59,"u":"11,48 €/L","img":"https://fd13-photos.leclercdrive.fr/image.ashx?id=1543900&use=l&cat=p&typeid=i","cat":298252},{"id":44576,"n":"Dégivrant -25°C TECH9 400ml","p":2.65,"u":"6,63 €/L","img":"https://fd13-photos.leclercdrive.fr/image.ashx?id=1543909&use=l&cat=p&typeid=i","cat":298252},{"id":44577,"n":"Nettoyant jantes TECH9 500ml","p":3.99,"u":"7,98 €/L","img":"https://fd13-photos.leclercdrive.fr/image.ashx?id=2162450&use=l&cat=p&typeid=i","cat":298252},{"id":44578,"n":"Madeleines Saint Michel Pépites chocolat 400g","p":1.88,"u":"4,70 €/KG","img":"https://fd13-photos.leclercdrive.fr/image.ashx?id=2936200&use=l&cat=p&typeid=i","cat":284492},{"id":44605,"n":"Foie gras canard IGP Sud-Ouest NRT Entier - 300g","p":22.9,"u":"76,33 €/KG","img":"https://fd13-photos.leclercdrive.fr/image.ashx?id=2743897&use=l&cat=p&typeid=i","cat":305148},{"id":44657,"n":"Bière blonde Leffe Rituel 9% - 12x25cl","p":10.04,"u":"3,35 €/L","img":"https://fd13-photos.leclercdrive.fr/image.ashx?id=2548288&use=l&cat=p&typeid=i","cat":334852},{"id":44685,"n":"Chaussettes Homme ultra courtes Sport,  blanc T39/42 - x3","p":4.65,"u":"1,55 €/P","img":"https://fd13-photos.leclercdrive.fr/image.ashx?id=816730&use=l&cat=p&typeid=i","cat":334130},{"id":44688,"n":"Chaussettes Homme ultra courtes Noir T39/42 - x3","p":4.65,"u":"1,55 €/P","img":"https://fd13-photos.leclercdrive.fr/image.ashx?id=805719&use=l&cat=p&typeid=i","cat":334130},{"id":44689,"n":"Chaussettes Homme ultra courtes Noir T43/45 - x3","p":4.65,"u":"1,55 €/P","img":"https://fd13-photos.leclercdrive.fr/image.ashx?id=805719&use=l&cat=p&typeid=i","cat":334130},{"id":44732,"n":"Brunoise Notre Jardin méditerranéens 600g","p":3.41,"u":"5,68 €/KG","img":"https://fd13-photos.leclercdrive.fr/image.ashx?id=2873150&use=l&cat=p&typeid=i","cat":319823},{"id":44740,"n":"Frites allumettes Pom'lisse 2.5kg","p":4.59,"u":"1,84 €/KG","img":"https://fd13-photos.leclercdrive.fr/image.ashx?id=2699498&use=l&cat=p&typeid=i","cat":319791},{"id":44741,"n":"Riz sushi Table du monde 500g","p":1.19,"u":"2,38 €/KG","img":"https://fd13-photos.leclercdrive.fr/image.ashx?id=2679753&use=l&cat=p&typeid=i","cat":288992},{"id":44742,"n":"Duo de Fleurettes Bio  Bio Village - 600g","p":2.55,"u":"4,25 €/KG","img":"https://fd13-photos.leclercdrive.fr/image.ashx?id=2898065&use=l&cat=p&typeid=i","cat":319805},{"id":44743,"n":"Julienne de légumes Bio Village Bio - 600g","p":1.99,"u":"3,32 €/KG","img":"https://fd13-photos.leclercdrive.fr/image.ashx?id=2175780&use=l&cat=p&typeid=i","cat":319823},{"id":44745,"n":"Mini boulettes au boeuf Férial  x50 - 750g","p":6.99,"u":"9,32 €/KG","img":"https://fd13-photos.leclercdrive.fr/image.ashx?id=2966511&use=l&cat=p&typeid=i","cat":319779},{"id":44746,"n":"Glace Mystère Extrême Vanille Meringue x4 308.6g","p":5.33,"u":"17,25 €/KG","img":"https://fd13-photos.leclercdrive.fr/image.ashx?id=2878375&use=l&cat=p&typeid=i","cat":284266},{"id":44747,"n":"Glace Mystère Extrême Vanille Coeur chocolat x4 308g","p":4.4,"u":"14,29 €/KG","img":"https://fd13-photos.leclercdrive.fr/image.ashx?id=2878381&use=l&cat=p&typeid=i","cat":284266},{"id":44748,"n":"Purée de carottes Notre Jardin potirons 750g","p":2.62,"u":"3,49 €/KG","img":"https://fd13-photos.leclercdrive.fr/image.ashx?id=2856190&use=l&cat=p&typeid=i","cat":319805},{"id":44751,"n":"Pom' curv au four Pom'Lisse 600g","p":1.81,"u":"3,02 €/KG","img":"https://fd13-photos.leclercdrive.fr/image.ashx?id=2699690&use=l&cat=p&typeid=i","cat":319791},{"id":44758,"n":"Grattugiato 29% MG Les Croisés  100g","p":1.49,"u":"14,90 €/KG","img":"https://fd13-photos.leclercdrive.fr/image.ashx?id=2806859&use=l&cat=p&typeid=i","cat":314035},{"id":44767,"n":"Dés Gouda cumin Les Croisés 30%MG - 150g","p":1.95,"u":"13,00 €/KG","img":"https://fd13-photos.leclercdrive.fr/image.ashx?id=2532844&use=l&cat=p&typeid=i","cat":314027},{"id":44770,"n":"Steak haché Férial  5%mg x4 - 400g","p":6.99,"u":"17,48 €/KG","img":"https://fd13-photos.leclercdrive.fr/image.ashx?id=3004663&use=l&cat=p&typeid=i","cat":319778},{"id":44808,"n":"AOC Côtes du Rhône rouge BIO Rives & Terrasses - 75cl","p":3.99,"u":"5,32 €/L","img":"https://fd13-photos.leclercdrive.fr/image.ashx?id=2928318&use=l&cat=p&typeid=i","cat":289556},{"id":44859,"n":"Olives Vertes -25% sel Tramier  Dénoyautées 160g","p":1.99,"u":"12,44 €/KG","img":"https://fd13-photos.leclercdrive.fr/image.ashx?id=2840823&use=l&cat=p&typeid=i","cat":284458},{"id":44861,"n":"Sauce pesto Tradizioni d'Italia A la génoise - 180g","p":1.79,"u":"9,94 €/KG","img":"https://fd13-photos.leclercdrive.fr/image.ashx?id=2840043&use=l&cat=p&typeid=i","cat":287599},{"id":44865,"n":"Dessert fruits mixés Sojasun Abricot / Goyave - 4x100g","p":1.64,"u":"4,10 €/KG","img":"https://fd13-photos.leclercdrive.fr/image.ashx?id=2355668&use=l&cat=p&typeid=i","cat":316071},{"id":44871,"n":"Nettoyant plastique TECH9 Ecocert - 500ml","p":4.99,"u":"9,98 €/L","img":"https://fd13-photos.leclercdrive.fr/image.ashx?id=2536860&use=l&cat=p&typeid=i","cat":298252},{"id":44874,"n":"Nettoyant tissu moquette TECH9 Ecocert - 500ml","p":4.99,"u":"9,98 €/L","img":"https://fd13-photos.leclercdrive.fr/image.ashx?id=2536863&use=l&cat=p&typeid=i","cat":298252},{"id":44877,"n":"Nettoyant jantes TECH9 Ecocert - 500ml","p":4.65,"u":"9,30 €/L","img":"https://fd13-photos.leclercdrive.fr/image.ashx?id=2536869&use=l&cat=p&typeid=i","cat":298252},{"id":44878,"n":"Shampooing carrosserie TECH9 Ecocert - 500ml","p":5.99,"u":"11,98 €/L","img":"https://fd13-photos.leclercdrive.fr/image.ashx?id=2536872&use=l&cat=p&typeid=i","cat":298252},{"id":44884,"n":"Soupe Mouliné Bio Village Bio - Légumes variés - 1L","p":1.97,"u":"1,97 €/L","img":"https://fd13-photos.leclercdrive.fr/image.ashx?id=2133957&use=l&cat=p&typeid=i","cat":284462},{"id":44900,"n":"Baguette précuite four Epi d'Or précuite four en pierre - 250g","p":1.35,"u":"5,40 €/KG","img":"https://fd13-photos.leclercdrive.fr/image.ashx?id=2499388&use=l&cat=p&typeid=i","cat":325069},{"id":44910,"n":"Crème dessert La Laitière Pot de crème chocolat - 8x100g","p":4.19,"u":"5,24 €/KG","img":"https://fd13-photos.leclercdrive.fr/image.ashx?id=2692116&use=l&cat=p&typeid=i","cat":285041},{"id":44939,"n":"Mini gratins Côté Table Pomme de terre salardaise 400g","p":3.89,"u":"9,73 €/KG","img":"https://fd13-photos.leclercdrive.fr/image.ashx?id=2641289&use=l&cat=p&typeid=i","cat":319802},{"id":44942,"n":"Mini gratins Côté Table Pomme de terre Champignons 400g","p":2.99,"u":"7,48 €/KG","img":"https://fd13-photos.leclercdrive.fr/image.ashx?id=2074431&use=l&cat=p&typeid=i","cat":319802},{"id":44944,"n":"Oeufs de caille De Nos Régions x18","p":2.39,"u":"0,13 €/P","img":"https://fd13-photos.leclercdrive.fr/image.ashx?id=1070469&use=l&cat=p&typeid=i","cat":284378},{"id":44953,"n":"Pâtes Sans gluten Barilla Spaghetti - 400g","p":1.89,"u":"4,73 €/KG","img":"https://fd13-photos.leclercdrive.fr/image.ashx?id=2647639&use=l&cat=p&typeid=i","cat":284427},{"id":44954,"n":"Pâtes Sans gluten Barilla Penne Rigate - 400g","p":1.91,"u":"4,78 €/KG","img":"https://fd13-photos.leclercdrive.fr/image.ashx?id=2975461&use=l&cat=p&typeid=i","cat":284427},{"id":44959,"n":"Lingettes démaquillantes Inell Eau micellaire x25","p":2.6,"u":"0,10 €/P","img":"https://fd13-photos.leclercdrive.fr/image.ashx?id=2764392&use=l&cat=p&typeid=i","cat":284603},{"id":44963,"n":"Stick lèvres Inell Miss pink - 1 pièce","p":1.69,"img":"https://fd13-photos.leclercdrive.fr/image.ashx?id=2691673&use=l&cat=p&typeid=i","cat":285485},{"id":44964,"n":"Alèses absorbantes Chorys 60x90cm - x16","p":6.99,"u":"0,44 €/P","img":"https://fd13-photos.leclercdrive.fr/image.ashx?id=2860076&use=l&cat=p&typeid=i","cat":284628},{"id":44965,"n":"Lingettes Hygiène Adulte Chorys x64","p":4.57,"u":"0,07 €/P","img":"https://fd13-photos.leclercdrive.fr/image.ashx?id=2940911&use=l&cat=p&typeid=i","cat":284627},{"id":44967,"n":"Culottes bébé Mots d'Enfants  T5 : 12/18kg - x20 changes","p":5.45,"u":"0,27 €/P","img":"https://fd13-photos.leclercdrive.fr/image.ashx?id=2904580&use=l&cat=p&typeid=i","cat":290633},{"id":44968,"n":"Culottes bébé Mots d'Enfants  T6 : 16kg - x18 changes","p":4.99,"u":"0,28 €/P","img":"https://fd13-photos.leclercdrive.fr/image.ashx?id=2907201&use=l&cat=p&typeid=i","cat":290633},{"id":44980,"n":"Gel lave-vaisselle Visior Classique x75 - 1,5L","p":4.75,"u":"3,17 €/L","img":"https://fd13-photos.leclercdrive.fr/image.ashx?id=1544234&use=l&cat=p&typeid=i","cat":284656},{"id":45005,"n":"Fond de veau Rustica dégraissé 100g","p":2.18,"u":"21,80 €/KG","img":"https://fd13-photos.leclercdrive.fr/image.ashx?id=2979571&use=l&cat=p&typeid=i","cat":288379},{"id":45015,"n":"Biscuits P'tit Déli Pépites de chocolat 300g","p":2.49,"u":"8,30 €/KG","img":"https://fd13-photos.leclercdrive.fr/image.ashx?id=2390425&use=l&cat=p&typeid=i","cat":284487},{"id":45023,"n":"AOC Moulin-à-Vent vin rouge Antoine Barrier - 75cl","p":7.75,"u":"10,33 €/L","img":"https://fd13-photos.leclercdrive.fr/image.ashx?id=3004549&use=l&cat=p&typeid=i","cat":289556},{"id":45024,"n":"AOC Mâcon Villages vin blanc Antoine Barrier - 75cl","p":7.49,"u":"9,99 €/L","img":"https://fd13-photos.leclercdrive.fr/image.ashx?id=2677104&use=l&cat=p&typeid=i","cat":289557},{"id":45029,"n":"AOP Vin blanc Muscadet Sèvre & Maine sur Lie - 75cl","p":4.19,"u":"5,59 €/L","img":"https://fd13-photos.leclercdrive.fr/image.ashx?id=2750147&use=l&cat=p&typeid=i","cat":289557},{"id":45033,"n":"AOC Côtes du Rhône vin blanc Rives & Terrasses - 75cl","p":3.99,"u":"5,32 €/L","img":"https://fd13-photos.leclercdrive.fr/image.ashx?id=2856326&use=l&cat=p&typeid=i","cat":289557},{"id":45035,"n":"AOP Alsace Riesling vin blanc Rebmann - 75 cl","p":4.85,"u":"6,47 €/L","img":"https://fd13-photos.leclercdrive.fr/image.ashx?id=2953404&use=l&cat=p&typeid=i","cat":289557},{"id":45038,"n":"AOP Côtes du Rhône vin rouge Grégoire XI - 75 cl","p":2.99,"u":"3,99 €/L","img":"https://fd13-photos.leclercdrive.fr/image.ashx?id=2709701&use=l&cat=p&typeid=i","cat":289556},{"id":45050,"n":"AOP Bourgogne Pinot noir vin rouge Antoine Barrier - 75cl","p":7.99,"u":"10,65 €/L","img":"https://fd13-photos.leclercdrive.fr/image.ashx?id=2694106&use=l&cat=p&typeid=i","cat":289556},{"id":45052,"n":"Velouté Régal Soupe Potiron Châtaigne - 1L","p":2.46,"u":"2,46 €/L","img":"https://fd13-photos.leclercdrive.fr/image.ashx?id=2983811&use=l&cat=p&typeid=i","cat":284462},{"id":45053,"n":"Soupe Velouté Régal Soupe Potiron fromage fondu 1L","p":2.36,"u":"2,36 €/L","img":"https://fd13-photos.leclercdrive.fr/image.ashx?id=2607572&use=l&cat=p&typeid=i","cat":284462},{"id":45065,"n":"Bretzels d'alsace NRT sachet 200g","p":0.74,"u":"3,70 €/KG","img":"https://fd13-photos.leclercdrive.fr/image.ashx?id=2638018&use=l&cat=p&typeid=i","cat":297000},{"id":45068,"n":"Pâtes Sans gluten Barilla Coquillettes - 400g","p":1.88,"u":"4,70 €/KG","img":"https://fd13-photos.leclercdrive.fr/image.ashx?id=2976113&use=l&cat=p&typeid=i","cat":284427},{"id":45097,"n":"Panettone Tradizioni d'Italia 500g","p":5.49,"u":"10,98 €/KG","img":"https://fd13-photos.leclercdrive.fr/image.ashx?id=2743921&use=l&cat=p&typeid=i","cat":293600},{"id":45101,"n":"Carrés de soin Mots d'Enfants Bébés - x100","p":1.99,"u":"0,02 €/P","img":"https://fd13-photos.leclercdrive.fr/image.ashx?id=3014245&use=l&cat=p&typeid=i","cat":284739},{"id":45102,"n":"Culottes bébé Mots d'Enfants  T4 : 8/15kg - x22 changes","p":5.35,"u":"0,24 €/P","img":"https://fd13-photos.leclercdrive.fr/image.ashx?id=2907198&use=l&cat=p&typeid=i","cat":290633},{"id":45138,"n":"Biscuits Bio Bjorg complets P'tit nature - 200g","p":1.49,"u":"7,45 €/KG","img":"https://fd13-photos.leclercdrive.fr/image.ashx?id=2906157&use=l&cat=p&typeid=i","cat":284487},{"id":45148,"n":"Boisson végétale épeautre noisette Bjorg Bio - 1L","p":2.51,"u":"2,51 €/L","img":"https://fd13-photos.leclercdrive.fr/image.ashx?id=2960804&use=l&cat=p&typeid=i","cat":316067},{"id":45149,"n":"Boisson végétale lait d'amande  chocolat bjorg bio - 1l","p":2.6,"u":"2,60 €/L","img":"https://fd13-photos.leclercdrive.fr/image.ashx?id=2939412&use=l&cat=p&typeid=i","cat":316067},{"id":45150,"n":"Biscuits lunettes Bio Bjorg Fraise 200g","p":2.45,"u":"12,25 €/KG","img":"https://fd13-photos.leclercdrive.fr/image.ashx?id=2999976&use=l&cat=p&typeid=i","cat":284489},{"id":45161,"n":"Céréales Bjorg Bio Boulghour quinoa sésame - 250g","p":1.57,"u":"6,28 €/KG","img":"https://fd13-photos.leclercdrive.fr/image.ashx?id=2243287&use=l&cat=p&typeid=i","cat":287600},{"id":45165,"n":"Pots soir bébé bio Babybio Légumes blé - 6 mois - 2x200g","p":2.5,"u":"6,25 €/KG","img":"https://fd13-photos.leclercdrive.fr/image.ashx?id=2827479&use=l&cat=p&typeid=i","cat":312239},{"id":45167,"n":"Flocons avoine bio  Terres et Céréales - 500g","p":1.95,"u":"3,90 €/KG","img":"https://fd13-photos.leclercdrive.fr/image.ashx?id=2471907&use=l&cat=p&typeid=i","cat":309512},{"id":45168,"n":"Bouillon cube bio Jardin Bio Légumes - 72g","p":1.29,"u":"17,92 €/KG","img":"https://fd13-photos.leclercdrive.fr/image.ashx?id=2535535&use=l&cat=p&typeid=i","cat":288379},{"id":45171,"n":"Chocolat noir Bio Ethiquable   70% Pérou - 100g","p":2.88,"u":"28,80 €/KG","img":"https://fd13-photos.leclercdrive.fr/image.ashx?id=2870896&use=l&cat=p&typeid=i","cat":284956},{"id":45172,"n":"Chocolat noir Bio Ethiquable 72% Haïti - 100g","p":3.08,"u":"30,80 €/KG","img":"https://fd13-photos.leclercdrive.fr/image.ashx?id=2870914&use=l&cat=p&typeid=i","cat":284956},{"id":45191,"n":"Couscous Jardin Bio Bio légumes du soleil - 220g","p":2.09,"u":"9,50 €/KG","img":"https://fd13-photos.leclercdrive.fr/image.ashx?id=2535022&use=l&cat=p&typeid=i","cat":287600},{"id":45192,"n":"Pâtes bio Jardin Bio Coquillettes 3 min - 500g","p":1.79,"u":"3,58 €/KG","img":"https://fd13-photos.leclercdrive.fr/image.ashx?id=2939976&use=l&cat=p&typeid=i","cat":284427},{"id":45193,"n":"Chocolat noir Bio Ethiquable  85% Madagascar - 100g","p":2.88,"u":"28,80 €/KG","img":"https://fd13-photos.leclercdrive.fr/image.ashx?id=2870881&use=l&cat=p&typeid=i","cat":284956},{"id":45194,"n":"Chocolat noir Bio Ethiquable  80% Equateur - 100g","p":2.75,"u":"27,50 €/KG","img":"https://fd13-photos.leclercdrive.fr/image.ashx?id=2870917&use=l&cat=p&typeid=i","cat":284956},{"id":45205,"n":"Biscuits fourrés Bio Bjorg  Chocolat lait noisette - 225g","p":3.75,"u":"16,67 €/KG","img":"https://fd13-photos.leclercdrive.fr/image.ashx?id=2970930&use=l&cat=p&typeid=i","cat":284488},{"id":45207,"n":"Biscuits Bio Bjorg Fourrés à la Vanille - 225g","p":3.87,"u":"17,20 €/KG","img":"https://fd13-photos.leclercdrive.fr/image.ashx?id=2912059&use=l&cat=p&typeid=i","cat":284489},{"id":45212,"n":"Duo de quinoa Jardin Bio  Bio aux légumes - 250g","p":1.99,"u":"7,96 €/KG","img":"https://fd13-photos.leclercdrive.fr/image.ashx?id=2535481&use=l&cat=p&typeid=i","cat":287600},{"id":45213,"n":"Flageolets Jardin Bio  Bio cuisinés - 680g","p":3.2,"u":"4,71 €/KG","img":"https://fd13-photos.leclercdrive.fr/image.ashx?id=2918319&use=l&cat=p&typeid=i","cat":312606},{"id":45229,"n":"biscuits gaufres bio bjorg  Miel - 175g","p":2.73,"u":"15,60 €/KG","img":"https://fd13-photos.leclercdrive.fr/image.ashx?id=2915973&use=l&cat=p&typeid=i","cat":294777},{"id":45231,"n":"Huile bio  Cauvin sésame - 25cl","p":2.49,"u":"9,96 €/L","img":"https://fd13-photos.leclercdrive.fr/image.ashx?id=2484224&use=l&cat=p&typeid=i","cat":284453},{"id":45244,"n":"boisson végétale lait d'amande  bio bjorg 1l","p":2.26,"u":"2,26 €/L","img":"https://fd13-photos.leclercdrive.fr/image.ashx?id=2967067&use=l&cat=p&typeid=i","cat":316067},{"id":45245,"n":"Boisson végétale lait d'amande  vanille bjorg bio - 1l","p":2.48,"u":"2,48 €/L","img":"https://fd13-photos.leclercdrive.fr/image.ashx?id=2991978&use=l&cat=p&typeid=i","cat":316067},{"id":45247,"n":"Maïs bio Géant Vert extra croquant - 2x140g","p":2.36,"u":"8,43 €/KG","img":"https://fd13-photos.leclercdrive.fr/image.ashx?id=2840545&use=l&cat=p&typeid=i","cat":312611},{"id":45251,"n":"Lentilles vertes Jardin Bio  Bio saveur du terroir - 250g","p":1.4,"u":"5,60 €/KG","img":"https://fd13-photos.leclercdrive.fr/image.ashx?id=2535559&use=l&cat=p&typeid=i","cat":287600},{"id":45252,"n":"Lentilles Jardin Bio  Bio façon petit salé - 250g","p":1.91,"u":"7,64 €/KG","img":"https://fd13-photos.leclercdrive.fr/image.ashx?id=2535019&use=l&cat=p&typeid=i","cat":287600},{"id":45254,"n":"Infusion Clipper Bio - Citron gingembre - 50g","p":2.17,"u":"43,40 €/KG","img":"https://fd13-photos.leclercdrive.fr/image.ashx?id=2909176&use=l&cat=p&typeid=i","cat":293234},{"id":45261,"n":"Orge riz rouge bio Céréal Bio  lentilles repas express-220g","p":1.79,"u":"7,16 €/KG","img":"https://fd13-photos.leclercdrive.fr/image.ashx?id=2574080&use=l&cat=p&typeid=i","cat":287600},{"id":45262,"n":"Orge pruneaux bio Céréal Bio  Marocain repas express-220g","p":2.01,"u":"9,14 €/KG","img":"https://fd13-photos.leclercdrive.fr/image.ashx?id=2575075&use=l&cat=p&typeid=i","cat":287600},{"id":45267,"n":"Pain grillé Bio Bjorg au Blé complet - 250g","p":2.23,"u":"8,92 €/KG","img":"https://fd13-photos.leclercdrive.fr/image.ashx?id=2757608&use=l&cat=p&typeid=i","cat":284479},{"id":45276,"n":"Pain de mie La Boulangère  Céréales Bio - 500g","p":2.31,"u":"4,62 €/KG","img":"https://fd13-photos.leclercdrive.fr/image.ashx?id=2912398&use=l&cat=p&typeid=i","cat":284477},{"id":45287,"n":"Repas bébé Babybio - 4 mois Légumes Bio - 2x130g","p":2.07,"u":"7,96 €/KG","img":"https://fd13-photos.leclercdrive.fr/image.ashx?id=2827443&use=l&cat=p&typeid=i","cat":312234},{"id":45288,"n":"Compote bébé Babybio Bio 4 mois Pomme / Myrtille - 2x130g","p":1.94,"u":"7,46 €/KG","img":"https://fd13-photos.leclercdrive.fr/image.ashx?id=2827491&use=l&cat=p&typeid=i","cat":312387},{"id":45290,"n":"Petits pois Le jardin Bio  Bio extra fins - 445g","p":2.98,"u":"6,70 €/KG","img":"https://fd13-photos.leclercdrive.fr/image.ashx?id=2944735&use=l&cat=p&typeid=i","cat":312607},{"id":45291,"n":"Quinoa Jardin Bio  Bio poulet et Sésame - 250g","p":1.94,"u":"7,76 €/KG","img":"https://fd13-photos.leclercdrive.fr/image.ashx?id=2956433&use=l&cat=p&typeid=i","cat":287600},{"id":45294,"n":"Asperges blanches D'Aucy Grosses x2 410g","p":5.75,"u":"14,02 €/KG","img":"https://fd13-photos.leclercdrive.fr/image.ashx?id=2488854&use=l&cat=p&typeid=i","cat":312611},{"id":45295,"n":"Asperges vertes d'Aucy Grosses - x2 - 370g","p":5.75,"u":"15,54 €/KG","img":"https://fd13-photos.leclercdrive.fr/image.ashx?id=2217987&use=l&cat=p&typeid=i","cat":312611},{"id":45319,"n":"Pineau blanc Charentes NRT  17% vol - 75cl","p":7.95,"u":"10,60 €/L","img":"https://fd13-photos.leclercdrive.fr/image.ashx?id=2953743&use=l&cat=p&typeid=i","cat":284913},{"id":45340,"n":"Tartine  Céréal Bio  Bio multicéréales - 145g","p":1.55,"u":"10,69 €/KG","img":"https://fd13-photos.leclercdrive.fr/image.ashx?id=2810795&use=l&cat=p&typeid=i","cat":284479},{"id":45351,"n":"Tartines bio Jardin Bio Sarrasin sans gluten - 150g","p":2.05,"u":"13,67 €/KG","img":"https://fd13-photos.leclercdrive.fr/image.ashx?id=2535547&use=l&cat=p&typeid=i","cat":318654},{"id":45353,"n":"Tartines bio Jardin Bio Multicéréales sans gluten -150g","p":2.13,"u":"14,20 €/KG","img":"https://fd13-photos.leclercdrive.fr/image.ashx?id=2537646&use=l&cat=p&typeid=i","cat":318654},{"id":45354,"n":"Tartines bio Jardin Bio Châtaigne sans gluten - 150g","p":2.23,"u":"14,87 €/KG","img":"https://fd13-photos.leclercdrive.fr/image.ashx?id=2537649&use=l&cat=p&typeid=i","cat":318654},{"id":45355,"n":"Thé vert Bio Clipper Au Citron - 20 sachets - 35g","p":1.99,"u":"56,86 €/KG","img":"https://fd13-photos.leclercdrive.fr/image.ashx?id=2922089&use=l&cat=p&typeid=i","cat":293233},{"id":45372,"n":"Tomates pelées Jardin Bio  Bio Entières au jus - 240g","p":1.1,"u":"4,58 €/KG","img":"https://fd13-photos.leclercdrive.fr/image.ashx?id=2967911&use=l&cat=p&typeid=i","cat":288384},{"id":45415,"n":"Fromage Emmental Entremont Râpé  - 300g","p":3.33,"u":"11,10 €/KG","img":"https://fd13-photos.leclercdrive.fr/image.ashx?id=2983156&use=l&cat=p&typeid=i","cat":314035},{"id":45454,"n":"Soufflés Tornades 3D Tokapi  Paprika 85g","p":0.73,"u":"8,59 €/KG","img":"https://fd13-photos.leclercdrive.fr/image.ashx?id=2953347&use=l&cat=p&typeid=i","cat":284449},{"id":45456,"n":"Chips Bio Village Bio Nature - 6x30g","p":2.99,"u":"16,61 €/KG","img":"https://fd13-photos.leclercdrive.fr/image.ashx?id=2838957&use=l&cat=p&typeid=i","cat":284447},{"id":45457,"n":"Mogette sèche IGP NRT De Vendée - 500g","p":3.09,"u":"6,18 €/KG","img":"https://fd13-photos.leclercdrive.fr/image.ashx?id=2771411&use=l&cat=p&typeid=i","cat":284430},{"id":45478,"n":"Nettoyant lave-vaisselle Visior 3x40g","p":2.9,"u":"24,17 €/KG","img":"https://fd13-photos.leclercdrive.fr/image.ashx?id=2742694&use=l&cat=p&typeid=i","cat":284657},{"id":45483,"n":"Pastilles javel Clair Parfum Menthe x42 - 168g","p":1.44,"u":"8,57 €/KG","img":"https://fd13-photos.leclercdrive.fr/image.ashx?id=2631447&use=l&cat=p&typeid=i","cat":284661},{"id":45498,"n":"Sacs poubelle 30L Elembal Ultra resist - x20","p":3.25,"u":"0,16 €/P","img":"https://fd13-photos.leclercdrive.fr/image.ashx?id=2958729&use=l&cat=p&typeid=i","cat":285168},{"id":45499,"n":"Sacs poubelle 50L Elembal Ultra résist - x15","p":3.9,"u":"0,26 €/P","img":"https://fd13-photos.leclercdrive.fr/image.ashx?id=2958732&use=l&cat=p&typeid=i","cat":285168},{"id":45500,"n":"Sacs poubelle 100L Elembal Ultra résist - x10","p":3.73,"u":"0,37 €/P","img":"https://fd13-photos.leclercdrive.fr/image.ashx?id=2958735&use=l&cat=p&typeid=i","cat":285168},{"id":45536,"n":"Taboulé Bonduelle Poulet - 300g","p":1.7,"u":"5,67 €/KG","img":"https://fd13-photos.leclercdrive.fr/image.ashx?id=2907902&use=l&cat=p&typeid=i","cat":333657},{"id":45540,"n":"Pizza l'Ovale Sodebo Jambon et fromages - 200g","p":1.44,"u":"7,20 €/KG","img":"https://fd13-photos.leclercdrive.fr/image.ashx?id=2407211&use=l&cat=p&typeid=i","cat":333679},{"id":45541,"n":"Pizza l'Ovale Sodebo 3 fromages fondants - 200g","p":1.48,"u":"7,40 €/KG","img":"https://fd13-photos.leclercdrive.fr/image.ashx?id=2723644&use=l&cat=p&typeid=i","cat":333679},{"id":45576,"n":"Fromage raclette Les Croisés  Nature et fumé 400g","p":5.34,"u":"13,35 €/KG","img":"https://fd13-photos.leclercdrive.fr/image.ashx?id=2793233&use=l&cat=p&typeid=i","cat":314037},{"id":45636,"n":"Bouquet garni Ducros Epices à la provençale - 18g","p":1.28,"u":"71,11 €/KG","img":"https://fd13-photos.leclercdrive.fr/image.ashx?id=1715377&use=l&cat=p&typeid=i","cat":298297},{"id":45642,"n":"Ratatouille Cuisinée Cassegrain à la Provençale 185g","p":1.84,"u":"9,95 €/KG","img":"https://fd13-photos.leclercdrive.fr/image.ashx?id=2913007&use=l&cat=p&typeid=i","cat":312612},{"id":45644,"n":"Recharge SpaWax Expert Veet Figue Sucrée et Lys Violet x6","p":5.63,"u":"37,53 €/KG","img":"https://fd13-photos.leclercdrive.fr/image.ashx?id=2854351&use=l&cat=p&typeid=i","cat":325351},{"id":45671,"n":"Chips Bret's Chèvre/piment d'espelette -125g","p":1.17,"u":"9,36 €/KG","img":"https://fd13-photos.leclercdrive.fr/image.ashx?id=1941593&use=l&cat=p&typeid=i","cat":284447},{"id":45708,"n":"Yaourt à boire Mini Yop Aromatisé Fraise - 8x100g","p":2.29,"u":"2,86 €/KG","img":"https://fd13-photos.leclercdrive.fr/image.ashx?id=2985159&use=l&cat=p&typeid=i","cat":284415},{"id":45710,"n":"Fromage Burger cheddar/emmental Président - 20 tranches - 340g","p":2.61,"u":"7,68 €/KG","img":"https://fd13-photos.leclercdrive.fr/image.ashx?id=2628239&use=l&cat=p&typeid=i","cat":314028},{"id":45711,"n":"Fromage Croque emmental Président - 20 tranches - 340g","p":2.87,"u":"8,44 €/KG","img":"https://fd13-photos.leclercdrive.fr/image.ashx?id=2838163&use=l&cat=p&typeid=i","cat":314028},{"id":45712,"n":"Emmental râpé fondant Président 500g","p":4.84,"u":"9,68 €/KG","img":"https://fd13-photos.leclercdrive.fr/image.ashx?id=2489464&use=l&cat=p&typeid=i","cat":314035},{"id":45756,"n":"Couette unie Microstop Tissaia Anti-acariens - 260x240cm","p":59.89,"u":"Dont 0,60 € d'éco-part.","img":"https://fd13-photos.leclercdrive.fr/image.ashx?id=2648439&use=l&cat=p&typeid=i","cat":288835},{"id":45805,"n":"Emincé de thon Rondes des Mers Fumé - 100g","p":4.19,"u":"41,90 €/KG","img":"https://fd13-photos.leclercdrive.fr/image.ashx?id=2381435&use=l&cat=p&typeid=i","cat":285188},{"id":45813,"n":"Cire divine Nair Monoï - 400g","p":6.73,"u":"16,83 €/KG","img":"https://fd13-photos.leclercdrive.fr/image.ashx?id=2903239&use=l&cat=p&typeid=i","cat":325351},{"id":45816,"n":"Limoncello Sorentini 50cl","p":7.92,"u":"15,84 €/L","img":"https://fd13-photos.leclercdrive.fr/image.ashx?id=2833537&use=l&cat=p&typeid=i","cat":286032},{"id":45825,"n":"Brosse à dents pro Dentamyl Souple x2","p":0.72,"u":"0,36 €/P","img":"https://fd13-photos.leclercdrive.fr/image.ashx?id=2790979&use=l&cat=p&typeid=i","cat":284614},{"id":45826,"n":"Brosse à dents pro Dentamyl Médium x2","p":0.65,"u":"0,33 €/P","img":"https://fd13-photos.leclercdrive.fr/image.ashx?id=2790982&use=l&cat=p&typeid=i","cat":284614},{"id":45867,"n":"Crème dessert Mont Blanc Coupelles Chocolat - 4x125g","p":3.22,"u":"6,44 €/KG","img":"https://fd13-photos.leclercdrive.fr/image.ashx?id=2961104&use=l&cat=p&typeid=i","cat":284506},{"id":45868,"n":"Crème dessert Mont Blanc Coupelles Vanille - 4x125g","p":3.25,"u":"6,50 €/KG","img":"https://fd13-photos.leclercdrive.fr/image.ashx?id=2967301&use=l&cat=p&typeid=i","cat":284506},{"id":45869,"n":"Crème dessert Mont Blanc Coupelles Praliné - 4x125g","p":3.29,"u":"6,58 €/KG","img":"https://fd13-photos.leclercdrive.fr/image.ashx?id=2951890&use=l&cat=p&typeid=i","cat":284506},{"id":45870,"n":"Vinaigre ménager Clair 100% naturel - 1L","p":1.08,"u":"1,08 €/L","img":"https://fd13-photos.leclercdrive.fr/image.ashx?id=2779199&use=l&cat=p&typeid=i","cat":325365},{"id":45908,"n":"Biscuits fourrés Prince Chocolat - 3x300g","p":3.84,"u":"4,27 €/KG","img":"https://fd13-photos.leclercdrive.fr/image.ashx?id=3014641&use=l&cat=p&typeid=i","cat":284488},{"id":45914,"n":"Caramel beurre salé NRT De Guérande -200g","p":3.29,"u":"16,45 €/KG","img":"https://fd13-photos.leclercdrive.fr/image.ashx?id=1907759&use=l&cat=p&typeid=i","cat":284481},{"id":45923,"n":"Pur jus d'orange Bio Village Bio avec pulpe - 1L","p":3.11,"u":"3,11 €/L","img":"https://fd13-photos.leclercdrive.fr/image.ashx?id=2901542&use=l&cat=p&typeid=i","cat":284521},{"id":45965,"n":"Saucisses Knacki Herta Poulet x6 - 210g","p":1.61,"u":"7,67 €/KG","img":"https://fd13-photos.leclercdrive.fr/image.ashx?id=2290428&use=l&cat=p&typeid=i","cat":316012},{"id":46006,"n":"AOP Jurançon vin blanc Moelleux Terrasses d'Autan-75cl","p":6.99,"u":"9,32 €/L","img":"https://fd13-photos.leclercdrive.fr/image.ashx?id=2774859&use=l&cat=p&typeid=i","cat":289557},{"id":46016,"n":"Chocolat Pâtissier Tablette dOr Chocolat Noir - 3x200g","p":5.35,"u":"8,92 €/KG","img":"https://fd13-photos.leclercdrive.fr/image.ashx?id=2958519&use=l&cat=p&typeid=i","cat":285562},{"id":46037,"n":"Biscottes Toast Pelletier  Goût brioché - 150g","p":1.36,"u":"9,07 €/KG","img":"https://fd13-photos.leclercdrive.fr/image.ashx?id=1888023&use=l&cat=p&typeid=i","cat":284479},{"id":46047,"n":"Sirop d'érable  250g","p":3.3,"u":"13,20 €/KG","img":"https://fd13-photos.leclercdrive.fr/image.ashx?id=2480298&use=l&cat=p&typeid=i","cat":287643},{"id":46048,"n":"Céréales Tipiak De campagne - 330g","p":2.69,"u":"8,15 €/KG","img":"https://fd13-photos.leclercdrive.fr/image.ashx?id=2563721&use=l&cat=p&typeid=i","cat":284429},{"id":46051,"n":"Menus chat Tous mes amis Viande menus gourmands 24x100g","p":6.95,"u":"2,90 €/KG","img":"https://fd13-photos.leclercdrive.fr/image.ashx?id=2027607&use=l&cat=p&typeid=i","cat":285286},{"id":46052,"n":"Gelée pour chat Tous mes amis Poisson menus gourmands 24x100g","p":6.95,"u":"2,90 €/KG","img":"https://fd13-photos.leclercdrive.fr/image.ashx?id=2027604&use=l&cat=p&typeid=i","cat":285286},{"id":46156,"n":"Thon mariné Petit Navire Basilic - 2x110g","p":3.84,"u":"17,45 €/KG","img":"https://fd13-photos.leclercdrive.fr/image.ashx?id=2522551&use=l&cat=p&typeid=i","cat":303867},{"id":46160,"n":"Bière blanche Hoegaarden 4,9% - 12x25cl","p":8.46,"u":"2,82 €/L","img":"https://fd13-photos.leclercdrive.fr/image.ashx?id=2948420&use=l&cat=p&typeid=i","cat":334878},{"id":46166,"n":"Crackers bio Bio Village 3 graines - 200g","p":2.69,"u":"13,45 €/KG","img":"https://fd13-photos.leclercdrive.fr/image.ashx?id=2310504&use=l&cat=p&typeid=i","cat":297000},{"id":46224,"n":"Friandises chien Pedigree Récompense bœuf fromage - 140g","p":1.72,"u":"12,29 €/KG","img":"https://fd13-photos.leclercdrive.fr/image.ashx?id=2256203&use=l&cat=p&typeid=i","cat":294527},{"id":46381,"n":"Fromage Emmenta Les Croisés En dés - 150g","p":1.89,"u":"12,60 €/KG","img":"https://fd13-photos.leclercdrive.fr/image.ashx?id=2422550&use=l&cat=p&typeid=i","cat":314027},{"id":46382,"n":"Protège-document Esquisse Turquoise - A4 - 60 vues","p":1.95,"img":"https://fd13-photos.leclercdrive.fr/image.ashx?id=1694260&use=l&cat=p&typeid=i","cat":284745},{"id":46433,"n":"Poivrons Tradizioni D'italia  Grillés/huile d'olive - 280g","p":3.49,"u":"12,46 €/KG","img":"https://fd13-photos.leclercdrive.fr/image.ashx?id=2840046&use=l&cat=p&typeid=i","cat":312608},{"id":46462,"n":"Mini coudes Turini 500g","p":0.99,"u":"1,98 €/KG","img":"https://fd13-photos.leclercdrive.fr/image.ashx?id=2607566&use=l&cat=p&typeid=i","cat":284427},{"id":46471,"n":"IGP Pâte Garofalo  Linguine - 500g","p":1.69,"u":"3,38 €/KG","img":"https://fd13-photos.leclercdrive.fr/image.ashx?id=3005347&use=l&cat=p&typeid=i","cat":284427},{"id":46473,"n":"Rhum blanc Trois Rivières 40% vol - 70cl","p":11.09,"u":"15,84 €/L","img":"https://fd13-photos.leclercdrive.fr/image.ashx?id=2766334&use=l&cat=p&typeid=i","cat":284550},{"id":46498,"n":"Pomme de terre Bio Bio Village Four Potage - 1.5kg","p":2.99,"u":"1,99 €/KG","img":"https://fd13-photos.leclercdrive.fr/image.ashx?id=2959752&use=l&cat=p&typeid=i","cat":284352},{"id":46535,"n":"Passoire Ardence 24 cm - x1","p":2.5,"img":"https://fd13-photos.leclercdrive.fr/image.ashx?id=2777927&use=l&cat=p&typeid=i","cat":334135},{"id":46540,"n":"Croquette chat stérilisé Ultima Poulet - Sénior +10 ans - 1.5kg","p":6.95,"u":"4,63 €/KG","img":"https://fd13-photos.leclercdrive.fr/image.ashx?id=2922227&use=l&cat=p&typeid=i","cat":284680},{"id":46541,"n":"Croquette chat stérilisé Ultima Chat d'intérieur - Dinde -1.5kg","p":6.87,"u":"4,58 €/KG","img":"https://fd13-photos.leclercdrive.fr/image.ashx?id=2927009&use=l&cat=p&typeid=i","cat":284680},{"id":46547,"n":"Croquette chat stérilisé Ultima  Truite - Sensible - 1.5kg","p":6.94,"u":"4,63 €/KG","img":"https://fd13-photos.leclercdrive.fr/image.ashx?id=2937436&use=l&cat=p&typeid=i","cat":284680},{"id":46654,"n":"Bière blonde La Chouffe 33cl","p":2.17,"u":"6,58 €/L","img":"https://fd13-photos.leclercdrive.fr/image.ashx?id=2877073&use=l&cat=p&typeid=i","cat":334872},{"id":46667,"n":"Monster Munch Salé - 135g","p":1.37,"u":"10,15 €/KG","img":"https://fd13-photos.leclercdrive.fr/image.ashx?id=2996935&use=l&cat=p&typeid=i","cat":284449},{"id":46703,"n":"Spray désodorisant Airwick  Pure Douceur de Coton - 250ml","p":2.69,"u":"10,76 €/L","img":"https://fd13-photos.leclercdrive.fr/image.ashx?id=2858600&use=l&cat=p&typeid=i","cat":311626},{"id":46875,"n":"Crème dessert Mont Blanc Coupelles Caramel - 4x125g","p":3.02,"u":"6,04 €/KG","img":"https://fd13-photos.leclercdrive.fr/image.ashx?id=3011002&use=l&cat=p&typeid=i","cat":284506},{"id":46981,"n":"Petit cake Bonne Maman Aux fruits - 300g","p":3.29,"u":"10,97 €/KG","img":"https://fd13-photos.leclercdrive.fr/image.ashx?id=2936173&use=l&cat=p&typeid=i","cat":284493},{"id":46982,"n":"Cookies gros éclats Granola Chocolat - 276g","p":2.42,"u":"8,77 €/KG","img":"https://fd13-photos.leclercdrive.fr/image.ashx?id=3005335&use=l&cat=p&typeid=i","cat":325066},{"id":46984,"n":"Café et Chicorée Soluble Ricoré  Original Recharge - 180g","p":3.78,"u":"21,00 €/KG","img":"https://fd13-photos.leclercdrive.fr/image.ashx?id=2980112&use=l&cat=p&typeid=i","cat":284843},{"id":46985,"n":"Café et Chicorée Soluble Ricoré  Noir Intense - 240g","p":6.81,"u":"28,38 €/KG","img":"https://fd13-photos.leclercdrive.fr/image.ashx?id=2980115&use=l&cat=p&typeid=i","cat":284843},{"id":46990,"n":"Chocolat en poudre Nestlé Boîte - 500g","p":4.59,"u":"9,18 €/KG","img":"https://fd13-photos.leclercdrive.fr/image.ashx?id=2817335&use=l&cat=p&typeid=i","cat":293235},{"id":47034,"n":"Litière chats Tranquille Cristale - 4L","p":6.09,"u":"1,52 €/L","img":"https://fd13-photos.leclercdrive.fr/image.ashx?id=2092256&use=l&cat=p&typeid=i","cat":284683},{"id":47038,"n":"Beurre de cacahuètes Ethiquable  Nicaragua - 350g","p":3.88,"u":"11,09 €/KG","img":"https://fd13-photos.leclercdrive.fr/image.ashx?id=2873396&use=l&cat=p&typeid=i","cat":284481},{"id":47127,"n":"Bière Red Desperados 5.9%vol. - 6x33cl","p":8.8,"u":"4,44 €/L","img":"https://fd13-photos.leclercdrive.fr/image.ashx?id=2766229&use=l&cat=p&typeid=i","cat":334878},{"id":47128,"n":"Vin Union Européenne rouge Le Tonnelier - BIB 5L","p":8.93,"u":"1,79 €/L","img":"https://fd13-photos.leclercdrive.fr/image.ashx?id=2107468&use=l&cat=p&typeid=i","cat":289560},{"id":47129,"n":"Vin Union Européenne rouge Cabernet Sauvignon - BIB 5L","p":14.42,"u":"2,88 €/L","img":"https://fd13-photos.leclercdrive.fr/image.ashx?id=2476491&use=l&cat=p&typeid=i","cat":289560},{"id":47132,"n":"IGP Pays d'Oc blanc Les Ormes De Cambras Sauvignon 12% BIB 5L","p":15.5,"u":"3,10 €/L","img":"https://fd13-photos.leclercdrive.fr/image.ashx?id=2192389&use=l&cat=p&typeid=i","cat":289557},{"id":47169,"n":"Sacs poubelle 10L Elembal Salle de bain - x20","p":0.8,"u":"0,04 €/P","img":"https://fd13-photos.leclercdrive.fr/image.ashx?id=1732829&use=l&cat=p&typeid=i","cat":285168},{"id":47171,"n":"Papier toilette Eco+ x4","p":1.3,"u":"0,33 €/P","img":"https://fd13-photos.leclercdrive.fr/image.ashx?id=2765831&use=l&cat=p&typeid=i","cat":284634},{"id":47180,"n":"Gel douche enfant Tahiti Fruits exotiques - 300ml","p":1.92,"u":"6,40 €/L","img":"https://fd13-photos.leclercdrive.fr/image.ashx?id=2687332&use=l&cat=p&typeid=i","cat":284594},{"id":47181,"n":"Essuie-tout compact 3=9 Eco+ x3","p":2.27,"u":"0,76 €/P","img":"https://fd13-photos.leclercdrive.fr/image.ashx?id=2726688&use=l&cat=p&typeid=i","cat":284635},{"id":47253,"n":"Escalope de dinde Le Gaulois x6 - 720g","p":10.93,"u":"15,18 €/KG","img":"https://fd13-photos.leclercdrive.fr/image.ashx?id=2405506&use=l&cat=p&typeid=i","cat":284337},{"id":47254,"n":"Pâtes Coudes Rayés Turini 1kg","p":1.75,"u":"1,75 €/KG","img":"https://fd13-photos.leclercdrive.fr/image.ashx?id=2980809&use=l&cat=p&typeid=i","cat":284427},{"id":47255,"n":"Pâtes linguine Turini  500g","p":0.91,"u":"1,82 €/KG","img":"https://fd13-photos.leclercdrive.fr/image.ashx?id=2607554&use=l&cat=p&typeid=i","cat":284427},{"id":47256,"n":"Pâtes Farfalles Turini  1kg","p":1.2,"u":"1,20 €/KG","img":"https://fd13-photos.leclercdrive.fr/image.ashx?id=2665574&use=l&cat=p&typeid=i","cat":284427},{"id":47257,"n":"Pâtes Spaghettoni Turini  500g","p":0.84,"u":"1,68 €/KG","img":"https://fd13-photos.leclercdrive.fr/image.ashx?id=2607557&use=l&cat=p&typeid=i","cat":284427},{"id":47258,"n":"Pâtes coquillettes Turini Blé complet  - 500g","p":1.09,"u":"2,18 €/KG","img":"https://fd13-photos.leclercdrive.fr/image.ashx?id=2607563&use=l&cat=p&typeid=i","cat":284427},{"id":47259,"n":"Pistaches Tokapi  Grillées à sec - 75g","p":1.65,"u":"22,00 €/KG","img":"https://fd13-photos.leclercdrive.fr/image.ashx?id=2795571&use=l&cat=p&typeid=i","cat":284448},{"id":47263,"n":"Brossettes Dentamyl Interdentaires - x5","p":2.49,"u":"0,50 €/P","img":"https://fd13-photos.leclercdrive.fr/image.ashx?id=2672879&use=l&cat=p&typeid=i","cat":285159},{"id":47358,"n":"Sandwich Mega Club  Complet Jambon Emmental - 230g","p":2.13,"u":"9,26 €/KG","img":"https://fd13-photos.leclercdrive.fr/image.ashx?id=2959928&use=l&cat=p&typeid=i","cat":333658},{"id":47359,"n":"Sandwich Mega Club Sodebo  Pain Complet Poulet Mayo - 230g","p":1.86,"u":"8,09 €/KG","img":"https://fd13-photos.leclercdrive.fr/image.ashx?id=2960156&use=l&cat=p&typeid=i","cat":333658},{"id":47360,"n":"Fromage à tartiner Madame Loïk Fouetté Ail Fines Herbes - 150g","p":1.78,"u":"11,87 €/KG","img":"https://fd13-photos.leclercdrive.fr/image.ashx?id=2948021&use=l&cat=p&typeid=i","cat":314029},{"id":47361,"n":"Bûche de chèvre Président 250g","p":2.95,"u":"11,80 €/KG","img":"https://fd13-photos.leclercdrive.fr/image.ashx?id=2446647&use=l&cat=p&typeid=i","cat":314031},{"id":47381,"n":"Vin Union européenne blanc Lichette 11° - 75 cl","p":2.5,"u":"3,33 €/L","img":"https://fd13-photos.leclercdrive.fr/image.ashx?id=2943855&use=l&cat=p&typeid=i","cat":289557},{"id":47382,"n":"Vin Union Européenne rouge Cramoisay - BIB 5L","p":12.95,"u":"2,59 €/L","img":"https://fd13-photos.leclercdrive.fr/image.ashx?id=2943861&use=l&cat=p&typeid=i","cat":289560},{"id":47389,"n":"AOP Bordeaux rouge Bio Nos racines - 75cl","p":5.94,"u":"7,92 €/L","img":"https://fd13-photos.leclercdrive.fr/image.ashx?id=2544452&use=l&cat=p&typeid=i","cat":289556},{"id":47438,"n":"Chewing-gum Freedent White  Bubble menthe 5x10  - 70g","p":2.28,"u":"32,57 €/KG","img":"https://fd13-photos.leclercdrive.fr/image.ashx?id=1934997&use=l&cat=p&typeid=i","cat":304251},{"id":47472,"n":"Bouillon herbe Knorr Huile d'olive puget x15 - 150g","p":1.19,"u":"7,93 €/KG","img":"https://fd13-photos.leclercdrive.fr/image.ashx?id=2940681&use=l&cat=p&typeid=i","cat":288379},{"id":47474,"n":"Thon entier Le Savoureux À l'huile d'olive - 2x160g","p":5.87,"u":"18,34 €/KG","img":"https://fd13-photos.leclercdrive.fr/image.ashx?id=2170520&use=l&cat=p&typeid=i","cat":303867},{"id":47512,"n":"Whisky Jack Daniel's Old N°7 1,5L","p":43.39,"u":"28,93 €/L","img":"https://fd13-photos.leclercdrive.fr/image.ashx?id=2986840&use=l&cat=p&typeid=i","cat":284547},{"id":47528,"n":"Vin mousseux J.P Chenet Blanc 11%vol - 75cl","p":5.18,"u":"6,91 €/L","img":"https://fd13-photos.leclercdrive.fr/image.ashx?id=2794469&use=l&cat=p&typeid=i","cat":284544},{"id":47542,"n":"Starmint Haribo Sachet bonbons menthe - 200g","p":1.39,"u":"6,95 €/KG","img":"https://fd13-photos.leclercdrive.fr/image.ashx?id=2984889&use=l&cat=p&typeid=i","cat":304252},{"id":47543,"n":"Sucettes Chupa Chups Au fruits, sachet - 192g","p":2.26,"u":"11,77 €/KG","img":"https://fd13-photos.leclercdrive.fr/image.ashx?id=2647651&use=l&cat=p&typeid=i","cat":304252},{"id":47646,"n":"Pâtes Macaroni Panzani  3 Minutes - 500G","p":1.24,"u":"2,48 €/KG","img":"https://fd13-photos.leclercdrive.fr/image.ashx?id=2896081&use=l&cat=p&typeid=i","cat":284427},{"id":47651,"n":"Huile d'olive bio Soleou Vierge extra caractère - 75cl","p":9.99,"u":"13,32 €/L","img":"https://fd13-photos.leclercdrive.fr/image.ashx?id=2549654&use=l&cat=p&typeid=i","cat":284453},{"id":47657,"n":"Bâtonnets Dentastix Pedigree Grand chien x56 - 2160g","p":15.08,"u":"6,98 €/KG","img":"https://fd13-photos.leclercdrive.fr/image.ashx?id=2980064&use=l&cat=p&typeid=i","cat":294527},{"id":47658,"n":"Bâtonnets  Dentastix Pedigree Petit chien x56 - 880g","p":9.17,"u":"10,42 €/KG","img":"https://fd13-photos.leclercdrive.fr/image.ashx?id=2937787&use=l&cat=p&typeid=i","cat":294527},{"id":47667,"n":"Pâtes Penne Rigate Panzani 3 Minutes - 500G","p":1.09,"u":"2,18 €/KG","img":"https://fd13-photos.leclercdrive.fr/image.ashx?id=2896087&use=l&cat=p&typeid=i","cat":284427},{"id":47668,"n":"Pâtes Spaghetti Panzani Prêt en 3 min - 1kg","p":2.23,"u":"2,23 €/KG","img":"https://fd13-photos.leclercdrive.fr/image.ashx?id=2896102&use=l&cat=p&typeid=i","cat":284427},{"id":47681,"n":"Sauce pizza Turini aux tomates et origan - 390g","p":0.99,"u":"2,54 €/KG","img":"https://fd13-photos.leclercdrive.fr/image.ashx?id=2412025&use=l&cat=p&typeid=i","cat":288384},{"id":47686,"n":"Fromage Spécialité Babybel Maxi - 200g","p":2.15,"u":"10,75 €/KG","img":"https://fd13-photos.leclercdrive.fr/image.ashx?id=2806913&use=l&cat=p&typeid=i","cat":314030},{"id":47693,"n":"AOP Saint-Émilion vin rouge Chantet Blanet - 75cl","p":8.95,"u":"11,93 €/L","img":"https://fd13-photos.leclercdrive.fr/image.ashx?id=2677116&use=l&cat=p&typeid=i","cat":289556},{"id":47694,"n":"AOC Sauternes vin blanc Chantet Blanet - 75cl","p":12.99,"u":"17,32 €/L","img":"https://fd13-photos.leclercdrive.fr/image.ashx?id=2748055&use=l&cat=p&typeid=i","cat":289557},{"id":47702,"n":"Sirop La Maison Guiot Violette - 70cl","p":3.1,"u":"4,43 €/L","img":"https://fd13-photos.leclercdrive.fr/image.ashx?id=2014832&use=l&cat=p&typeid=i","cat":295020},{"id":47718,"n":"Boisson gourmande PAGO Cocktail Tropical Vitaminé - 75cl","p":1.87,"u":"2,49 €/L","img":"https://fd13-photos.leclercdrive.fr/image.ashx?id=2861854&use=l&cat=p&typeid=i","cat":284917},{"id":47722,"n":"Compotes Pom'Potes Gourdes  Pomme Nature - 12x90g","p":4.58,"u":"4,24 €/KG","img":"https://fd13-photos.leclercdrive.fr/image.ashx?id=2968082&use=l&cat=p&typeid=i","cat":284508},{"id":47724,"n":"Compotes Pom'Potes Gourdes  Sans sucres- 20x90g","p":7.67,"u":"4,26 €/KG","img":"https://fd13-photos.leclercdrive.fr/image.ashx?id=2883408&use=l&cat=p&typeid=i","cat":284508},{"id":47726,"n":"Bière Red Desperados 5.9%vol. - 3x33cl","p":5.11,"u":"5,16 €/L","img":"https://fd13-photos.leclercdrive.fr/image.ashx?id=2918640&use=l&cat=p&typeid=i","cat":334878},{"id":47734,"n":"Huile spécial fondue Cauvin 1L","p":5.25,"u":"5,25 €/L","img":"https://fd13-photos.leclercdrive.fr/image.ashx?id=2484218&use=l&cat=p&typeid=i","cat":284453},{"id":47742,"n":"Lait nuage de lait Régilait Non sucré entier - 10x14g","p":0.99,"u":"7,07 €/KG","img":"https://fd13-photos.leclercdrive.fr/image.ashx?id=2018649&use=l&cat=p&typeid=i","cat":299162},{"id":47772,"n":"Chips Lay's Saveur cheeseburger - 120g","p":1.49,"u":"12,42 €/KG","img":"https://fd13-photos.leclercdrive.fr/image.ashx?id=3011134&use=l&cat=p&typeid=i","cat":284447},{"id":47773,"n":"Aide culinaire papillote Maggi Mijoté paysan - 32g","p":0.65,"u":"20,31 €/KG","img":"https://fd13-photos.leclercdrive.fr/image.ashx?id=2971386&use=l&cat=p&typeid=i","cat":288380},{"id":47790,"n":"Crottin poitevin NRT Fromage de chèvre - 2x60g","p":3.1,"u":"25,83 €/KG","img":"https://fd13-photos.leclercdrive.fr/image.ashx?id=2932432&use=l&cat=p&typeid=i","cat":314031},{"id":47793,"n":"Cancoillotte aux noix NRT IGP 250g","p":2.09,"u":"8,36 €/KG","img":"https://fd13-photos.leclercdrive.fr/image.ashx?id=2663857&use=l&cat=p&typeid=i","cat":314037},{"id":47794,"n":"Fromage Tomme de Savoie NRT IGP 300g","p":4.29,"u":"14,30 €/KG","img":"https://fd13-photos.leclercdrive.fr/image.ashx?id=2934835&use=l&cat=p&typeid=i","cat":329184},{"id":47795,"n":"Papier toilette humide Lotus Aloe Douceur - x42 feuilles","p":1.78,"u":"0,04 €/P","img":"https://fd13-photos.leclercdrive.fr/image.ashx?id=2864840&use=l&cat=p&typeid=i","cat":284634},{"id":47796,"n":"Papier toilette humide Lotus Pure - x42 feuilles","p":1.65,"u":"0,04 €/P","img":"https://fd13-photos.leclercdrive.fr/image.ashx?id=2866070&use=l&cat=p&typeid=i","cat":284634},{"id":47812,"n":"Shampooing Gliss Ultimate  Cheveux sec flacon - 250ml","p":2.99,"u":"11,96 €/L","img":"https://fd13-photos.leclercdrive.fr/image.ashx?id=2868933&use=l&cat=p&typeid=i","cat":284606},{"id":47843,"n":"Cordon bleu poulet Maître Coq 1kg","p":6.18,"u":"6,18 €/KG","img":"https://fd13-photos.leclercdrive.fr/image.ashx?id=2939475&use=l&cat=p&typeid=i","cat":319780},{"id":47927,"n":"Blinis Cocktail Blini x16 - 135g","p":1.99,"u":"14,74 €/KG","img":"https://fd13-photos.leclercdrive.fr/image.ashx?id=2947952&use=l&cat=p&typeid=i","cat":285191},{"id":47999,"n":"Boisson à base de thé Arizona Thé vert et grenade - 50cl","p":1.26,"u":"2,52 €/L","img":"https://fd13-photos.leclercdrive.fr/image.ashx?id=2143489&use=l&cat=p&typeid=i","cat":295019},{"id":48007,"n":"Vin mousseux de France Kriter blanc Demi-sec - 75cl","p":4.84,"u":"6,45 €/L","img":"https://fd13-photos.leclercdrive.fr/image.ashx?id=2840871&use=l&cat=p&typeid=i","cat":284544},{"id":48029,"n":"Sirop Moulin de Valdonne Pêche blanche - 70cl","p":3.32,"u":"4,74 €/L","img":"https://fd13-photos.leclercdrive.fr/image.ashx?id=2842678&use=l&cat=p&typeid=i","cat":295020},{"id":48055,"n":"Hachis parmentier Marie  1kg","p":5.18,"u":"5,18 €/KG","img":"https://fd13-photos.leclercdrive.fr/image.ashx?id=2993385&use=l&cat=p&typeid=i","cat":284254},{"id":48079,"n":"Vinaigre de Cidre MAILLE au jus de pomme concentré 50cl","p":1.79,"u":"3,58 €/L","img":"https://fd13-photos.leclercdrive.fr/image.ashx?id=2945421&use=l&cat=p&typeid=i","cat":298543},{"id":48083,"n":"Miel liquide Lune de Miel Doux et frais - 340g","p":4.45,"u":"13,09 €/KG","img":"https://fd13-photos.leclercdrive.fr/image.ashx?id=2019198&use=l&cat=p&typeid=i","cat":287643},{"id":48086,"n":"Miel liquide Lune de miel Fruité et fleuri - 340g","p":4.46,"u":"13,12 €/KG","img":"https://fd13-photos.leclercdrive.fr/image.ashx?id=3004831&use=l&cat=p&typeid=i","cat":287643},{"id":48107,"n":"Thon mariné Petit Navire Citron/thym - 110g","p":1.84,"u":"16,73 €/KG","img":"https://fd13-photos.leclercdrive.fr/image.ashx?id=2986122&use=l&cat=p&typeid=i","cat":303867},{"id":48112,"n":"Poivre noir moulu Ducros Fort, N°9 - 35g","p":3.09,"u":"88,29 €/KG","img":"https://fd13-photos.leclercdrive.fr/image.ashx?id=2486593&use=l&cat=p&typeid=i","cat":284457},{"id":48113,"n":"Thym Ducros Flacon - 14g","p":1.47,"u":"105,00 €/KG","img":"https://fd13-photos.leclercdrive.fr/image.ashx?id=2983210&use=l&cat=p&typeid=i","cat":298297},{"id":48114,"n":"Persil Ducros 5g","p":1.39,"u":"278,00 €/KG","img":"https://fd13-photos.leclercdrive.fr/image.ashx?id=2490503&use=l&cat=p&typeid=i","cat":298297},{"id":48115,"n":"Huile fondue Soleou Bourguignonne - 1L","p":4.44,"u":"4,44 €/L","img":"https://fd13-photos.leclercdrive.fr/image.ashx?id=2564710&use=l&cat=p&typeid=i","cat":284453},{"id":48123,"n":"IGP Pâte Radiatori Garofalo Festives - 500g","p":2.55,"u":"5,10 €/KG","img":"https://fd13-photos.leclercdrive.fr/image.ashx?id=2994560&use=l&cat=p&typeid=i","cat":284427},{"id":48164,"n":"Barres céréales Extra Kellogg's Chocolat et Amande - 4x32g","p":2.79,"u":"21,80 €/KG","img":"https://fd13-photos.leclercdrive.fr/image.ashx?id=2736601&use=l&cat=p&typeid=i","cat":285869},{"id":48167,"n":"Dosettes café Plantation  Doux - x36 - 250g","p":3.83,"u":"15,32 €/KG","img":"https://fd13-photos.leclercdrive.fr/image.ashx?id=2622121&use=l&cat=p&typeid=i","cat":293238},{"id":48184,"n":"Pistaches Maître Prunille Coques grillées sans sel -160g","p":4.69,"u":"29,31 €/KG","img":"https://fd13-photos.leclercdrive.fr/image.ashx?id=2107961&use=l&cat=p&typeid=i","cat":316002},{"id":48200,"n":"Rillettes de poulet rôti Bordeau Chesnel - 220g","p":2.33,"u":"10,59 €/KG","img":"https://fd13-photos.leclercdrive.fr/image.ashx?id=2855046&use=l&cat=p&typeid=i","cat":316008},{"id":48210,"n":"Pâte d'amande Maître Prunille Tricolore - 250g","p":1.99,"u":"7,96 €/KG","img":"https://fd13-photos.leclercdrive.fr/image.ashx?id=2248330&use=l&cat=p&typeid=i","cat":284504},{"id":48222,"n":"Croque'Vitalité Seeberger 150g","p":3.0,"u":"20,00 €/KG","img":"https://fd13-photos.leclercdrive.fr/image.ashx?id=2950588&use=l&cat=p&typeid=i","cat":284357},{"id":48226,"n":"Petit Pois, Carotte Cassegrain Tendres et Fondants 130g","p":1.21,"u":"9,31 €/KG","img":"https://fd13-photos.leclercdrive.fr/image.ashx?id=2912977&use=l&cat=p&typeid=i","cat":312607},{"id":48228,"n":"Mouchoirs Collection Kleenex® Etuis mini x15","p":1.99,"img":"https://fd13-photos.leclercdrive.fr/image.ashx?id=2840298&use=l&cat=p&typeid=i","cat":284638},{"id":48255,"n":"Recharge EasyWax Expert Veet Bras Jambes Peaux Normales 50ml","p":5.69,"u":"113,80 €/L","img":"https://fd13-photos.leclercdrive.fr/image.ashx?id=2970789&use=l&cat=p&typeid=i","cat":325351},{"id":48258,"n":"Croquettes chat Ultima Stérilisé - Saumon - 3kg","p":11.3,"u":"3,77 €/KG","img":"https://fd13-photos.leclercdrive.fr/image.ashx?id=2922221&use=l&cat=p&typeid=i","cat":284680},{"id":48266,"n":"Rhum blanc Trois Rivières  50%vol - 1L","p":20.05,"u":"20,05 €/L","img":"https://fd13-photos.leclercdrive.fr/image.ashx?id=2936656&use=l&cat=p&typeid=i","cat":284550},{"id":48267,"n":"Rhum ambré Saint James 45%vol - 70cl","p":14.23,"u":"20,33 €/L","img":"https://fd13-photos.leclercdrive.fr/image.ashx?id=2970945&use=l&cat=p&typeid=i","cat":284550},{"id":48268,"n":"Gin Gordon's 37.5%vol - 70cl","p":14.27,"u":"20,39 €/L","img":"https://fd13-photos.leclercdrive.fr/image.ashx?id=2736388&use=l&cat=p&typeid=i","cat":284550},{"id":48272,"n":"Liqueur de menthe Get 31 24° - 70cl","p":14.3,"u":"20,43 €/L","img":"https://fd13-photos.leclercdrive.fr/image.ashx?id=2840497&use=l&cat=p&typeid=i","cat":286032},{"id":48306,"n":"IGP Pays d'Oc rosé Grenache Les Ormes de Cambras 11.5% 75cl","p":3.14,"u":"4,19 €/L","img":"https://fd13-photos.leclercdrive.fr/image.ashx?id=2285234&use=l&cat=p&typeid=i","cat":289558},{"id":48307,"n":"IGP Pays d'Oc rosé Grenache Les Ormes de Cambras - BIB 5L","p":15.5,"u":"3,10 €/L","img":"https://fd13-photos.leclercdrive.fr/image.ashx?id=2489458&use=l&cat=p&typeid=i","cat":289560},{"id":48312,"n":"Eau minérale gazeuse Perrier  Fines bulles - 6x50cl","p":3.34,"u":"1,11 €/L","img":"https://fd13-photos.leclercdrive.fr/image.ashx?id=2737021&use=l&cat=p&typeid=i","cat":284536},{"id":48314,"n":"Spécialité laitière Délisse Oncteux Stracciatella - 4x120g","p":1.76,"u":"3,67 €/KG","img":"https://fd13-photos.leclercdrive.fr/image.ashx?id=2554834&use=l&cat=p&typeid=i","cat":314999},{"id":48339,"n":"Chocolat au lait Lindt  Praliné Noisette - 100g","p":2.03,"u":"20,30 €/KG","img":"https://fd13-photos.leclercdrive.fr/image.ashx?id=2751321&use=l&cat=p&typeid=i","cat":284497},{"id":48348,"n":"Chocolat au lait Lindt Création Caramel - 150g","p":3.24,"u":"21,60 €/KG","img":"https://fd13-photos.leclercdrive.fr/image.ashx?id=2685814&use=l&cat=p&typeid=i","cat":284497},{"id":48352,"n":"Tablette de chocolat noir Lindt Orange intense - 100g","p":2.25,"u":"22,50 €/KG","img":"https://fd13-photos.leclercdrive.fr/image.ashx?id=2689496&use=l&cat=p&typeid=i","cat":284956},{"id":48353,"n":"Tablette de chocolat noir Lindt 70% cacao - 100g","p":2.25,"u":"22,50 €/KG","img":"https://fd13-photos.leclercdrive.fr/image.ashx?id=2681592&use=l&cat=p&typeid=i","cat":284956},{"id":48355,"n":"Tablette de chocolat noir Lindt Caramel Pointe de sel - 100g","p":2.27,"u":"22,70 €/KG","img":"https://fd13-photos.leclercdrive.fr/image.ashx?id=2689493&use=l&cat=p&typeid=i","cat":284956},{"id":48373,"n":"Démélant Petit Manava Pour enfants, spray - 200ml","p":2.05,"u":"10,25 €/L","img":"https://fd13-photos.leclercdrive.fr/image.ashx?id=2713655&use=l&cat=p&typeid=i","cat":284608},{"id":48378,"n":"Café moulu Jacques Vabre Brésil 100% Arabica - 250g","p":4.46,"u":"17,84 €/KG","img":"https://fd13-photos.leclercdrive.fr/image.ashx?id=2100380&use=l&cat=p&typeid=i","cat":284750},{"id":48383,"n":"Gel Lubrifiant Massage 2 en 1 Durex Sensuel Ylang Ylang 200ml","p":6.29,"u":"31,45 €/L","img":"https://fd13-photos.leclercdrive.fr/image.ashx?id=2736562&use=l&cat=p&typeid=i","cat":285160},{"id":48392,"n":"Boules en cire naturelle Quies x12 paires","p":3.89,"u":"0,32 €/P","img":"https://fd13-photos.leclercdrive.fr/image.ashx?id=2159502&use=l&cat=p&typeid=i","cat":284630},{"id":48395,"n":"Chaussettes coton Tissaia Bio 27/30 x4","p":4.45,"u":"1,11 €/P","img":"https://fd13-photos.leclercdrive.fr/image.ashx?id=2049311&use=l&cat=p&typeid=i","cat":334130},{"id":48396,"n":"Chaussettes coton Tissaia Bio 31/35  x4","p":4.45,"u":"1,11 €/P","img":"https://fd13-photos.leclercdrive.fr/image.ashx?id=2049314&use=l&cat=p&typeid=i","cat":334130},{"id":48397,"n":"Chaussettes coton Tissaia Bio 36/40 - x4","p":4.45,"u":"1,11 €/P","img":"https://fd13-photos.leclercdrive.fr/image.ashx?id=2049317&use=l&cat=p&typeid=i","cat":334130},{"id":48399,"n":"Chaussettes unie Tissaia Sport 27/30 x3","p":3.35,"u":"1,12 €/P","img":"https://fd13-photos.leclercdrive.fr/image.ashx?id=850155&use=l&cat=p&typeid=i","cat":334130},{"id":48400,"n":"Chaussettes unie Tissaia Sport, 31/35 x3","p":3.35,"u":"1,12 €/P","img":"https://fd13-photos.leclercdrive.fr/image.ashx?id=850151&use=l&cat=p&typeid=i","cat":334130},{"id":48401,"n":"Chaussettes unie Tissaia Sport 36/40 x3","p":3.35,"u":"1,12 €/P","img":"https://fd13-photos.leclercdrive.fr/image.ashx?id=1949330&use=l&cat=p&typeid=i","cat":334130},{"id":48403,"n":"Chaussettes unie Tissaia Sport, 27/30  x3","p":3.35,"u":"1,12 €/P","img":"https://fd13-photos.leclercdrive.fr/image.ashx?id=1949327&use=l&cat=p&typeid=i","cat":334130},{"id":48404,"n":"Chaussettes unie Tissaia Sport, 31/35 x3","p":3.35,"u":"1,12 €/P","img":"https://fd13-photos.leclercdrive.fr/image.ashx?id=849676&use=l&cat=p&typeid=i","cat":334130},{"id":48405,"n":"Chaussettes unies Tissaia Sport, 36/40  x3","p":3.35,"u":"1,12 €/P","img":"https://fd13-photos.leclercdrive.fr/image.ashx?id=849668&use=l&cat=p&typeid=i","cat":334130},{"id":48419,"n":"AOP Alsace Riesling blanc Wolfberger - 75cl","p":6.5,"pp":4.87,"u":"6,49 €/L","img":"https://fd13-photos.leclercdrive.fr/image.ashx?id=2905357&use=l&cat=p&typeid=i","cat":289557},{"id":48421,"n":"AOP Alsace Gewurztraminer blanc Wolfberger 13,5% - 75cl","p":7.85,"pp":5.95,"u":"7,93 €/L","img":"https://fd13-photos.leclercdrive.fr/image.ashx?id=2936368&use=l&cat=p&typeid=i","cat":289557},{"id":48471,"n":"Mélange 5 baies n°5 Ducros 70g","p":4.07,"u":"58,14 €/KG","img":"https://fd13-photos.leclercdrive.fr/image.ashx?id=2486602&use=l&cat=p&typeid=i","cat":284457},{"id":48485,"n":"Farine à gâteaux Francine 1kg","p":1.42,"u":"1,42 €/KG","img":"https://fd13-photos.leclercdrive.fr/image.ashx?id=1966511&use=l&cat=p&typeid=i","cat":284503},{"id":48502,"n":"Poulet en box Maitre Coq Croustillant - 585g","p":8.7,"u":"14,87 €/KG","img":"https://fd13-photos.leclercdrive.fr/image.ashx?id=2642450&use=l&cat=p&typeid=i","cat":333684},{"id":48508,"n":"Ketchup AMORA Flacon Souple - 550g","p":1.5,"u":"2,73 €/KG","img":"https://fd13-photos.leclercdrive.fr/image.ashx?id=2766649&use=l&cat=p&typeid=i","cat":284455},{"id":48512,"n":"Poivre noir n°6 Ducros Moulin - 28g","p":3.44,"u":"122,86 €/KG","img":"https://fd13-photos.leclercdrive.fr/image.ashx?id=2559472&use=l&cat=p&typeid=i","cat":284457},{"id":48513,"n":"Poivre noir n°6 Ducros Grains - 90g","p":3.64,"u":"40,44 €/KG","img":"https://fd13-photos.leclercdrive.fr/image.ashx?id=2473336&use=l&cat=p&typeid=i","cat":284457},{"id":48515,"n":"Coriandre Ducros Moulue - 32g","p":1.19,"u":"37,19 €/KG","img":"https://fd13-photos.leclercdrive.fr/image.ashx?id=2490497&use=l&cat=p&typeid=i","cat":298297},{"id":48589,"n":"Lait bébé poudre Gallia Calisma croissance Dès 12 mois 1,2kg","p":14.95,"u":"12,46 €/KG","img":"https://fd13-photos.leclercdrive.fr/image.ashx?id=2973553&use=l&cat=p&typeid=i","cat":290219},{"id":48603,"n":"Farine de blé Francine 1,4kg","p":1.54,"u":"1,10 €/KG","img":"https://fd13-photos.leclercdrive.fr/image.ashx?id=2881308&use=l&cat=p&typeid=i","cat":284503},{"id":48604,"n":"Farine fluide Francine 1.4kg","p":1.61,"u":"1,15 €/KG","img":"https://fd13-photos.leclercdrive.fr/image.ashx?id=2881305&use=l&cat=p&typeid=i","cat":284503},{"id":48611,"n":"Plat bébé soir Blédiner 12 mois Pâtes légumes - 2x200g","p":2.29,"u":"5,73 €/KG","img":"https://fd13-photos.leclercdrive.fr/image.ashx?id=2975068&use=l&cat=p&typeid=i","cat":312239},{"id":48615,"n":"Coton Demak'up Duo disque x108","p":1.74,"u":"0,02 €/P","img":"https://fd13-photos.leclercdrive.fr/image.ashx?id=2791461&use=l&cat=p&typeid=i","cat":285593},{"id":48633,"n":"Boisson gourmande PAGO Fraise 75cl","p":2.6,"u":"3,47 €/L","img":"https://fd13-photos.leclercdrive.fr/image.ashx?id=2954007&use=l&cat=p&typeid=i","cat":284915},{"id":48646,"n":"Soda à l'orange Orangina Sans Sucres - 6x33cl","p":3.6,"u":"1,82 €/L","img":"https://fd13-photos.leclercdrive.fr/image.ashx?id=2946931&use=l&cat=p&typeid=i","cat":284532},{"id":48697,"n":"Sachet chat Purina One Sterillcat - 8x85g","p":3.9,"u":"5,74 €/KG","img":"https://fd13-photos.leclercdrive.fr/image.ashx?id=2899695&use=l&cat=p&typeid=i","cat":285286},{"id":48698,"n":"Croquettes chat Purina One Stérilisé/Intérieur-Poulet1.5kg","p":7.65,"u":"5,10 €/KG","img":"https://fd13-photos.leclercdrive.fr/image.ashx?id=2681257&use=l&cat=p&typeid=i","cat":284680},{"id":48704,"n":"Boîte chat Whiskas Gelée du pêcheur - 4x390g","p":4.48,"u":"2,87 €/KG","img":"https://fd13-photos.leclercdrive.fr/image.ashx?id=2759622&use=l&cat=p&typeid=i","cat":285601},{"id":48717,"n":"Barquettes chats Gourmet Gold Les mousselines - 24x85g","p":10.79,"u":"5,29 €/KG","img":"https://fd13-photos.leclercdrive.fr/image.ashx?id=2861500&use=l&cat=p&typeid=i","cat":285286},{"id":48720,"n":"Poêlée parisienne D'aucy  580g","p":2.69,"u":"4,64 €/KG","img":"https://fd13-photos.leclercdrive.fr/image.ashx?id=2835256&use=l&cat=p&typeid=i","cat":312612},{"id":48721,"n":"Poêlée jardinière D'aucy  580g","p":2.44,"u":"4,21 €/KG","img":"https://fd13-photos.leclercdrive.fr/image.ashx?id=2582816&use=l&cat=p&typeid=i","cat":312612},{"id":48725,"n":"Légumes pour Couscous D'Aucy Orientale - 800g","p":1.75,"u":"2,19 €/KG","img":"https://fd13-photos.leclercdrive.fr/image.ashx?id=2577800&use=l&cat=p&typeid=i","cat":312612},{"id":48734,"n":"Grand duc Ducros Touch'salade Provençale -180g","p":4.44,"u":"24,67 €/KG","img":"https://fd13-photos.leclercdrive.fr/image.ashx?id=1637670&use=l&cat=p&typeid=i","cat":298297},{"id":48744,"n":"Pulpe de  tomate Turini  Nature - 390g","p":1.59,"u":"4,08 €/KG","img":"https://fd13-photos.leclercdrive.fr/image.ashx?id=2181810&use=l&cat=p&typeid=i","cat":288384},{"id":48745,"n":"Chocolat Pâtissier Nestlé Dessert Lait - 170g","p":3.0,"u":"17,65 €/KG","img":"https://fd13-photos.leclercdrive.fr/image.ashx?id=2961242&use=l&cat=p&typeid=i","cat":285562},{"id":48777,"n":"Confiture Confipote allégée en  Sucres - Pot Fraise - 350g","p":1.64,"u":"4,69 €/KG","img":"https://fd13-photos.leclercdrive.fr/image.ashx?id=2388436&use=l&cat=p&typeid=i","cat":284480},{"id":48786,"n":"Chocolat noir Bio Ethiquable  75% Nicaragua - 100g","p":2.74,"u":"27,40 €/KG","img":"https://fd13-photos.leclercdrive.fr/image.ashx?id=2870884&use=l&cat=p&typeid=i","cat":284956},{"id":48787,"n":"Chocolat noir Bio Ethiquable  Quinoa - 100g","p":3.42,"u":"34,20 €/KG","img":"https://fd13-photos.leclercdrive.fr/image.ashx?id=2870854&use=l&cat=p&typeid=i","cat":284956},{"id":48803,"n":"Confiture Confipote allégée en  Sucres - Pot Abricot - 350g","p":1.64,"u":"4,69 €/KG","img":"https://fd13-photos.leclercdrive.fr/image.ashx?id=2120959&use=l&cat=p&typeid=i","cat":284480},{"id":48807,"n":"Tartines bio Jardin Bio  Craquantes avoine - 150g","p":2.1,"u":"14,00 €/KG","img":"https://fd13-photos.leclercdrive.fr/image.ashx?id=2849187&use=l&cat=p&typeid=i","cat":318654},{"id":48809,"n":"Tartines bio Jardin Bio Craquantes au sarrasin - 300g","p":3.75,"u":"12,50 €/KG","img":"https://fd13-photos.leclercdrive.fr/image.ashx?id=2535562&use=l&cat=p&typeid=i","cat":284479},{"id":48812,"n":"Masque Nuti-extrême Dessange Cheveux très secs - 250ml","p":5.84,"u":"23,36 €/L","img":"https://fd13-photos.leclercdrive.fr/image.ashx?id=2819400&use=l&cat=p&typeid=i","cat":284608},{"id":48815,"n":"Tartines sarrasin sans gluten  bio Terres et Céréales - 150g","p":2.1,"u":"14,00 €/KG","img":"https://fd13-photos.leclercdrive.fr/image.ashx?id=2802461&use=l&cat=p&typeid=i","cat":285543},{"id":48817,"n":"Lait sucré Régilait Caramel beurre salé - 300g","p":2.86,"u":"9,53 €/KG","img":"https://fd13-photos.leclercdrive.fr/image.ashx?id=2018640&use=l&cat=p&typeid=i","cat":299162},{"id":48822,"n":"Friandises chat Catisfactions Saumon - 180g","p":3.17,"u":"17,61 €/KG","img":"https://fd13-photos.leclercdrive.fr/image.ashx?id=2912527&use=l&cat=p&typeid=i","cat":285285},{"id":48823,"n":"Haché Végétal bio Céréal Bio Façon Bolognaise au Soja 250g","p":2.27,"u":"9,08 €/KG","img":"https://fd13-photos.leclercdrive.fr/image.ashx?id=2575090&use=l&cat=p&typeid=i","cat":287600},{"id":48839,"n":"Lait concentré Régilait Non sucré, demi écrémé - 410g","p":1.58,"u":"3,85 €/KG","img":"https://fd13-photos.leclercdrive.fr/image.ashx?id=2405863&use=l&cat=p&typeid=i","cat":299162},{"id":48843,"n":"Préparation gâteau Nestlé Fondant chocolat - 317g","p":3.69,"u":"11,64 €/KG","img":"https://fd13-photos.leclercdrive.fr/image.ashx?id=2848379&use=l&cat=p&typeid=i","cat":284505},{"id":48844,"n":"Préparation gâteau Nestlé Moelleux chocolat - 344g","p":3.69,"u":"10,73 €/KG","img":"https://fd13-photos.leclercdrive.fr/image.ashx?id=2848376&use=l&cat=p&typeid=i","cat":284505},{"id":48846,"n":"Purée tomate bio Jardin Bio 200g","p":0.8,"u":"4,00 €/KG","img":"https://fd13-photos.leclercdrive.fr/image.ashx?id=2535034&use=l&cat=p&typeid=i","cat":288384},{"id":48870,"n":"Infusion bio Jardin Bio Thym de France x20 - 28g","p":2.4,"u":"85,71 €/KG","img":"https://fd13-photos.leclercdrive.fr/image.ashx?id=2792840&use=l&cat=p&typeid=i","cat":293234},{"id":48877,"n":"Récré O'lé Mont Blanc - 12x85g Choco/Caramel/Biscuit/Brownie","p":5.33,"u":"5,23 €/KG","img":"https://fd13-photos.leclercdrive.fr/image.ashx?id=3011608&use=l&cat=p&typeid=i","cat":284506},{"id":48879,"n":"Purée de piment Tables du Monde - 100g","p":1.19,"u":"11,90 €/KG","img":"https://fd13-photos.leclercdrive.fr/image.ashx?id=2679744&use=l&cat=p&typeid=i","cat":288992},{"id":48899,"n":"Pâtes De Cecco Orechiette   n°91 - 500g","p":1.92,"u":"3,84 €/KG","img":"https://fd13-photos.leclercdrive.fr/image.ashx?id=2956661&use=l&cat=p&typeid=i","cat":284427},{"id":48915,"n":"Sauce Arôme Maggi 1kg","p":7.0,"u":"7,00 €/KG","img":"https://fd13-photos.leclercdrive.fr/image.ashx?id=2785352&use=l&cat=p&typeid=i","cat":288379},{"id":48993,"n":"Sauce Samouraï Colona Tube - 500ml","p":2.48,"u":"4,96 €/L","img":"https://fd13-photos.leclercdrive.fr/image.ashx?id=2687167&use=l&cat=p&typeid=i","cat":318431},{"id":48994,"n":"Sauce Pitta Kebab Colona Tube - 500ml","p":2.44,"u":"4,88 €/L","img":"https://fd13-photos.leclercdrive.fr/image.ashx?id=2687173&use=l&cat=p&typeid=i","cat":318431},{"id":49018,"n":"Beurre Moulé Paysan Breton Sel de guérande - 80% MG - 250g","p":3.34,"u":"13,36 €/KG","img":"https://fd13-photos.leclercdrive.fr/image.ashx?id=2869035&use=l&cat=p&typeid=i","cat":284379},{"id":49058,"n":"Piles Tech+ Foxter AA/LR6 1,5V - x8","p":2.99,"u":"0,37 €/P","img":"https://fd13-photos.leclercdrive.fr/image.ashx?id=2162324&use=l&cat=p&typeid=i","cat":300572},{"id":49059,"n":"Piles Tech+ Foxter AAA/LR3 1,5V - x8","p":2.99,"img":"https://fd13-photos.leclercdrive.fr/image.ashx?id=2162327&use=l&cat=p&typeid=i","cat":300572},{"id":49070,"n":"Préparation gâteau Nestlé Coeur fondant - 305g","p":3.75,"u":"12,30 €/KG","img":"https://fd13-photos.leclercdrive.fr/image.ashx?id=2848385&use=l&cat=p&typeid=i","cat":284505},{"id":49077,"n":"Biscuit P'tit Deli  Chocolat lait - 150g","p":1.58,"u":"10,53 €/KG","img":"https://fd13-photos.leclercdrive.fr/image.ashx?id=2529605&use=l&cat=p&typeid=i","cat":284488},{"id":49078,"n":"Gaufrette P'tit Déli  Chocolat lait - 125g","p":1.29,"u":"10,32 €/KG","img":"https://fd13-photos.leclercdrive.fr/image.ashx?id=2858839&use=l&cat=p&typeid=i","cat":284490},{"id":49079,"n":"Petites madeleines P'tit Deli  Pépites de chocolat - 400g","p":1.69,"u":"4,23 €/KG","img":"https://fd13-photos.leclercdrive.fr/image.ashx?id=2999511&use=l&cat=p&typeid=i","cat":284492},{"id":49080,"n":"Gâteau fourré fraise P'tit Deli Lapin - 140g","p":1.14,"u":"8,14 €/KG","img":"https://fd13-photos.leclercdrive.fr/image.ashx?id=2671411&use=l&cat=p&typeid=i","cat":284495},{"id":49082,"n":"Gâteau fourré P'tit Deli Tout chocolat, lapin - 140g","p":1.3,"u":"9,29 €/KG","img":"https://fd13-photos.leclercdrive.fr/image.ashx?id=2211200&use=l&cat=p&typeid=i","cat":284495},{"id":49083,"n":"Biscuit palmier feuilleté Eco+ 100g","p":0.42,"u":"4,20 €/KG","img":"https://fd13-photos.leclercdrive.fr/image.ashx?id=2768016&use=l&cat=p&typeid=i","cat":284487},{"id":49131,"n":"Gin Bombay Sapphire 40° - 70cl","p":22.33,"u":"31,90 €/L","img":"https://fd13-photos.leclercdrive.fr/image.ashx?id=2842879&use=l&cat=p&typeid=i","cat":284550},{"id":49132,"n":"Gin Tanqueray 43.1%vol - 70cl","p":21.48,"u":"30,69 €/L","img":"https://fd13-photos.leclercdrive.fr/image.ashx?id=2414906&use=l&cat=p&typeid=i","cat":284550},{"id":49249,"n":"Gousse de vanille Bio Vahiné Madagascar Grand cru - 3g","p":4.18,"img":"https://fd13-photos.leclercdrive.fr/image.ashx?id=2559826&use=l&cat=p&typeid=i","cat":284504},{"id":49254,"n":"Gelifiant Vahiné Agar Agar - 8g","p":2.34,"u":"292,50 €/KG","img":"https://fd13-photos.leclercdrive.fr/image.ashx?id=2833342&use=l&cat=p&typeid=i","cat":284504},{"id":49282,"n":"Tablette de chocolat noir Lindt Zeste de citron vert - 100g","p":2.39,"u":"23,90 €/KG","img":"https://fd13-photos.leclercdrive.fr/image.ashx?id=2608160&use=l&cat=p&typeid=i","cat":284956},{"id":49288,"n":"Bols soir bébé bio Babybio Pâtes - 8 mois - 2x200g","p":3.14,"u":"7,85 €/KG","img":"https://fd13-photos.leclercdrive.fr/image.ashx?id=2838344&use=l&cat=p&typeid=i","cat":312239},{"id":49294,"n":"Cotons Démaquillants Demak'Up Original - x105","p":1.53,"u":"0,01 €/P","img":"https://fd13-photos.leclercdrive.fr/image.ashx?id=2745274&use=l&cat=p&typeid=i","cat":284636},{"id":49295,"n":"Cotons Démaquillants Demak'Up Ovale sensitive - x48","p":1.5,"u":"0,03 €/P","img":"https://fd13-photos.leclercdrive.fr/image.ashx?id=2745277&use=l&cat=p&typeid=i","cat":284636},{"id":49296,"n":"Barre Chocolat au Lait Lion x10 barres - 420g","p":3.73,"u":"8,88 €/KG","img":"https://fd13-photos.leclercdrive.fr/image.ashx?id=2736988&use=l&cat=p&typeid=i","cat":284498},{"id":49298,"n":"Biscuits croquant Nutella &Go! Pâte à tartiner x2 packs - 104g","p":2.19,"u":"21,06 €/KG","img":"https://fd13-photos.leclercdrive.fr/image.ashx?id=2737240&use=l&cat=p&typeid=i","cat":284488},{"id":49306,"n":"Gel anti-calcaire Calgon  Hygiène Plus - 2,25L","p":16.02,"u":"7,12 €/L","img":"https://fd13-photos.leclercdrive.fr/image.ashx?id=2953764&use=l&cat=p&typeid=i","cat":284653},{"id":49333,"n":"Déodorant bille Men Expert Carbon Protection 48h - 50ml","p":2.56,"u":"51,20 €/L","img":"https://fd13-photos.leclercdrive.fr/image.ashx?id=2394561&use=l&cat=p&typeid=i","cat":284618},{"id":49340,"n":"Cornichons Eco+ Au vinaigre - 190g","p":0.88,"u":"4,63 €/KG","img":"https://fd13-photos.leclercdrive.fr/image.ashx?id=2974711&use=l&cat=p&typeid=i","cat":284458},{"id":49342,"n":"Moutarde Eco+ Forte au vinaigre - 850g","p":1.66,"u":"1,95 €/KG","img":"https://fd13-photos.leclercdrive.fr/image.ashx?id=2954325&use=l&cat=p&typeid=i","cat":288850},{"id":49346,"n":"Mini cornichons Jardin D'Orant Au condiment balsamique - 185g","p":1.93,"u":"10,43 €/KG","img":"https://fd13-photos.leclercdrive.fr/image.ashx?id=2918688&use=l&cat=p&typeid=i","cat":284458},{"id":49354,"n":"Olives Noires Grecques Tramier  Dénoyautées 220g","p":2.69,"u":"26,90 €/KG","img":"https://fd13-photos.leclercdrive.fr/image.ashx?id=2836340&use=l&cat=p&typeid=i","cat":284450},{"id":49385,"n":"Litchis St-Mamet Dénoyautés - 250g","p":2.98,"u":"11,92 €/KG","img":"https://fd13-photos.leclercdrive.fr/image.ashx?id=2474215&use=l&cat=p&typeid=i","cat":284507},{"id":49401,"n":"Matière grasse Primevere Bio à tartiner - 55% MG - 250g","p":2.48,"u":"9,92 €/KG","img":"https://fd13-photos.leclercdrive.fr/image.ashx?id=2928456&use=l&cat=p&typeid=i","cat":315229},{"id":49561,"n":"Gel Douche 5en1 Men Expert Pure carbon - 300ml","p":2.78,"u":"9,27 €/L","img":"https://fd13-photos.leclercdrive.fr/image.ashx?id=1603553&use=l&cat=p&typeid=i","cat":284619},{"id":49575,"n":"Boisson énergisante Monster Energy Mixxd Punch - 50CL","p":1.45,"u":"2,90 €/L","img":"https://fd13-photos.leclercdrive.fr/image.ashx?id=2206172&use=l&cat=p&typeid=i","cat":284533},{"id":49596,"n":"Café dosettes Tassimo L'Or Espresso Décaféiné x16","p":4.87,"u":"45,94 €/KG","img":"https://fd13-photos.leclercdrive.fr/image.ashx?id=2662090&use=l&cat=p&typeid=i","cat":293240},{"id":49624,"n":"Vin Union Européenne rosé Champlure - BIB 5L","p":12.95,"u":"2,59 €/L","img":"https://fd13-photos.leclercdrive.fr/image.ashx?id=2552523&use=l&cat=p&typeid=i","cat":289560},{"id":49632,"n":"Pain de mie 100% Mie Harrys Nature Longue conservation 325g","p":2.06,"u":"6,34 €/KG","img":"https://fd13-photos.leclercdrive.fr/image.ashx?id=2469647&use=l&cat=p&typeid=i","cat":284477},{"id":49636,"n":"Biscuits Baiocchi Mulino Bianco Chocolat noisette Snack - 336g","p":2.67,"u":"7,95 €/KG","img":"https://fd13-photos.leclercdrive.fr/image.ashx?id=2787962&use=l&cat=p&typeid=i","cat":284488},{"id":49639,"n":"Haricots verts Rochefontaine Extra-fins - 345g","p":3.46,"u":"10,03 €/KG","img":"https://fd13-photos.leclercdrive.fr/image.ashx?id=2101459&use=l&cat=p&typeid=i","cat":312606},{"id":49649,"n":"Sauce Tomate Cuisinée Heinz Ail & Oignon x2 - 210g","p":1.52,"u":"3,62 €/KG","img":"https://fd13-photos.leclercdrive.fr/image.ashx?id=2926990&use=l&cat=p&typeid=i","cat":288384},{"id":49653,"n":"Chapelure dorée Tipiak 250g","p":0.69,"u":"2,76 €/KG","img":"https://fd13-photos.leclercdrive.fr/image.ashx?id=2563490&use=l&cat=p&typeid=i","cat":288382},{"id":49656,"n":"Sauce burger Amora 448g","p":2.11,"u":"4,71 €/KG","img":"https://fd13-photos.leclercdrive.fr/image.ashx?id=3014656&use=l&cat=p&typeid=i","cat":318431},{"id":49657,"n":"Huile de noisette Cauvin 25cl","p":3.02,"u":"12,08 €/L","img":"https://fd13-photos.leclercdrive.fr/image.ashx?id=2484221&use=l&cat=p&typeid=i","cat":284453},{"id":49659,"n":"Huile de noix Cauvin Bouteille - 25cl","p":2.56,"u":"10,24 €/L","img":"https://fd13-photos.leclercdrive.fr/image.ashx?id=2482318&use=l&cat=p&typeid=i","cat":284453},{"id":49660,"n":"Câpres Surfines Crespo En bocal - 21cl","p":3.19,"u":"15,19 €/L","img":"https://fd13-photos.leclercdrive.fr/image.ashx?id=2172079&use=l&cat=p&typeid=i","cat":284458},{"id":49664,"n":"Farine complète Francine Boîte - 1kg","p":1.93,"u":"1,93 €/KG","img":"https://fd13-photos.leclercdrive.fr/image.ashx?id=2018898&use=l&cat=p&typeid=i","cat":284503},{"id":49667,"n":"Sauceline Maïzena 250g","p":1.97,"u":"7,88 €/KG","img":"https://fd13-photos.leclercdrive.fr/image.ashx?id=2915673&use=l&cat=p&typeid=i","cat":288382},{"id":49674,"n":"Fécule de pomme de terre Tipiak Substitut de farine - 250g","p":0.82,"u":"3,28 €/KG","img":"https://fd13-photos.leclercdrive.fr/image.ashx?id=2563487&use=l&cat=p&typeid=i","cat":288382},{"id":49677,"n":"Mousse fromage blanc Délisse Lit de fruits 0%MG - 4x115g","p":1.83,"u":"3,98 €/KG","img":"https://fd13-photos.leclercdrive.fr/image.ashx?id=1865720&use=l&cat=p&typeid=i","cat":284409},{"id":49681,"n":"Yaourt La Laitière Nature - 4x125g","p":1.79,"u":"3,58 €/KG","img":"https://fd13-photos.leclercdrive.fr/image.ashx?id=3007978&use=l&cat=p&typeid=i","cat":284409},{"id":49682,"n":"Yaourt La Laitière Vanille - 4x125g","p":1.94,"u":"3,88 €/KG","img":"https://fd13-photos.leclercdrive.fr/image.ashx?id=2650393&use=l&cat=p&typeid=i","cat":286006},{"id":49700,"n":"Matin Léger Bio de Lactel Sans lactose 1.2%mg - 6x1L","p":13.46,"u":"2,24 €/L","img":"https://fd13-photos.leclercdrive.fr/image.ashx?id=2883552&use=l&cat=p&typeid=i","cat":317169},{"id":49704,"n":"Yaourts fruits Savoie Yaourt Fruits de saisons - 6x125g","p":2.75,"u":"3,67 €/KG","img":"https://fd13-photos.leclercdrive.fr/image.ashx?id=2504743&use=l&cat=p&typeid=i","cat":284410},{"id":49761,"n":"Déodorant masculin Williams Stick Ice blue - 75ml","p":2.7,"u":"36,00 €/L","img":"https://fd13-photos.leclercdrive.fr/image.ashx?id=2774742&use=l&cat=p&typeid=i","cat":284618},{"id":49800,"n":"Chorizo doux César Moroni   200g","p":2.76,"u":"13,80 €/KG","img":"https://fd13-photos.leclercdrive.fr/image.ashx?id=2854420&use=l&cat=p&typeid=i","cat":316006},{"id":49805,"n":"Cocktail Piña colada Caraibos Sans alcool - 75cl","p":2.45,"u":"3,27 €/L","img":"https://fd13-photos.leclercdrive.fr/image.ashx?id=3011299&use=l&cat=p&typeid=i","cat":284549},{"id":49825,"n":"Croco Pik Haribo  Sachet bonbons acidulés - 275g","p":1.7,"u":"6,18 €/KG","img":"https://fd13-photos.leclercdrive.fr/image.ashx?id=2802350&use=l&cat=p&typeid=i","cat":304250},{"id":49828,"n":"Happy Life Haribo Sachet bonbons - 275g","p":1.52,"u":"5,53 €/KG","img":"https://fd13-photos.leclercdrive.fr/image.ashx?id=2803577&use=l&cat=p&typeid=i","cat":304250},{"id":49832,"n":"Dragibus Pik Haribo Sachet bonbons - 230g","p":1.89,"u":"8,22 €/KG","img":"https://fd13-photos.leclercdrive.fr/image.ashx?id=2984907&use=l&cat=p&typeid=i","cat":304250},{"id":49834,"n":"Bonbons LUTTI BestFizz Assortiment Piquant - 550g","p":3.79,"u":"6,89 €/KG","img":"https://fd13-photos.leclercdrive.fr/image.ashx?id=2815022&use=l&cat=p&typeid=i","cat":304250},{"id":49845,"n":"Jus multifruits Jafaden Brique, ABC - 2L","p":2.65,"u":"1,33 €/L","img":"https://fd13-photos.leclercdrive.fr/image.ashx?id=2759220&use=l&cat=p&typeid=i","cat":284917},{"id":49851,"n":"Limonade Sprink's 1.5L","p":0.95,"u":"0,63 €/L","img":"https://fd13-photos.leclercdrive.fr/image.ashx?id=2913721&use=l&cat=p&typeid=i","cat":284531},{"id":49852,"n":"Speck alto adige IGP Tradizioni d'Italia - 70g","p":1.95,"u":"27,86 €/KG","img":"https://fd13-photos.leclercdrive.fr/image.ashx?id=2925225&use=l&cat=p&typeid=i","cat":316007},{"id":49857,"n":"Mortadella bologna IGP Tradizioni d'Italia - 150g","p":2.59,"u":"17,27 €/KG","img":"https://fd13-photos.leclercdrive.fr/image.ashx?id=2925222&use=l&cat=p&typeid=i","cat":316009},{"id":49858,"n":"Prosciutto di parma AOP 18 mois Tradizioni d'Italia - 80g","p":3.79,"u":"47,38 €/KG","img":"https://fd13-photos.leclercdrive.fr/image.ashx?id=1961988&use=l&cat=p&typeid=i","cat":316007},{"id":49863,"n":"Pizza feu de bois  Turini  Saumon  - 420g","p":2.45,"u":"5,83 €/KG","img":"https://fd13-photos.leclercdrive.fr/image.ashx?id=2816579&use=l&cat=p&typeid=i","cat":284256},{"id":49865,"n":"Steak haché Authentique Charal Pur Bœuf 10% MG  8x125g - 1kg","p":15.87,"u":"15,87 €/KG","img":"https://fd13-photos.leclercdrive.fr/image.ashx?id=2741955&use=l&cat=p&typeid=i","cat":319778},{"id":49870,"n":"Protection Absorbante Tena Men  Médium - x10","p":3.72,"u":"0,37 €/P","img":"https://fd13-photos.leclercdrive.fr/image.ashx?id=2428573&use=l&cat=p&typeid=i","cat":291514},{"id":49872,"n":"Tampons Tampax Compak Pearl Super - x18","p":2.93,"u":"0,16 €/P","img":"https://fd13-photos.leclercdrive.fr/image.ashx?id=2956616&use=l&cat=p&typeid=i","cat":284626},{"id":49880,"n":"Boisson concentrée Frucci Menthe avec édulcorants - 75cl","p":2.39,"u":"3,19 €/L","img":"https://fd13-photos.leclercdrive.fr/image.ashx?id=2909903&use=l&cat=p&typeid=i","cat":295020},{"id":49881,"n":"Sirop Frucci Zero Grenadine avec edulcorants-75cl","p":2.49,"u":"3,32 €/L","img":"https://fd13-photos.leclercdrive.fr/image.ashx?id=2956110&use=l&cat=p&typeid=i","cat":295020},{"id":49882,"n":"Sirop Frucci Zero Pêche avec édulcorants - 75cl","p":2.35,"u":"3,13 €/L","img":"https://fd13-photos.leclercdrive.fr/image.ashx?id=2954100&use=l&cat=p&typeid=i","cat":295020},{"id":49883,"n":"Soda tonic Sprink's 1.5L","p":1.05,"u":"0,70 €/L","img":"https://fd13-photos.leclercdrive.fr/image.ashx?id=2913739&use=l&cat=p&typeid=i","cat":284531},{"id":49900,"n":"Feuilletés fromage fondu Eco+ 650g","p":1.61,"u":"2,48 €/KG","img":"https://fd13-photos.leclercdrive.fr/image.ashx?id=2079792&use=l&cat=p&typeid=i","cat":319776},{"id":49930,"n":"Yaourt douceur Le Petit Basque Brebis nature - 4x100g","p":2.84,"u":"7,10 €/KG","img":"https://fd13-photos.leclercdrive.fr/image.ashx?id=2248084&use=l&cat=p&typeid=i","cat":314998},{"id":49932,"n":"Fromage Pavé d'Affinois Original - 180g","p":2.58,"u":"14,33 €/KG","img":"https://fd13-photos.leclercdrive.fr/image.ashx?id=2644070&use=l&cat=p&typeid=i","cat":314030},{"id":49933,"n":"Fromage Pavé d'Affinois Mini Mix 5 variétés - 130g","p":2.68,"u":"20,62 €/KG","img":"https://fd13-photos.leclercdrive.fr/image.ashx?id=2644076&use=l&cat=p&typeid=i","cat":314030},{"id":49935,"n":"Fromage Pavé d'Affinois Brin -  6x25g","p":2.82,"u":"18,80 €/KG","img":"https://fd13-photos.leclercdrive.fr/image.ashx?id=2644073&use=l&cat=p&typeid=i","cat":314030},{"id":49954,"n":"Limonade Sprink's 6x50cl","p":4.92,"u":"1,64 €/L","img":"https://fd13-photos.leclercdrive.fr/image.ashx?id=2956741&use=l&cat=p&typeid=i","cat":284531},{"id":49955,"n":"Soda 7UP Citron/citron vert zéro - 1.5L","p":1.29,"u":"0,86 €/L","img":"https://fd13-photos.leclercdrive.fr/image.ashx?id=2752462&use=l&cat=p&typeid=i","cat":284531},{"id":49956,"n":"Soda à l'orange Orangina Sans Sucres - 1,5L","p":1.74,"u":"1,16 €/L","img":"https://fd13-photos.leclercdrive.fr/image.ashx?id=2946496&use=l&cat=p&typeid=i","cat":284532},{"id":49957,"n":"Pâtes Barilla Spaghetti bio - 500g","p":1.79,"u":"3,58 €/KG","img":"https://fd13-photos.leclercdrive.fr/image.ashx?id=2578390&use=l&cat=p&typeid=i","cat":284427},{"id":49979,"n":"Soupe liquide Liebig  Potiron Chataîgne - Brique 1L","p":2.88,"u":"2,88 €/L","img":"https://fd13-photos.leclercdrive.fr/image.ashx?id=2785358&use=l&cat=p&typeid=i","cat":284462},{"id":49980,"n":"Soupe liquide Liebig  Légumes poêlés - Brique 1L","p":2.78,"u":"2,78 €/L","img":"https://fd13-photos.leclercdrive.fr/image.ashx?id=2729941&use=l&cat=p&typeid=i","cat":284462},{"id":49981,"n":"Velouté Liebig Légumes du soleil - 1L","p":2.8,"u":"2,80 €/L","img":"https://fd13-photos.leclercdrive.fr/image.ashx?id=2750991&use=l&cat=p&typeid=i","cat":284462},{"id":49983,"n":"Sauce yakitori Kikkoman 250ml","p":4.76,"u":"19,04 €/L","img":"https://fd13-photos.leclercdrive.fr/image.ashx?id=2536299&use=l&cat=p&typeid=i","cat":288992},{"id":49990,"n":"Tortillas fraiches 20cm x8 - 320g","p":2.66,"u":"8,31 €/KG","img":"https://fd13-photos.leclercdrive.fr/image.ashx?id=1553401&use=l&cat=p&typeid=i","cat":288993},{"id":49991,"n":"Tortillas wrap Poco Loco  25cmx6 - 370g","p":2.48,"u":"6,70 €/KG","img":"https://fd13-photos.leclercdrive.fr/image.ashx?id=2672542&use=l&cat=p&typeid=i","cat":288993},{"id":50002,"n":"Sauce soja Kikkoman  150ml","p":3.43,"u":"22,87 €/L","img":"https://fd13-photos.leclercdrive.fr/image.ashx?id=2536284&use=l&cat=p&typeid=i","cat":288992},{"id":50003,"n":"Café soluble Maxwell House Qualité Filtre - 20g","p":7.66,"u":"38,30 €/KG","img":"https://fd13-photos.leclercdrive.fr/image.ashx?id=1755025&use=l&cat=p&typeid=i","cat":284843},{"id":50004,"n":"Kit Crousti Fajitas Old El Paso extra doux - 521g","p":4.75,"u":"9,12 €/KG","img":"https://fd13-photos.leclercdrive.fr/image.ashx?id=2765402&use=l&cat=p&typeid=i","cat":288993},{"id":50013,"n":"Sauce guacamole 300g","p":3.0,"u":"10,00 €/KG","img":"https://fd13-photos.leclercdrive.fr/image.ashx?id=2772332&use=l&cat=p&typeid=i","cat":284451},{"id":50018,"n":"Légumes grillés Florelli 280g","p":2.94,"u":"10,50 €/KG","img":"https://fd13-photos.leclercdrive.fr/image.ashx?id=2664199&use=l&cat=p&typeid=i","cat":289010},{"id":50029,"n":"Biscuit apéritif ancel Sticks Bretzels - 137g","p":1.56,"u":"11,39 €/KG","img":"https://fd13-photos.leclercdrive.fr/image.ashx?id=2895181&use=l&cat=p&typeid=i","cat":297000},{"id":50052,"n":"Lait bébé en poudre Galliagest croissance Dès 12 mois 900g","p":13.61,"u":"15,12 €/KG","img":"https://fd13-photos.leclercdrive.fr/image.ashx?id=2616844&use=l&cat=p&typeid=i","cat":290219},{"id":50058,"n":"Bloc correspondanc uni Esquisse 21x29cm - A4 - x50 feuilles","p":1.99,"img":"https://fd13-photos.leclercdrive.fr/image.ashx?id=1928746&use=l&cat=p&typeid=i","cat":284697},{"id":50062,"n":"Etui 12 mines hb Esquisse 0.7mmx2 - x1","p":0.59,"img":"https://fd13-photos.leclercdrive.fr/image.ashx?id=932512&use=l&cat=p&typeid=i","cat":284696},{"id":50072,"n":"Soupe Liquide Douceur Knorr 8 légumes à la crème - 50cl","p":1.55,"u":"3,10 €/L","img":"https://fd13-photos.leclercdrive.fr/image.ashx?id=2738023&use=l&cat=p&typeid=i","cat":284462},{"id":50082,"n":"Dessert fruits mixés Sojasun Myrtilles - 4x100g","p":1.71,"u":"4,28 €/KG","img":"https://fd13-photos.leclercdrive.fr/image.ashx?id=2355680&use=l&cat=p&typeid=i","cat":316071},{"id":50083,"n":"Taboulé aux tomates  Garbit - 730g","p":2.75,"u":"3,77 €/KG","img":"https://fd13-photos.leclercdrive.fr/image.ashx?id=2901905&use=l&cat=p&typeid=i","cat":325094},{"id":50088,"n":"Pulpe tomate basilic Jardin Bio Bio - 500g","p":2.1,"u":"4,20 €/KG","img":"https://fd13-photos.leclercdrive.fr/image.ashx?id=2535025&use=l&cat=p&typeid=i","cat":288384},{"id":50102,"n":"Sauce pâte olive Sacla'Italia 190g","p":2.2,"u":"11,58 €/KG","img":"https://fd13-photos.leclercdrive.fr/image.ashx?id=2160222&use=l&cat=p&typeid=i","cat":287599},{"id":50106,"n":"Nems au Porc Tables du Monde x4 - 280g","p":1.76,"u":"6,29 €/KG","img":"https://fd13-photos.leclercdrive.fr/image.ashx?id=1760305&use=l&cat=p&typeid=i","cat":333673},{"id":50120,"n":"IGP Gros sel  Le Guérandais Spécial moulin, séché - 500g","p":1.82,"u":"3,64 €/KG","img":"https://fd13-photos.leclercdrive.fr/image.ashx?id=2457893&use=l&cat=p&typeid=i","cat":284457},{"id":50123,"n":"Vinaigrette Puget  Ciboulette/échalotes - 33cl","p":2.37,"u":"7,18 €/L","img":"https://fd13-photos.leclercdrive.fr/image.ashx?id=2912146&use=l&cat=p&typeid=i","cat":284456},{"id":50126,"n":"Compotes Andros  Pomme/châtaigne - 785g","p":3.49,"u":"4,45 €/KG","img":"https://fd13-photos.leclercdrive.fr/image.ashx?id=2396381&use=l&cat=p&typeid=i","cat":284508},{"id":50131,"n":"Compotes Pom'Potes Gourdes  Multivariétés - 20x90g","p":7.28,"u":"4,04 €/KG","img":"https://fd13-photos.leclercdrive.fr/image.ashx?id=3010930&use=l&cat=p&typeid=i","cat":284508},{"id":50132,"n":"Compotes Pom'Potes Gourdes  Multivariétés Inédits - 12x90g","p":5.48,"u":"5,07 €/KG","img":"https://fd13-photos.leclercdrive.fr/image.ashx?id=2870170&use=l&cat=p&typeid=i","cat":284508},{"id":50134,"n":"Poudre anti-calcaire Calgon 4 en 1 - 60 doses","p":10.99,"u":"7,33 €/KG","img":"https://fd13-photos.leclercdrive.fr/image.ashx?id=2954199&use=l&cat=p&typeid=i","cat":284653},{"id":50135,"n":"Lingettes Textil Anti-transfert - x40","p":3.71,"u":"0,09 €/P","img":"https://fd13-photos.leclercdrive.fr/image.ashx?id=2964574&use=l&cat=p&typeid=i","cat":290450},{"id":50211,"n":"Pain Bruschetta La Boulangère 400g","p":2.65,"u":"6,63 €/KG","img":"https://fd13-photos.leclercdrive.fr/image.ashx?id=2912404&use=l&cat=p&typeid=i","cat":284985},{"id":50212,"n":"Pain suédois La Boulangère 180g","p":2.12,"u":"11,78 €/KG","img":"https://fd13-photos.leclercdrive.fr/image.ashx?id=2445376&use=l&cat=p&typeid=i","cat":284985},{"id":50215,"n":"Huile sublime  Vitanove Cheveux sec - 150ml","p":2.99,"u":"19,93 €/L","img":"https://fd13-photos.leclercdrive.fr/image.ashx?id=2209720&use=l&cat=p&typeid=i","cat":284608},{"id":50218,"n":"Tronches de Cake St Michel 175g","p":1.79,"u":"10,23 €/KG","img":"https://fd13-photos.leclercdrive.fr/image.ashx?id=2949946&use=l&cat=p&typeid=i","cat":284495},{"id":50220,"n":"Biscuits Duo Mini BN  190g","p":1.73,"u":"9,11 €/KG","img":"https://fd13-photos.leclercdrive.fr/image.ashx?id=2219606&use=l&cat=p&typeid=i","cat":284488},{"id":50224,"n":"Cookies Milka Pépites de chocolat - 168g","p":1.58,"u":"9,40 €/KG","img":"https://fd13-photos.leclercdrive.fr/image.ashx?id=3002285&use=l&cat=p&typeid=i","cat":325066},{"id":50225,"n":"Biscuits Choco suprême Milka Chocolat - 180g","p":2.34,"u":"13,00 €/KG","img":"https://fd13-photos.leclercdrive.fr/image.ashx?id=2990991&use=l&cat=p&typeid=i","cat":284488},{"id":50226,"n":"Biscuits sablés Granola Chocolat au lait - 3x200g","p":4.29,"u":"7,15 €/KG","img":"https://fd13-photos.leclercdrive.fr/image.ashx?id=3009125&use=l&cat=p&typeid=i","cat":284488},{"id":50231,"n":"Biscuit Dinosaurus Lotus Chocolat au lait - 225g","p":2.08,"u":"9,24 €/KG","img":"https://fd13-photos.leclercdrive.fr/image.ashx?id=2859815&use=l&cat=p&typeid=i","cat":284488},{"id":50235,"n":"Cookies Bonne Maman  Chocolat noisette - 225g","p":3.08,"u":"13,69 €/KG","img":"https://fd13-photos.leclercdrive.fr/image.ashx?id=2936164&use=l&cat=p&typeid=i","cat":325066},{"id":50253,"n":"Soda Sprink's Lemon - 1.5L","p":1.45,"u":"0,97 €/L","img":"https://fd13-photos.leclercdrive.fr/image.ashx?id=2913715&use=l&cat=p&typeid=i","cat":284532},{"id":50255,"n":"Soda Sprink's Citron - 1.5L","p":1.09,"u":"0,73 €/L","img":"https://fd13-photos.leclercdrive.fr/image.ashx?id=2913730&use=l&cat=p&typeid=i","cat":284532},{"id":50256,"n":"Soda Sprink's Lemon Lime - 1.5L","p":0.99,"u":"0,66 €/L","img":"https://fd13-photos.leclercdrive.fr/image.ashx?id=2913736&use=l&cat=p&typeid=i","cat":284532},{"id":50257,"n":"Jus d'orange Jafaden Pur jus sans pulpe - 6x1L","p":11.94,"u":"1,99 €/L","img":"https://fd13-photos.leclercdrive.fr/image.ashx?id=2842504&use=l&cat=p&typeid=i","cat":284521},{"id":50432,"n":"Pain Campagnard GERBLE  Sans gluten - 350g","p":4.23,"u":"12,09 €/KG","img":"https://fd13-photos.leclercdrive.fr/image.ashx?id=2662829&use=l&cat=p&typeid=i","cat":325069},{"id":50458,"n":"Fromage Roucoulons Fromagerie Milleret- 220g","p":2.77,"u":"12,59 €/KG","img":"https://fd13-photos.leclercdrive.fr/image.ashx?id=2450922&use=l&cat=p&typeid=i","cat":329558},{"id":50459,"n":"Fromage à Tartiner St Môret  Nature - 150g","p":2.01,"u":"13,40 €/KG","img":"https://fd13-photos.leclercdrive.fr/image.ashx?id=2755468&use=l&cat=p&typeid=i","cat":314029},{"id":50489,"n":"Chewing-gum 2Fresh Hollywood Menthe verte - 66g","p":2.15,"u":"32,58 €/KG","img":"https://fd13-photos.leclercdrive.fr/image.ashx?id=2676201&use=l&cat=p&typeid=i","cat":304251},{"id":50490,"n":"Détacheur sang Dr Beckman 50ml","p":1.43,"u":"28,60 €/L","img":"https://fd13-photos.leclercdrive.fr/image.ashx?id=2973955&use=l&cat=p&typeid=i","cat":284651},{"id":50491,"n":"Bière blanche Hoegaarden 4,9% - 6x25cl","p":4.55,"u":"3,03 €/L","img":"https://fd13-photos.leclercdrive.fr/image.ashx?id=2963922&use=l&cat=p&typeid=i","cat":334878},{"id":50493,"n":"Détacheur graisse Dr Beckman 50ml","p":1.43,"u":"28,60 €/L","img":"https://fd13-photos.leclercdrive.fr/image.ashx?id=3011797&use=l&cat=p&typeid=i","cat":284651},{"id":50497,"n":"Détacheur fruits Dr Beckman 50ml","p":1.61,"u":"32,20 €/L","img":"https://fd13-photos.leclercdrive.fr/image.ashx?id=3012218&use=l&cat=p&typeid=i","cat":284651},{"id":50524,"n":"Crème soin Nivea visage Sensitive soin de jour - 50ml","p":4.3,"u":"86,00 €/L","img":"https://fd13-photos.leclercdrive.fr/image.ashx?id=2221581&use=l&cat=p&typeid=i","cat":325345},{"id":50548,"n":"Lait de croissance Lactel Nature - 6x1L","p":11.18,"u":"1,86 €/L","img":"https://fd13-photos.leclercdrive.fr/image.ashx?id=2927438&use=l&cat=p&typeid=i","cat":284728},{"id":50568,"n":"Eau aromatisée Cristaline Jus de pêche - 1.5L","p":1.14,"u":"0,76 €/L","img":"https://fd13-photos.leclercdrive.fr/image.ashx?id=2344615&use=l&cat=p&typeid=i","cat":284537},{"id":50569,"n":"Boisson aromatisée Cristaline Jus de fruits tropical - 1.5L","p":1.11,"u":"0,74 €/L","img":"https://fd13-photos.leclercdrive.fr/image.ashx?id=2344618&use=l&cat=p&typeid=i","cat":284537},{"id":50570,"n":"Eau aromatisée Cristaline Fraise - 1.5L","p":1.12,"u":"0,75 €/L","img":"https://fd13-photos.leclercdrive.fr/image.ashx?id=2417255&use=l&cat=p&typeid=i","cat":284537},{"id":50571,"n":"Boisson Cristaline aromatisée Pêche - 6x50cl","p":3.34,"u":"1,11 €/L","img":"https://fd13-photos.leclercdrive.fr/image.ashx?id=2344630&use=l&cat=p&typeid=i","cat":284537},{"id":50572,"n":"Boisson Cristaline aromatisée Fraise - 6x50cl","p":3.38,"u":"1,13 €/L","img":"https://fd13-photos.leclercdrive.fr/image.ashx?id=2344627&use=l&cat=p&typeid=i","cat":284537},{"id":50582,"n":"Asperges vertes Rochefontaine 100g","p":2.33,"u":"23,30 €/KG","img":"https://fd13-photos.leclercdrive.fr/image.ashx?id=2170439&use=l&cat=p&typeid=i","cat":312611},{"id":50585,"n":"Haricots verts d'aucy  Extra-fins - 440g","p":1.9,"u":"4,32 €/KG","img":"https://fd13-photos.leclercdrive.fr/image.ashx?id=2527370&use=l&cat=p&typeid=i","cat":312606},{"id":50590,"n":"Lentilles préparées D'aucy  530g","p":1.53,"u":"2,89 €/KG","img":"https://fd13-photos.leclercdrive.fr/image.ashx?id=2560597&use=l&cat=p&typeid=i","cat":312609},{"id":50592,"n":"Pois chiches Sultanines 265g","p":0.93,"u":"3,51 €/KG","img":"https://fd13-photos.leclercdrive.fr/image.ashx?id=1920223&use=l&cat=p&typeid=i","cat":312609},{"id":50599,"n":"Crème soyeuse Bio Lait d'anesse So'Bio Etic - 50 ml","p":8.0,"u":"160,00 €/L","img":"https://fd13-photos.leclercdrive.fr/image.ashx?id=2906463&use=l&cat=p&typeid=i","cat":325345},{"id":50600,"n":"Crème onctueuse lait d'anesse Bio - So'Bio Etic - 50 ml","p":7.16,"u":"143,20 €/L","img":"https://fd13-photos.leclercdrive.fr/image.ashx?id=2909062&use=l&cat=p&typeid=i","cat":325345},{"id":50604,"n":"Lotion micellaire So Bio Etic Aloe vera bio - 500 ml","p":5.24,"u":"10,48 €/L","img":"https://fd13-photos.leclercdrive.fr/image.ashx?id=2493508&use=l&cat=p&typeid=i","cat":284603},{"id":50672,"n":"Biscuits à la cuillère x30 Bonne Maman - 250g","p":4.3,"u":"17,20 €/KG","img":"https://fd13-photos.leclercdrive.fr/image.ashx?id=2936152&use=l&cat=p&typeid=i","cat":284487},{"id":50673,"n":"Financier amandes Bonne Maman 250g","p":3.16,"u":"12,64 €/KG","img":"https://fd13-photos.leclercdrive.fr/image.ashx?id=2936176&use=l&cat=p&typeid=i","cat":284492},{"id":50674,"n":"Quatre quarts Bonne Maman 500g","p":3.04,"u":"6,08 €/KG","img":"https://fd13-photos.leclercdrive.fr/image.ashx?id=2936158&use=l&cat=p&typeid=i","cat":294776},{"id":50675,"n":"Gâteau Bonne Maman  Marbré chocolat - 475g","p":3.22,"u":"6,78 €/KG","img":"https://fd13-photos.leclercdrive.fr/image.ashx?id=2936161&use=l&cat=p&typeid=i","cat":294776},{"id":50676,"n":"Madeleine coquille St Michel  Oeuf plein air x24 - 600g","p":2.98,"u":"4,97 €/KG","img":"https://fd13-photos.leclercdrive.fr/image.ashx?id=2936197&use=l&cat=p&typeid=i","cat":284492},{"id":50678,"n":"IGP Vinaigre balsamique Modène Maille - 75cl","p":4.83,"u":"6,44 €/L","img":"https://fd13-photos.leclercdrive.fr/image.ashx?id=2805666&use=l&cat=p&typeid=i","cat":298543},{"id":50680,"n":"Barre Chocolatée KINDER Country  Céréales chocolat x15 - 352,5g","p":4.77,"u":"13,55 €/KG","img":"https://fd13-photos.leclercdrive.fr/image.ashx?id=2231903&use=l&cat=p&typeid=i","cat":284498},{"id":50682,"n":"Gâteau Ker Cadélac Le Moelleux Original - 500g","p":2.6,"u":"5,20 €/KG","img":"https://fd13-photos.leclercdrive.fr/image.ashx?id=2955797&use=l&cat=p&typeid=i","cat":294776},{"id":50683,"n":"Barre marbré  Ker Cadélac  Cacao - 500g","p":2.47,"u":"4,94 €/KG","img":"https://fd13-photos.leclercdrive.fr/image.ashx?id=2939508&use=l&cat=p&typeid=i","cat":294776},{"id":50684,"n":"Madeleine Ker Cadélac  Pépites chocolat x24 - 600g","p":4.81,"u":"8,02 €/KG","img":"https://fd13-photos.leclercdrive.fr/image.ashx?id=2507991&use=l&cat=p&typeid=i","cat":284492},{"id":50690,"n":"Brioche tressée Pasquier Tranchée nature - 500g","p":2.53,"u":"5,06 €/KG","img":"https://fd13-photos.leclercdrive.fr/image.ashx?id=2978706&use=l&cat=p&typeid=i","cat":284478},{"id":50694,"n":"Cacahuètes Benenuts Grillées salées - 410g","p":2.21,"u":"5,39 €/KG","img":"https://fd13-photos.leclercdrive.fr/image.ashx?id=2418765&use=l&cat=p&typeid=i","cat":284448},{"id":50710,"n":"Chocolats  Lindt Mignonnettes - 500g","p":13.52,"u":"27,04 €/KG","img":"https://fd13-photos.leclercdrive.fr/image.ashx?id=2209197&use=l&cat=p&typeid=i","cat":284499},{"id":50712,"n":"Biscuits Choco Pause Milka Chocolat au lait - 260g","p":1.56,"u":"6,00 €/KG","img":"https://fd13-photos.leclercdrive.fr/image.ashx?id=2192572&use=l&cat=p&typeid=i","cat":284488},{"id":50713,"n":"Biscuits Oreo Vanille / chocolat blanc - 246g","p":2.47,"u":"10,04 €/KG","img":"https://fd13-photos.leclercdrive.fr/image.ashx?id=2989447&use=l&cat=p&typeid=i","cat":284488},{"id":50714,"n":"Biscottes Heudebert  Goût brioché - 290g","p":1.69,"u":"5,83 €/KG","img":"https://fd13-photos.leclercdrive.fr/image.ashx?id=3001979&use=l&cat=p&typeid=i","cat":284479},{"id":50715,"n":"Biscottes Gourmande Pelletier Goût brioché - 260g","p":2.24,"u":"8,62 €/KG","img":"https://fd13-photos.leclercdrive.fr/image.ashx?id=2961825&use=l&cat=p&typeid=i","cat":284479},{"id":50734,"n":"Soda Sprink's Orange - 1.5L","p":0.92,"u":"0,61 €/L","img":"https://fd13-photos.leclercdrive.fr/image.ashx?id=2974810&use=l&cat=p&typeid=i","cat":284532},{"id":50744,"n":"Cervelas Eco+ 400g","p":1.62,"u":"4,05 €/KG","img":"https://fd13-photos.leclercdrive.fr/image.ashx?id=2683637&use=l&cat=p&typeid=i","cat":316012},{"id":50760,"n":"Sablés Bonne Maman  Tout Chocolat - 150g","p":1.47,"u":"9,80 €/KG","img":"https://fd13-photos.leclercdrive.fr/image.ashx?id=2923687&use=l&cat=p&typeid=i","cat":325066},{"id":50773,"n":"Dés de jambon Eco+ 2x100G","p":1.65,"u":"8,25 €/KG","img":"https://fd13-photos.leclercdrive.fr/image.ashx?id=2930936&use=l&cat=p&typeid=i","cat":316011},{"id":50778,"n":"Jambon qualité choix Eco+ 10 tranches - 500g","p":4.21,"u":"8,42 €/KG","img":"https://fd13-photos.leclercdrive.fr/image.ashx?id=2970492&use=l&cat=p&typeid=i","cat":316009},{"id":50781,"n":"Saucisson cuit à l'ail Eco+ nature - 400g","p":1.61,"u":"4,03 €/KG","img":"https://fd13-photos.leclercdrive.fr/image.ashx?id=2675789&use=l&cat=p&typeid=i","cat":316006},{"id":50782,"n":"Saucisson cuit à l'ail Eco+ fumé - 400g","p":1.4,"u":"3,50 €/KG","img":"https://fd13-photos.leclercdrive.fr/image.ashx?id=2675792&use=l&cat=p&typeid=i","cat":316006},{"id":50802,"n":"Huile d'olive Tramier Vierge extra - 75cl","p":7.98,"u":"10,64 €/L","img":"https://fd13-photos.leclercdrive.fr/image.ashx?id=2769807&use=l&cat=p&typeid=i","cat":284453},{"id":50805,"n":"Sauce Tomates Barilla Olive - 400g","p":1.87,"u":"4,68 €/KG","img":"https://fd13-photos.leclercdrive.fr/image.ashx?id=2832515&use=l&cat=p&typeid=i","cat":287599},{"id":50810,"n":"Sauce Tomates Barilla Arrabbiata - 400g","p":1.73,"u":"4,33 €/KG","img":"https://fd13-photos.leclercdrive.fr/image.ashx?id=2832509&use=l&cat=p&typeid=i","cat":287599},{"id":50843,"n":"Pastis Ricard Anisé 45% vol - 2L","p":39.22,"u":"19,61 €/L","img":"https://fd13-photos.leclercdrive.fr/image.ashx?id=2919271&use=l&cat=p&typeid=i","cat":284548},{"id":50903,"n":"Rana Feuilles de lasagnes Fraîches - 250g","p":2.28,"u":"9,12 €/KG","img":"https://fd13-photos.leclercdrive.fr/image.ashx?id=2529144&use=l&cat=p&typeid=i","cat":333682},{"id":50906,"n":"Cubes allume-feu Eco+ x32","p":1.4,"u":"0,04 €/P","img":"https://fd13-photos.leclercdrive.fr/image.ashx?id=2645125&use=l&cat=p&typeid=i","cat":300578},{"id":50908,"n":"Gélule bien-être foie Juvamine Artichaut/Radis noir - x50","p":3.35,"img":"https://fd13-photos.leclercdrive.fr/image.ashx?id=2785850&use=l&cat=p&typeid=i","cat":313217},{"id":50915,"n":"Gnocchi à poêler Lustucru Fromage - 300g","p":1.72,"u":"5,73 €/KG","img":"https://fd13-photos.leclercdrive.fr/image.ashx?id=3014482&use=l&cat=p&typeid=i","cat":333682},{"id":50956,"n":"Bougies chauffe plats Ardence x25","p":2.39,"img":"https://fd13-photos.leclercdrive.fr/image.ashx?id=2635550&use=l&cat=p&typeid=i","cat":335913},{"id":50970,"n":"Plat bébé bio Good Goût bio Ratatouille - Dès 6 mois - 190g","p":3.44,"u":"18,11 €/KG","img":"https://fd13-photos.leclercdrive.fr/image.ashx?id=2579071&use=l&cat=p&typeid=i","cat":312235},{"id":50984,"n":"Soda zéro Sprink's Agrumes - 1,5L","p":0.76,"u":"0,51 €/L","img":"https://fd13-photos.leclercdrive.fr/image.ashx?id=2913724&use=l&cat=p&typeid=i","cat":284532},{"id":50990,"n":"Fruits au sirop St Mamet Ananas en morceaux - 345g","p":2.59,"u":"7,51 €/KG","img":"https://fd13-photos.leclercdrive.fr/image.ashx?id=2927309&use=l&cat=p&typeid=i","cat":284507},{"id":50991,"n":"Fruits au sirop St Mamet Ananas en tranches - 345g","p":2.95,"u":"8,55 €/KG","img":"https://fd13-photos.leclercdrive.fr/image.ashx?id=2630226&use=l&cat=p&typeid=i","cat":284507},{"id":51004,"n":"Sucre de canne Daddy Demi morceaux - 750g","p":2.12,"u":"2,83 €/KG","img":"https://fd13-photos.leclercdrive.fr/image.ashx?id=2907950&use=l&cat=p&typeid=i","cat":284502},{"id":51046,"n":"Mouchoirs blancs 3 plis Eco+ x15","p":0.97,"u":"0,06 €/P","img":"https://fd13-photos.leclercdrive.fr/image.ashx?id=2824244&use=l&cat=p&typeid=i","cat":284638},{"id":51047,"n":"Biscuits Petit Brun extra 300g","p":1.4,"u":"4,67 €/KG","img":"https://fd13-photos.leclercdrive.fr/image.ashx?id=3002264&use=l&cat=p&typeid=i","cat":284487},{"id":51048,"n":"Lentilles Notre Jardin 3x130g","p":2.09,"u":"5,36 €/KG","img":"https://fd13-photos.leclercdrive.fr/image.ashx?id=3002617&use=l&cat=p&typeid=i","cat":312609},{"id":51050,"n":"Chips Pom'lisse Barbecue - 6x30g","p":1.99,"u":"11,06 €/KG","img":"https://fd13-photos.leclercdrive.fr/image.ashx?id=2809668&use=l&cat=p&typeid=i","cat":284447},{"id":51089,"n":"Soda Sprink's Aux agrumes - 1.5L","p":1.4,"u":"0,93 €/L","img":"https://fd13-photos.leclercdrive.fr/image.ashx?id=2913727&use=l&cat=p&typeid=i","cat":284532},{"id":51227,"n":"Papier cuisson Alfapac Naturel 10M x 0.37","p":2.26,"img":"https://fd13-photos.leclercdrive.fr/image.ashx?id=2887734&use=l&cat=p&typeid=i","cat":334134},{"id":51250,"n":"Yaourt nature Activia bifidus 0%MG  - 8x125g","p":2.84,"u":"2,84 €/KG","img":"https://fd13-photos.leclercdrive.fr/image.ashx?id=2741688&use=l&cat=p&typeid=i","cat":315000},{"id":51268,"n":"Eau aromatisée O'Fresh Fraise - 1.5L","p":0.75,"u":"0,50 €/L","img":"https://fd13-photos.leclercdrive.fr/image.ashx?id=2450044&use=l&cat=p&typeid=i","cat":284537},{"id":51270,"n":"Tablette chocolat Côte d'Or Chocolat au lait - 3x100g","p":4.69,"u":"15,63 €/KG","img":"https://fd13-photos.leclercdrive.fr/image.ashx?id=2875561&use=l&cat=p&typeid=i","cat":284497},{"id":51271,"n":"Tablette chocolat Côte d'Or Noir extra - 3x100g","p":3.72,"u":"12,40 €/KG","img":"https://fd13-photos.leclercdrive.fr/image.ashx?id=2875564&use=l&cat=p&typeid=i","cat":284956},{"id":51274,"n":"Tablette chocolat Côte d'Or Chocolar lait/ Raisin - 180g","p":3.47,"u":"19,28 €/KG","img":"https://fd13-photos.leclercdrive.fr/image.ashx?id=2961272&use=l&cat=p&typeid=i","cat":284497},{"id":51275,"n":"Tablette chocolat Côte d'Or Chocolat lait/Noisettes - 180g","p":3.26,"u":"18,11 €/KG","img":"https://fd13-photos.leclercdrive.fr/image.ashx?id=2993140&use=l&cat=p&typeid=i","cat":284497},{"id":51276,"n":"Tablette chocolat Côte d'Or Chocolat noir/Noisettes - 180g","p":3.27,"u":"18,17 €/KG","img":"https://fd13-photos.leclercdrive.fr/image.ashx?id=2993143&use=l&cat=p&typeid=i","cat":284956},{"id":51277,"n":"Tablette chocolat Côte d'Or Chocolat noir Amandes - 180g","p":3.55,"u":"19,72 €/KG","img":"https://fd13-photos.leclercdrive.fr/image.ashx?id=2993146&use=l&cat=p&typeid=i","cat":284956},{"id":51289,"n":"Fromage Blanc Calin Nature - 0% extra - 850g","p":2.29,"u":"2,69 €/KG","img":"https://fd13-photos.leclercdrive.fr/image.ashx?id=2973724&use=l&cat=p&typeid=i","cat":315000},{"id":51291,"n":"Fromage blanc Soignon Nature lait de chèvre - 4x100g","p":2.6,"u":"6,50 €/KG","img":"https://fd13-photos.leclercdrive.fr/image.ashx?id=2539902&use=l&cat=p&typeid=i","cat":314998},{"id":51292,"n":"Yaourts Douceur satinée Délisse Nature - 8x125g","p":2.59,"u":"2,59 €/KG","img":"https://fd13-photos.leclercdrive.fr/image.ashx?id=2465047&use=l&cat=p&typeid=i","cat":284409},{"id":51297,"n":"Compotes Andros Pomme nature - 8x100g","p":2.39,"u":"2,99 €/KG","img":"https://fd13-photos.leclercdrive.fr/image.ashx?id=2884006&use=l&cat=p&typeid=i","cat":284416},{"id":51298,"n":"Compotes Andros  Pomme nature - 16x100g","p":3.25,"u":"2,03 €/KG","img":"https://fd13-photos.leclercdrive.fr/image.ashx?id=2908195&use=l&cat=p&typeid=i","cat":284416},{"id":51300,"n":"Yaourt Nature Sucré Yoplait - 4x125g","p":1.18,"u":"2,36 €/KG","img":"https://fd13-photos.leclercdrive.fr/image.ashx?id=2799898&use=l&cat=p&typeid=i","cat":284409},{"id":51346,"n":"Dessert liégeois Viennois Vanille lit de caramel - 4x100g","p":1.71,"u":"4,28 €/KG","img":"https://fd13-photos.leclercdrive.fr/image.ashx?id=2692122&use=l&cat=p&typeid=i","cat":285042},{"id":51353,"n":"Fromage Cantal jeune NRT AOP  200g","p":3.19,"u":"15,95 €/KG","img":"https://fd13-photos.leclercdrive.fr/image.ashx?id=2934832&use=l&cat=p&typeid=i","cat":314034},{"id":51354,"n":"Mascarpone gorgonzola Tradizioni d'Italia - 200g","p":2.69,"u":"13,45 €/KG","img":"https://fd13-photos.leclercdrive.fr/image.ashx?id=2966535&use=l&cat=p&typeid=i","cat":314032},{"id":51355,"n":"Plat courges 6 mois Good Goût Bio - sauté d'agneau - 190g","p":2.6,"u":"13,68 €/KG","img":"https://fd13-photos.leclercdrive.fr/image.ashx?id=2637276&use=l&cat=p&typeid=i","cat":312236},{"id":51356,"n":"Risotto de courgettes Good Goût Bio Au chèvre Dés 8 mois - 190g","p":2.95,"u":"15,53 €/KG","img":"https://fd13-photos.leclercdrive.fr/image.ashx?id=2640725&use=l&cat=p&typeid=i","cat":312236},{"id":51361,"n":"Brassé Poire vanille Good Goût Bio Dès 6 mois - 90g","p":1.26,"u":"14,00 €/KG","img":"https://fd13-photos.leclercdrive.fr/image.ashx?id=2736178&use=l&cat=p&typeid=i","cat":312392},{"id":51392,"n":"Yaourts à la Grecque Délisse Lit de fruit jaunes - 4x150g","p":1.99,"u":"3,32 €/KG","img":"https://fd13-photos.leclercdrive.fr/image.ashx?id=2699699&use=l&cat=p&typeid=i","cat":314999},{"id":51395,"n":"Profiteroles Délisse 4x90g","p":2.49,"u":"6,92 €/KG","img":"https://fd13-photos.leclercdrive.fr/image.ashx?id=2415562&use=l&cat=p&typeid=i","cat":284419},{"id":51607,"n":"Fromage enfant Kiri Goûter 8 portions barquettes - 280g","p":3.49,"u":"12,46 €/KG","img":"https://fd13-photos.leclercdrive.fr/image.ashx?id=2972886&use=l&cat=p&typeid=i","cat":314030},{"id":51653,"n":"Bananes Panier du Primeur x5","p":1.69,"u":"0,34 €/P","img":"https://fd13-photos.leclercdrive.fr/image.ashx?id=2302456&use=l&cat=p&typeid=i","cat":284356},{"id":51683,"n":"Sucre en morceaux Saint Louis Sécables - 1kg","p":2.13,"u":"2,13 €/KG","img":"https://fd13-photos.leclercdrive.fr/image.ashx?id=2624233&use=l&cat=p&typeid=i","cat":284502},{"id":51750,"n":"Sel fin La Baleine Iodé - 500g","p":0.52,"u":"1,04 €/KG","img":"https://fd13-photos.leclercdrive.fr/image.ashx?id=1752100&use=l&cat=p&typeid=i","cat":284457},{"id":51751,"n":"Cacolac Chocolat Canettes Pack - 6x25cl","p":4.21,"u":"2,81 €/L","img":"https://fd13-photos.leclercdrive.fr/image.ashx?id=2554623&use=l&cat=p&typeid=i","cat":295246},{"id":51770,"n":"Protège-documents Esquisse Rouge - A4 - 40 vues","p":1.79,"img":"https://fd13-photos.leclercdrive.fr/image.ashx?id=940775&use=l&cat=p&typeid=i","cat":284745},{"id":51771,"n":"Protège-documents Esquisse  Transparent - A4 - 40 vues","p":1.79,"img":"https://fd13-photos.leclercdrive.fr/image.ashx?id=1690170&use=l&cat=p&typeid=i","cat":284745},{"id":51822,"n":"Thé glacé Lipton Ice Tea Pêche - 4x50cl","p":4.08,"u":"2,04 €/L","img":"https://fd13-photos.leclercdrive.fr/image.ashx?id=2505471&use=l&cat=p&typeid=i","cat":295019},{"id":51831,"n":"Eau gazeuse Rozana 6x50cl","p":2.85,"u":"0,95 €/L","img":"https://fd13-photos.leclercdrive.fr/image.ashx?id=2870608&use=l&cat=p&typeid=i","cat":284536},{"id":51866,"n":"Lait Croissance Mots d'Enfants 12 à 36 mois - 6x1L","p":8.04,"u":"1,34 €/L","img":"https://fd13-photos.leclercdrive.fr/image.ashx?id=2770684&use=l&cat=p&typeid=i","cat":284728},{"id":51904,"n":"Règle Esquisse 30cm - x1","p":0.75,"img":"https://fd13-photos.leclercdrive.fr/image.ashx?id=2726908&use=l&cat=p&typeid=i","cat":334133},{"id":51934,"n":"Goûter laitier Récré O'Lé Gourdes Chocolat - 12x85g","p":5.21,"u":"5,11 €/KG","img":"https://fd13-photos.leclercdrive.fr/image.ashx?id=2887035&use=l&cat=p&typeid=i","cat":284506},{"id":51935,"n":"Goûter laitier Récré O'Lé Gourdes Saveur Vanille - 12x85g","p":5.74,"u":"5,63 €/KG","img":"https://fd13-photos.leclercdrive.fr/image.ashx?id=2795213&use=l&cat=p&typeid=i","cat":284506},{"id":51939,"n":"Trio salade Florette Mâche roquette betterave - 175g","p":2.61,"u":"14,91 €/KG","img":"https://fd13-photos.leclercdrive.fr/image.ashx?id=2650534&use=l&cat=p&typeid=i","cat":284353},{"id":51956,"n":"Gel barquette  Bien Air Muguet  x1","p":1.24,"img":"https://fd13-photos.leclercdrive.fr/image.ashx?id=2466877&use=l&cat=p&typeid=i","cat":311628},{"id":51978,"n":"Boisson au soja Nat&Vie Chocolat - 1L","p":1.4,"u":"1,40 €/L","img":"https://fd13-photos.leclercdrive.fr/image.ashx?id=2886457&use=l&cat=p&typeid=i","cat":316067},{"id":51979,"n":"Boisson au soja Vanille Végé 1L Végé - 200g","p":1.35,"u":"1,35 €/L","img":"https://fd13-photos.leclercdrive.fr/image.ashx?id=2872703&use=l&cat=p&typeid=i","cat":316067},{"id":51980,"n":"Lait demi-écrémé Délisse UHT -  6x25cl","p":3.36,"u":"2,24 €/L","img":"https://fd13-photos.leclercdrive.fr/image.ashx?id=2971503&use=l&cat=p&typeid=i","cat":284377},{"id":51989,"n":"Lait sans lactose Délisse UHT Bouteille -  6x50cl","p":5.76,"u":"1,92 €/L","img":"https://fd13-photos.leclercdrive.fr/image.ashx?id=2492267&use=l&cat=p&typeid=i","cat":317169},{"id":51995,"n":"Spécialité laitière Délisse Epaisse - 7% MG - 50cl","p":1.43,"u":"2,86 €/L","img":"https://fd13-photos.leclercdrive.fr/image.ashx?id=2363802&use=l&cat=p&typeid=i","cat":284381},{"id":51996,"n":"Spécialtié laitière Délisse UHT Fluide 4%mg - 3x20cl","p":1.99,"u":"3,32 €/L","img":"https://fd13-photos.leclercdrive.fr/image.ashx?id=2909398&use=l&cat=p&typeid=i","cat":284381},{"id":51999,"n":"Spécialité laitière Délisse Semi-épaisse 4%mg - 2x25cl","p":1.9,"u":"3,80 €/L","img":"https://fd13-photos.leclercdrive.fr/image.ashx?id=1790942&use=l&cat=p&typeid=i","cat":284381},{"id":52001,"n":"Pâte à pizza fine Herta Rectangulaire - 390g","p":1.54,"u":"3,95 €/KG","img":"https://fd13-photos.leclercdrive.fr/image.ashx?id=2976110&use=l&cat=p&typeid=i","cat":333681},{"id":52002,"n":"HERTA Pâte à pizza fine & ronde 265g","p":1.23,"u":"4,64 €/KG","img":"https://fd13-photos.leclercdrive.fr/image.ashx?id=2975674&use=l&cat=p&typeid=i","cat":333681},{"id":52003,"n":"Eau aromatisée O'Fresh Fraise - 6x50cl","p":2.99,"u":"1,00 €/L","img":"https://fd13-photos.leclercdrive.fr/image.ashx?id=2441378&use=l&cat=p&typeid=i","cat":284537},{"id":52065,"n":"Sapin coupé Nordmann avec pied Taille entre 150 et 200 cm","p":35.0,"img":"https://fd13-photos.leclercdrive.fr/image.ashx?id=959474&use=l&cat=p&typeid=i","cat":335921},{"id":52071,"n":"Tortillas Table du Monde De maïs - 320g","p":1.69,"u":"5,28 €/KG","img":"https://fd13-photos.leclercdrive.fr/image.ashx?id=2679759&use=l&cat=p&typeid=i","cat":288993},{"id":52077,"n":"IGP Côtes du Tarn Gamay  Rouge Vieux Carion 12% BIB 3L","p":7.99,"u":"2,66 €/L","img":"https://fd13-photos.leclercdrive.fr/image.ashx?id=2756155&use=l&cat=p&typeid=i","cat":289560},{"id":52078,"n":"Pointe Brie de Meaux NRT AOP 200g","p":3.09,"u":"15,45 €/KG","img":"https://fd13-photos.leclercdrive.fr/image.ashx?id=2564491&use=l&cat=p&typeid=i","cat":314033},{"id":52080,"n":"Emmental fromage rapé Les Croisés - 1kg","p":7.97,"u":"7,97 €/KG","img":"https://fd13-photos.leclercdrive.fr/image.ashx?id=2832990&use=l&cat=p&typeid=i","cat":314035},{"id":52081,"n":"Boisson à base de vin rosé  saveur fraise Festalie - 75 cl","p":2.4,"u":"3,20 €/L","img":"https://fd13-photos.leclercdrive.fr/image.ashx?id=2774903&use=l&cat=p&typeid=i","cat":304569},{"id":52082,"n":"Roulés Les Croisés Jambon fumé Fromage ail fines herbes - 100g","p":2.79,"u":"27,90 €/KG","img":"https://fd13-photos.leclercdrive.fr/image.ashx?id=2501682&use=l&cat=p&typeid=i","cat":314027},{"id":52083,"n":"Roulés Les Croisés Jambon fumé poivre - 100g","p":2.94,"u":"29,40 €/KG","img":"https://fd13-photos.leclercdrive.fr/image.ashx?id=2501685&use=l&cat=p&typeid=i","cat":314027},{"id":52089,"n":"Fromage Cantal Entre deux NRT  AOP - 220g","p":3.26,"u":"14,82 €/KG","img":"https://fd13-photos.leclercdrive.fr/image.ashx?id=2934838&use=l&cat=p&typeid=i","cat":314034},{"id":52090,"n":"Pizza Turini 3 Fromages - 3x350g","p":5.3,"u":"5,05 €/KG","img":"https://fd13-photos.leclercdrive.fr/image.ashx?id=2815247&use=l&cat=p&typeid=i","cat":284256},{"id":52093,"n":"Salade Menu Fraîcheur Lentilles aux oignons - 300g","p":1.52,"u":"5,07 €/KG","img":"https://fd13-photos.leclercdrive.fr/image.ashx?id=2645954&use=l&cat=p&typeid=i","cat":333657},{"id":52094,"n":"Poulet rôti purée Côté Table Barquette - 300g","p":2.38,"u":"7,93 €/KG","img":"https://fd13-photos.leclercdrive.fr/image.ashx?id=2624001&use=l&cat=p&typeid=i","cat":284953},{"id":52101,"n":"Barre marbré P'tit Deli Chocolat - 500g","p":1.95,"u":"3,90 €/KG","img":"https://fd13-photos.leclercdrive.fr/image.ashx?id=2523181&use=l&cat=p&typeid=i","cat":294776},{"id":52104,"n":"Gaufres P'tit Deli Poudrées - 260g","p":1.69,"u":"6,50 €/KG","img":"https://fd13-photos.leclercdrive.fr/image.ashx?id=2932417&use=l&cat=p&typeid=i","cat":294777},{"id":52108,"n":"Sirop violette NRT Des Alpes-Maritimes -70cl","p":3.2,"u":"4,57 €/L","img":"https://fd13-photos.leclercdrive.fr/image.ashx?id=2590490&use=l&cat=p&typeid=i","cat":295020},{"id":52111,"n":"Chiffonade chorizo Saint Azay 100g","p":2.19,"u":"21,90 €/KG","img":"https://fd13-photos.leclercdrive.fr/image.ashx?id=2845146&use=l&cat=p&typeid=i","cat":316007},{"id":52112,"n":"Jambon sec Saint Azay  4 tranches - 100g","p":2.06,"u":"20,60 €/KG","img":"https://fd13-photos.leclercdrive.fr/image.ashx?id=2869275&use=l&cat=p&typeid=i","cat":316007},{"id":52114,"n":"Fromage Emmental râpé NRT IGP de Savoie - 100g","p":1.99,"u":"19,90 €/KG","img":"https://fd13-photos.leclercdrive.fr/image.ashx?id=2771088&use=l&cat=p&typeid=i","cat":314035},{"id":52115,"n":"Ail Rustica  250g","p":3.29,"u":"13,16 €/KG","img":"https://fd13-photos.leclercdrive.fr/image.ashx?id=2341894&use=l&cat=p&typeid=i","cat":319804},{"id":52117,"n":"Persil et ail Rustica   250g","p":3.33,"u":"13,32 €/KG","img":"https://fd13-photos.leclercdrive.fr/image.ashx?id=2341897&use=l&cat=p&typeid=i","cat":319804},{"id":52122,"n":"Limonade Sprink's Zero - 1.5L","p":0.59,"u":"0,39 €/L","img":"https://fd13-photos.leclercdrive.fr/image.ashx?id=2913681&use=l&cat=p&typeid=i","cat":284531},{"id":52124,"n":"Pâtes Tagliatelles Turini  Fraiches - 600g","p":1.89,"u":"3,15 €/KG","img":"https://fd13-photos.leclercdrive.fr/image.ashx?id=2823081&use=l&cat=p&typeid=i","cat":333682},{"id":52125,"n":"Feuilleté glacé Tyrolia Eskiss Fruits rouges - 390g","p":2.96,"u":"7,59 €/KG","img":"https://fd13-photos.leclercdrive.fr/image.ashx?id=2660425&use=l&cat=p&typeid=i","cat":284266},{"id":52126,"n":"Crème brulée Tyrolia Eskiss 350g","p":2.1,"u":"6,00 €/KG","img":"https://fd13-photos.leclercdrive.fr/image.ashx?id=2075672&use=l&cat=p&typeid=i","cat":284266},{"id":52128,"n":"Dés de saumon Ronde des Mers  Fumé nature - 90g","p":4.1,"u":"45,56 €/KG","img":"https://fd13-photos.leclercdrive.fr/image.ashx?id=2966246&use=l&cat=p&typeid=i","cat":285188},{"id":52135,"n":"Emmental -30% sel fromage râpé Les Croisés - 150g","p":1.99,"u":"13,27 €/KG","img":"https://fd13-photos.leclercdrive.fr/image.ashx?id=2949197&use=l&cat=p&typeid=i","cat":314035},{"id":52136,"n":"Mozzarella Pic'Express 250g","p":2.99,"u":"11,96 €/KG","img":"https://fd13-photos.leclercdrive.fr/image.ashx?id=2678800&use=l&cat=p&typeid=i","cat":319774},{"id":52139,"n":"Confit d'oignons NRT 150g","p":1.87,"u":"12,47 €/KG","img":"https://fd13-photos.leclercdrive.fr/image.ashx?id=2839998&use=l&cat=p&typeid=i","cat":284458},{"id":52141,"n":"Bâtonnets Dentastix Pedigree Moyen chien x7 - 180g","p":2.32,"u":"12,89 €/KG","img":"https://fd13-photos.leclercdrive.fr/image.ashx?id=2981301&use=l&cat=p&typeid=i","cat":294527},{"id":52142,"n":"Bâtonnets Dentastix Pedigree Grand chien x7 - 270g","p":2.94,"u":"10,89 €/KG","img":"https://fd13-photos.leclercdrive.fr/image.ashx?id=2877046&use=l&cat=p&typeid=i","cat":294527},{"id":52143,"n":"Bâtonnets Dentastix Pedigree Petit chien x7 - 110g","p":1.77,"u":"16,09 €/KG","img":"https://fd13-photos.leclercdrive.fr/image.ashx?id=2832338&use=l&cat=p&typeid=i","cat":294527},{"id":52148,"n":"Filet de poulet Fleury Michon pommes de terre - 300g","p":3.21,"u":"10,70 €/KG","img":"https://fd13-photos.leclercdrive.fr/image.ashx?id=2656754&use=l&cat=p&typeid=i","cat":333665},{"id":52170,"n":"Amandes effilées Vahiné 125g","p":3.69,"u":"29,52 €/KG","img":"https://fd13-photos.leclercdrive.fr/image.ashx?id=2490575&use=l&cat=p&typeid=i","cat":284504},{"id":52171,"n":"Noix de coco Vahiné  Râpée - 115g","p":1.76,"u":"15,30 €/KG","img":"https://fd13-photos.leclercdrive.fr/image.ashx?id=2559811&use=l&cat=p&typeid=i","cat":284504},{"id":52172,"n":"Noisettes en poudre Vahiné 100g","p":2.97,"u":"29,70 €/KG","img":"https://fd13-photos.leclercdrive.fr/image.ashx?id=2559823&use=l&cat=p&typeid=i","cat":284504},{"id":52174,"n":"Raisins blond Vahiné  125g","p":1.62,"u":"12,96 €/KG","img":"https://fd13-photos.leclercdrive.fr/image.ashx?id=2606253&use=l&cat=p&typeid=i","cat":284357},{"id":52175,"n":"Raisins secs Vahiné  125g","p":1.52,"u":"12,16 €/KG","img":"https://fd13-photos.leclercdrive.fr/image.ashx?id=2559820&use=l&cat=p&typeid=i","cat":284357},{"id":52176,"n":"Cerneaux de noix Vahiné 50g","p":1.43,"u":"28,60 €/KG","img":"https://fd13-photos.leclercdrive.fr/image.ashx?id=2606247&use=l&cat=p&typeid=i","cat":284504},{"id":52177,"n":"Pignons de pin Vahiné 50g","p":3.94,"u":"78,80 €/KG","img":"https://fd13-photos.leclercdrive.fr/image.ashx?id=2559799&use=l&cat=p&typeid=i","cat":284357},{"id":52246,"n":"Spray retouche L'Oréal Paris Magic Retouch Noir","p":8.99,"u":"119,87 €/L","img":"https://fd13-photos.leclercdrive.fr/image.ashx?id=2586420&use=l&cat=p&typeid=i","cat":288899},{"id":52249,"n":"Spray retouche L'Oréal Paris Magic Retouch Blond foncé","p":8.87,"u":"118,27 €/L","img":"https://fd13-photos.leclercdrive.fr/image.ashx?id=2586429&use=l&cat=p&typeid=i","cat":288899},{"id":52250,"n":"Spray Coloration L'Oréal Paris Magic Retouch Châtain","p":8.99,"u":"119,87 €/L","img":"https://fd13-photos.leclercdrive.fr/image.ashx?id=2586426&use=l&cat=p&typeid=i","cat":288899},{"id":52251,"n":"Spray retouche L'Oréal Paris Magic Retouch Châtain Foncé","p":8.32,"u":"110,93 €/L","img":"https://fd13-photos.leclercdrive.fr/image.ashx?id=2586423&use=l&cat=p&typeid=i","cat":288899},{"id":52286,"n":"Pilon de poulet blanc  Volaille Française - 1kg","p":5.74,"u":"5,74 €/KG","img":"https://fd13-photos.leclercdrive.fr/image.ashx?id=2551144&use=l&cat=p&typeid=i","cat":284336},{"id":52287,"n":"Haut de cuisse de poulet blanc Volaille Française - 1kg","p":3.87,"u":"3,87 €/KG","img":"https://fd13-photos.leclercdrive.fr/image.ashx?id=2551138&use=l&cat=p&typeid=i","cat":284336},{"id":52335,"n":"Sauce tomate cuisinée Panzani Tube légumes - 180g","p":0.99,"u":"5,50 €/KG","img":"https://fd13-photos.leclercdrive.fr/image.ashx?id=2984751&use=l&cat=p&typeid=i","cat":288384},{"id":52367,"n":"Whisky Ballantine's Finest Blended Scotch 40% vol - 1,5L","p":32.16,"u":"21,44 €/L","img":"https://fd13-photos.leclercdrive.fr/image.ashx?id=3000833&use=l&cat=p&typeid=i","cat":284547},{"id":52384,"n":"Règle Double décimètre Esquisse 20 cm x1","p":0.5,"img":"https://fd13-photos.leclercdrive.fr/image.ashx?id=2943247&use=l&cat=p&typeid=i","cat":334133},{"id":52388,"n":"Crème anti-âge So Bio Etic Plaisir d'argan bio - 50ml","p":7.94,"u":"158,80 €/L","img":"https://fd13-photos.leclercdrive.fr/image.ashx?id=2988587&use=l&cat=p&typeid=i","cat":325345},{"id":52389,"n":"Gelée nuit anti âge So Bio Etic Argan bio - 40ml","p":8.99,"u":"224,75 €/L","img":"https://fd13-photos.leclercdrive.fr/image.ashx?id=2494734&use=l&cat=p&typeid=i","cat":325345},{"id":52391,"n":"Lotion micellaire So Bio Etic Tonifiante bio - 500ml","p":5.04,"u":"10,08 €/L","img":"https://fd13-photos.leclercdrive.fr/image.ashx?id=2909065&use=l&cat=p&typeid=i","cat":284603},{"id":52392,"n":"Contour yeux lèvres So Bio Etic Anti-âge Argan bio - 15ml","p":8.4,"u":"560,00 €/L","img":"https://fd13-photos.leclercdrive.fr/image.ashx?id=2494740&use=l&cat=p&typeid=i","cat":325345},{"id":52430,"n":"Brosse à dent Aquafresh Flex souple x3","p":3.99,"img":"https://fd13-photos.leclercdrive.fr/image.ashx?id=2303852&use=l&cat=p&typeid=i","cat":284614},{"id":52539,"n":"Pur jus de citron Jardin Bio Bio - 50cl","p":2.82,"u":"5,64 €/L","img":"https://fd13-photos.leclercdrive.fr/image.ashx?id=3014524&use=l&cat=p&typeid=i","cat":288383},{"id":52540,"n":"Pur jus de citron Jardin Bio Bio - 25cl","p":1.85,"u":"7,40 €/L","img":"https://fd13-photos.leclercdrive.fr/image.ashx?id=2673745&use=l&cat=p&typeid=i","cat":288383},{"id":52582,"n":"Sauce Bolognaise Panzani - 210G","p":1.37,"u":"6,52 €/KG","img":"https://fd13-photos.leclercdrive.fr/image.ashx?id=2977927&use=l&cat=p&typeid=i","cat":287599},{"id":52625,"n":"Sauce Pommes de Terre Bénédicta - 255g","p":1.53,"u":"5,88 €/KG","img":"https://fd13-photos.leclercdrive.fr/image.ashx?id=2689925&use=l&cat=p&typeid=i","cat":318430},{"id":52631,"n":"Sauce Béarnaise Bénédicta - 260g","p":1.38,"u":"5,31 €/KG","img":"https://fd13-photos.leclercdrive.fr/image.ashx?id=2689931&use=l&cat=p&typeid=i","cat":318430},{"id":52673,"n":"Fromage Burger cheddar/emmental Président - 12 tranches - 200g","p":1.55,"u":"7,75 €/KG","img":"https://fd13-photos.leclercdrive.fr/image.ashx?id=2445024&use=l&cat=p&typeid=i","cat":314028},{"id":52684,"n":"Cheddar fromage râpé  Les Croisés - 200g","p":2.39,"u":"11,95 €/KG","img":"https://fd13-photos.leclercdrive.fr/image.ashx?id=2044381&use=l&cat=p&typeid=i","cat":314035},{"id":52699,"n":"Comté Entremont Râpé - 2x70g","p":2.52,"u":"18,00 €/KG","img":"https://fd13-photos.leclercdrive.fr/image.ashx?id=2983162&use=l&cat=p&typeid=i","cat":314035},{"id":52705,"n":"Bonbon Fili-tubs fraise Lutti  - 200g","p":1.83,"u":"9,15 €/KG","img":"https://fd13-photos.leclercdrive.fr/image.ashx?id=1750952&use=l&cat=p&typeid=i","cat":304250},{"id":52720,"n":"Essuie-tout blanc Mimosa Super absorbant - x3 compacts","p":3.99,"u":"1,33 €/P","img":"https://fd13-photos.leclercdrive.fr/image.ashx?id=2727401&use=l&cat=p&typeid=i","cat":284635},{"id":52757,"n":"Biscuits sablés Granola Chocolat au lait - 2x200g","p":2.73,"u":"6,83 €/KG","img":"https://fd13-photos.leclercdrive.fr/image.ashx?id=2347275&use=l&cat=p&typeid=i","cat":284488},{"id":52788,"n":"Velouté Pursoup' Liebig Légumes facon pôelée - 2x1L","p":5.56,"u":"2,78 €/L","img":"https://fd13-photos.leclercdrive.fr/image.ashx?id=2385428&use=l&cat=p&typeid=i","cat":284462},{"id":52790,"n":"Fromage mi-chèvre Soignon 180g","p":2.12,"u":"11,78 €/KG","img":"https://fd13-photos.leclercdrive.fr/image.ashx?id=2734357&use=l&cat=p&typeid=i","cat":314031},{"id":52797,"n":"AOP Parmigiano Reggiano Tradizioni d'Italia - 60g","p":1.9,"u":"31,67 €/KG","img":"https://fd13-photos.leclercdrive.fr/image.ashx?id=2904028&use=l&cat=p&typeid=i","cat":314035},{"id":52804,"n":"Fromage à Raclette RichesMonts  Classique 18 Tranches - 420g","p":5.23,"u":"12,45 €/KG","img":"https://fd13-photos.leclercdrive.fr/image.ashx?id=2953489&use=l&cat=p&typeid=i","cat":314037},{"id":52806,"n":"Fromage à Tartiner St Môret  Nature Léger - 300g","p":3.64,"u":"12,13 €/KG","img":"https://fd13-photos.leclercdrive.fr/image.ashx?id=2914507&use=l&cat=p&typeid=i","cat":314029},{"id":52809,"n":"Fromage raclette Les Croisés 28%mg - 800g","p":7.39,"u":"9,24 €/KG","img":"https://fd13-photos.leclercdrive.fr/image.ashx?id=2793221&use=l&cat=p&typeid=i","cat":314037},{"id":52811,"n":"Fromage raclette fumée Les Croisés 26%mg - 250g","p":2.99,"u":"11,96 €/KG","img":"https://fd13-photos.leclercdrive.fr/image.ashx?id=2793236&use=l&cat=p&typeid=i","cat":314037},{"id":52812,"n":"Yaourt nature bifidus Activia 16x125g","p":4.77,"u":"2,39 €/KG","img":"https://fd13-photos.leclercdrive.fr/image.ashx?id=2831675&use=l&cat=p&typeid=i","cat":315000},{"id":52816,"n":"yaourt nature bifidus Activia 8x125g","p":2.88,"u":"2,88 €/KG","img":"https://fd13-photos.leclercdrive.fr/image.ashx?id=2741709&use=l&cat=p&typeid=i","cat":315000},{"id":52818,"n":"Fromage à tartiner Boursin Figue et 3 noix - 150g","p":2.2,"u":"14,67 €/KG","img":"https://fd13-photos.leclercdrive.fr/image.ashx?id=2962062&use=l&cat=p&typeid=i","cat":314029},{"id":52819,"n":"Fromage Gruyère râpé IGP NRT 150g","p":2.23,"u":"14,87 €/KG","img":"https://fd13-photos.leclercdrive.fr/image.ashx?id=2771085&use=l&cat=p&typeid=i","cat":314035},{"id":52951,"n":"Café dosettes Tassimo Thé vert menthe x16","p":4.85,"u":"121,25 €/KG","img":"https://fd13-photos.leclercdrive.fr/image.ashx?id=2100368&use=l&cat=p&typeid=i","cat":293233},{"id":52958,"n":"Café dosettes Tassimo L'Or Espresso Classique x16","p":4.75,"u":"45,67 €/KG","img":"https://fd13-photos.leclercdrive.fr/image.ashx?id=2507335&use=l&cat=p&typeid=i","cat":293240},{"id":52962,"n":"Biscuits fourrés Prince Chocolat - 300g","p":1.35,"u":"4,50 €/KG","img":"https://fd13-photos.leclercdrive.fr/image.ashx?id=3014638&use=l&cat=p&typeid=i","cat":284488},{"id":52964,"n":"Essuie-tout blanc Mimosa Super absorbant - x4 compacts","p":4.95,"u":"1,24 €/P","img":"https://fd13-photos.leclercdrive.fr/image.ashx?id=2727398&use=l&cat=p&typeid=i","cat":284635},{"id":52979,"n":"Truite fumée de Bretagne NRT x4 - 120g","p":5.39,"u":"44,92 €/KG","img":"https://fd13-photos.leclercdrive.fr/image.ashx?id=2663851&use=l&cat=p&typeid=i","cat":285188},{"id":53003,"n":"Vin d'Espagne rouge Merlot Adrien Champaud - BIB 5L","p":9.99,"u":"2,00 €/L","img":"https://fd13-photos.leclercdrive.fr/image.ashx?id=2960496&use=l&cat=p&typeid=i","cat":289560},{"id":53064,"n":"Eponges grattantes Mamison  Vaisselle délicate - x2","p":1.26,"u":"0,63 €/P","img":"https://fd13-photos.leclercdrive.fr/image.ashx?id=2202440&use=l&cat=p&typeid=i","cat":284667},{"id":53065,"n":"Eponges grattantes Mamison  Récurage difficile - x2","p":1.27,"u":"0,64 €/P","img":"https://fd13-photos.leclercdrive.fr/image.ashx?id=2207733&use=l&cat=p&typeid=i","cat":284667},{"id":53067,"n":"Recharge désodorisant Bien Air  Floral - 15ml","p":1.55,"u":"103,33 €/L","img":"https://fd13-photos.leclercdrive.fr/image.ashx?id=2467655&use=l&cat=p&typeid=i","cat":311629},{"id":53086,"n":"Gel Douche Men Expert Total clean - 2x300ml","p":6.59,"u":"10,98 €/L","img":"https://fd13-photos.leclercdrive.fr/image.ashx?id=2817356&use=l&cat=p&typeid=i","cat":284619},{"id":53135,"n":"Crozets de Savoie NRT Nature - 400g","p":2.35,"u":"5,88 €/KG","img":"https://fd13-photos.leclercdrive.fr/image.ashx?id=2856226&use=l&cat=p&typeid=i","cat":284427},{"id":53147,"n":"Pur jus de pomme Tropicana Pomme Douce pink - 1L","p":1.84,"u":"1,84 €/L","img":"https://fd13-photos.leclercdrive.fr/image.ashx?id=2605662&use=l&cat=p&typeid=i","cat":284522},{"id":53162,"n":"Roucoulons Fromagerie Milleret Offre Plaisir - 220g","p":2.72,"u":"12,36 €/KG","img":"https://fd13-photos.leclercdrive.fr/image.ashx?id=1884397&use=l&cat=p&typeid=i","cat":329558},{"id":53165,"n":"Lomo Saint Azay 100g","p":2.69,"u":"26,90 €/KG","img":"https://fd13-photos.leclercdrive.fr/image.ashx?id=2453192&use=l&cat=p&typeid=i","cat":316007},{"id":53167,"n":"Gaufres liégoise P'tit Déli Nappée chocolat - x7 - 402g","p":2.61,"u":"6,49 €/KG","img":"https://fd13-photos.leclercdrive.fr/image.ashx?id=1077913&use=l&cat=p&typeid=i","cat":294777},{"id":53168,"n":"Snacks chats Tous mes amis Hygiène dentaire mini - 40g","p":0.99,"u":"24,75 €/KG","img":"https://fd13-photos.leclercdrive.fr/image.ashx?id=1946868&use=l&cat=p&typeid=i","cat":285285},{"id":53170,"n":"Dés fromage de Brebis Herbes de Provence Les Croisés - 300g","p":2.83,"u":"9,43 €/KG","img":"https://fd13-photos.leclercdrive.fr/image.ashx?id=2900531&use=l&cat=p&typeid=i","cat":314027},{"id":53174,"n":"Chocolat noir Equador Caramel salé - 100g","p":1.39,"u":"13,90 €/KG","img":"https://fd13-photos.leclercdrive.fr/image.ashx?id=2553339&use=l&cat=p&typeid=i","cat":284956},{"id":53180,"n":"Panés au cabillaud Cap Océan 200g","p":3.6,"u":"18,00 €/KG","img":"https://fd13-photos.leclercdrive.fr/image.ashx?id=2543189&use=l&cat=p&typeid=i","cat":284344},{"id":53183,"n":"Tartinable Saumon Cap Océan Fromage ail fines herbes - 140g","p":1.88,"u":"13,43 €/KG","img":"https://fd13-photos.leclercdrive.fr/image.ashx?id=2406028&use=l&cat=p&typeid=i","cat":285191},{"id":53412,"n":"Activateur biologique Eparcyl  Fosse septique - 864g x24","p":6.32,"u":"7,31 €/KG","img":"https://fd13-photos.leclercdrive.fr/image.ashx?id=2890085&use=l&cat=p&typeid=i","cat":284908},{"id":53432,"n":"Cidre normand Les Goelleries Doux, 2% - 2x75cl","p":3.7,"u":"2,47 €/L","img":"https://fd13-photos.leclercdrive.fr/image.ashx?id=2856540&use=l&cat=p&typeid=i","cat":334880},{"id":53465,"n":"Biscuit petit beurre P'tit Déli Chocolat lait 48% - 125g","p":1.49,"u":"11,92 €/KG","img":"https://fd13-photos.leclercdrive.fr/image.ashx?id=2846520&use=l&cat=p&typeid=i","cat":284488},{"id":53479,"n":"AOP Côtes du Rhône rouge Vieille Vignes - 75cl","p":3.69,"u":"4,92 €/L","img":"https://fd13-photos.leclercdrive.fr/image.ashx?id=2967576&use=l&cat=p&typeid=i","cat":289556},{"id":53508,"n":"Fine chapelure de pain Tipiak 275g","p":0.64,"u":"2,33 €/KG","img":"https://fd13-photos.leclercdrive.fr/image.ashx?id=2594124&use=l&cat=p&typeid=i","cat":288382},{"id":53600,"n":"Recharge spray Bien Air Automatique japon - 250ml","p":2.39,"u":"9,56 €/L","img":"https://fd13-photos.leclercdrive.fr/image.ashx?id=2974963&use=l&cat=p&typeid=i","cat":311629},{"id":53601,"n":"Recharge spray Bien Air Vanille ambré automatique 250ml","p":2.39,"u":"9,56 €/L","img":"https://fd13-photos.leclercdrive.fr/image.ashx?id=2991136&use=l&cat=p&typeid=i","cat":311629},{"id":53606,"n":"Salade Mexicaine Côté Snack Au thon - 250g","p":1.9,"u":"7,60 €/KG","img":"https://fd13-photos.leclercdrive.fr/image.ashx?id=2884255&use=l&cat=p&typeid=i","cat":284437},{"id":53607,"n":"Salade Piémontaise Côté Snack Thon - 250g","p":1.9,"u":"7,60 €/KG","img":"https://fd13-photos.leclercdrive.fr/image.ashx?id=2868319&use=l&cat=p&typeid=i","cat":284437},{"id":53651,"n":"Paupiettes de porc Ferial x3 - 390g","p":5.09,"u":"13,05 €/KG","img":"https://fd13-photos.leclercdrive.fr/image.ashx?id=2852294&use=l&cat=p&typeid=i","cat":284331},{"id":53669,"n":"Assortiment Justin Bridou  4 charcuteries - 260g","p":5.54,"u":"21,31 €/KG","img":"https://fd13-photos.leclercdrive.fr/image.ashx?id=2770783&use=l&cat=p&typeid=i","cat":316007},{"id":53776,"n":"Brioche tressée Pasquier Nature - 630g","p":2.76,"u":"4,38 €/KG","img":"https://fd13-photos.leclercdrive.fr/image.ashx?id=2850946&use=l&cat=p&typeid=i","cat":284478},{"id":53783,"n":"Lait de coco Suzi Wan 200ml","p":1.26,"u":"6,30 €/L","img":"https://fd13-photos.leclercdrive.fr/image.ashx?id=3002177&use=l&cat=p&typeid=i","cat":288992},{"id":53899,"n":"Eau minérale gazeuse Perrier  Naturelle - 6x1L","p":3.88,"u":"0,65 €/L","img":"https://fd13-photos.leclercdrive.fr/image.ashx?id=2454463&use=l&cat=p&typeid=i","cat":284536},{"id":53902,"n":"Eau minérale gazeuse Perrier  Fines bulles - 6x1L","p":3.65,"u":"0,61 €/L","img":"https://fd13-photos.leclercdrive.fr/image.ashx?id=2830924&use=l&cat=p&typeid=i","cat":284536},{"id":53944,"n":"Fromage à tartiner Boursin Ail et fines herbes - 250g","p":3.38,"u":"13,52 €/KG","img":"https://fd13-photos.leclercdrive.fr/image.ashx?id=2999853&use=l&cat=p&typeid=i","cat":314029},{"id":53946,"n":"Fromage à tartiner Boursin Echalote et ciboulette - 150g","p":2.2,"u":"14,67 €/KG","img":"https://fd13-photos.leclercdrive.fr/image.ashx?id=2962059&use=l&cat=p&typeid=i","cat":314029},{"id":54052,"n":"Herbe dépurative Ptit Ami 190g","p":1.98,"u":"10,42 €/KG","img":"https://fd13-photos.leclercdrive.fr/image.ashx?id=1009867&use=l&cat=p&typeid=i","cat":285286},{"id":54112,"n":"Absolut Vodka 40%vol - 1L","p":25.5,"u":"25,50 €/L","img":"https://fd13-photos.leclercdrive.fr/image.ashx?id=2550261&use=l&cat=p&typeid=i","cat":284550},{"id":54131,"n":"Rasoirs jetables Bic Flex3 Comfort - x8","p":6.71,"u":"0,84 €/P","img":"https://fd13-photos.leclercdrive.fr/image.ashx?id=2273071&use=l&cat=p&typeid=i","cat":284616},{"id":54174,"n":"Pâte a pizza Sans Gluten Chaque Jour Sans Gluten - 260g","p":2.99,"u":"11,50 €/KG","img":"https://fd13-photos.leclercdrive.fr/image.ashx?id=2925982&use=l&cat=p&typeid=i","cat":333681},{"id":54175,"n":"Pâte brisée sans gluten Chaque Jour Sans Gluten - 230g","p":1.99,"u":"8,65 €/KG","img":"https://fd13-photos.leclercdrive.fr/image.ashx?id=3002809&use=l&cat=p&typeid=i","cat":333681},{"id":54176,"n":"Pâte feuilletée sans gluten Chaque Jour Sans Gluten - 280g","p":1.99,"u":"7,11 €/KG","img":"https://fd13-photos.leclercdrive.fr/image.ashx?id=3002806&use=l&cat=p&typeid=i","cat":333681},{"id":54184,"n":"Pétillant AOC Jaillance Clairette Bio, 7%vol - 75cl","p":6.89,"u":"9,19 €/L","img":"https://fd13-photos.leclercdrive.fr/image.ashx?id=2867455&use=l&cat=p&typeid=i","cat":284544},{"id":54244,"n":"Liqueur de menthe Get 31 Edition Limitée 24° - 70cl","p":13.89,"u":"19,84 €/L","img":"https://fd13-photos.leclercdrive.fr/image.ashx?id=2989051&use=l&cat=p&typeid=i","cat":286032},{"id":54297,"n":"Désodorisant Bien Air Mèches actives, lavande - 375ml","p":1.65,"u":"4,40 €/L","img":"https://fd13-photos.leclercdrive.fr/image.ashx?id=2934721&use=l&cat=p&typeid=i","cat":311628},{"id":54298,"n":"Désodorisant Bien Air Mèche active muguet - 375ml","p":1.65,"u":"4,40 €/L","img":"https://fd13-photos.leclercdrive.fr/image.ashx?id=2777803&use=l&cat=p&typeid=i","cat":311628},{"id":54299,"n":"Désodorisant Bien Air Mèche active Fruit rouge 375ml","p":1.65,"u":"4,40 €/L","img":"https://fd13-photos.leclercdrive.fr/image.ashx?id=2777806&use=l&cat=p&typeid=i","cat":311628},{"id":54300,"n":"Désodorisant Bien Air Mèche active agrume 375ml","p":1.65,"u":"4,40 €/L","img":"https://fd13-photos.leclercdrive.fr/image.ashx?id=2777809&use=l&cat=p&typeid=i","cat":311628},{"id":54311,"n":"Bière blonde Bio Jade 4.5%vol - 6x25cl","p":5.16,"u":"3,44 €/L","img":"https://fd13-photos.leclercdrive.fr/image.ashx?id=2511282&use=l&cat=p&typeid=i","cat":334873},{"id":54312,"n":"Bière Sans gluten Jade Bio - 4.5%vol - 6x25cl","p":5.34,"u":"3,56 €/L","img":"https://fd13-photos.leclercdrive.fr/image.ashx?id=2672161&use=l&cat=p&typeid=i","cat":334873},{"id":54316,"n":"AOC Coteaux du Layon vin blanc Les Caractères - 75cl","p":6.99,"u":"9,32 €/L","img":"https://fd13-photos.leclercdrive.fr/image.ashx?id=2898762&use=l&cat=p&typeid=i","cat":289557},{"id":54344,"n":"Tablette chocolat Côte d'Or Chocolat lait/Amandes - 180g","p":4.05,"u":"22,50 €/KG","img":"https://fd13-photos.leclercdrive.fr/image.ashx?id=3009143&use=l&cat=p&typeid=i","cat":284497},{"id":54345,"n":"Soda Pepsi Cola Regular 4x1.5L","p":4.66,"u":"0,78 €/L","img":"https://fd13-photos.leclercdrive.fr/image.ashx?id=2896321&use=l&cat=p&typeid=i","cat":284530},{"id":54346,"n":"Barre Chocolatée KINDER Country  Céréales chocolat x10 - 235g","p":3.63,"u":"15,45 €/KG","img":"https://fd13-photos.leclercdrive.fr/image.ashx?id=2231942&use=l&cat=p&typeid=i","cat":284498},{"id":54351,"n":"Crème dessert Délisse Chocolat noisette - 4x125g","p":1.05,"u":"2,10 €/KG","img":"https://fd13-photos.leclercdrive.fr/image.ashx?id=2760810&use=l&cat=p&typeid=i","cat":285041},{"id":54354,"n":"Crevettes décortiquées ASC Delpierre - 180g","p":6.98,"u":"38,78 €/KG","img":"https://fd13-photos.leclercdrive.fr/image.ashx?id=2867999&use=l&cat=p&typeid=i","cat":284343},{"id":54385,"n":"Coupelles Ananas DDV Sirop léger - 4x70g","p":2.79,"u":"9,96 €/KG","img":"https://fd13-photos.leclercdrive.fr/image.ashx?id=2100793&use=l&cat=p&typeid=i","cat":284507},{"id":54386,"n":"Gâteau multicouche P'tit Déli Genoise fourré chocolat - 175g","p":1.27,"u":"7,26 €/KG","img":"https://fd13-photos.leclercdrive.fr/image.ashx?id=1756935&use=l&cat=p&typeid=i","cat":284495},{"id":54393,"n":"Spécialité de saucisse St Azay Sèche - 200g","p":3.05,"u":"15,25 €/KG","img":"https://fd13-photos.leclercdrive.fr/image.ashx?id=2982622&use=l&cat=p&typeid=i","cat":316006},{"id":54396,"n":"Salade Catalane Côté Snack Thon à la catalane - 250g","p":2.17,"u":"8,68 €/KG","img":"https://fd13-photos.leclercdrive.fr/image.ashx?id=2910589&use=l&cat=p&typeid=i","cat":284437},{"id":54404,"n":"Sauce Tomacouli Panzani - 3X200G","p":1.62,"u":"2,70 €/KG","img":"https://fd13-photos.leclercdrive.fr/image.ashx?id=2744623&use=l&cat=p&typeid=i","cat":288384},{"id":54405,"n":"Sauce Tomacouli Panzani - 700G","p":1.59,"u":"2,27 €/KG","img":"https://fd13-photos.leclercdrive.fr/image.ashx?id=2744632&use=l&cat=p&typeid=i","cat":288384},{"id":54415,"n":"Bâtonnet à mâcher Dentalife  Petit chien - x21 - 345g","p":3.93,"u":"11,39 €/KG","img":"https://fd13-photos.leclercdrive.fr/image.ashx?id=2897339&use=l&cat=p&typeid=i","cat":294527},{"id":54416,"n":"Bâtonnet à macher Dentalife Chien moyen - 345g","p":3.87,"u":"11,22 €/KG","img":"https://fd13-photos.leclercdrive.fr/image.ashx?id=2896426&use=l&cat=p&typeid=i","cat":294527},{"id":54417,"n":"Barre chocolat lait P'tit Déli x5 - 130g","p":1.5,"u":"11,54 €/KG","img":"https://fd13-photos.leclercdrive.fr/image.ashx?id=2568936&use=l&cat=p&typeid=i","cat":284488},{"id":54418,"n":"Bâtonnet à mâche Dentalife Grand chien x12 - 426g","p":3.79,"u":"8,90 €/KG","img":"https://fd13-photos.leclercdrive.fr/image.ashx?id=2897342&use=l&cat=p&typeid=i","cat":294527},{"id":54420,"n":"Gel à raser Carré Homme Pour barbe difficile - 200ml","p":1.89,"u":"9,45 €/L","img":"https://fd13-photos.leclercdrive.fr/image.ashx?id=2704723&use=l&cat=p&typeid=i","cat":284617},{"id":54425,"n":"Batônnets Surimi Pêche Océan MSC - x48 - 800g","p":4.34,"u":"5,43 €/KG","img":"https://fd13-photos.leclercdrive.fr/image.ashx?id=2953245&use=l&cat=p&typeid=i","cat":285189},{"id":54430,"n":"Salade Italienne Côté Snack Au thon - 250g","p":2.18,"u":"8,72 €/KG","img":"https://fd13-photos.leclercdrive.fr/image.ashx?id=2927910&use=l&cat=p&typeid=i","cat":284437},{"id":54471,"n":"Madeleines longues Le Ster Marbrées choco - 250g","p":1.63,"u":"6,52 €/KG","img":"https://fd13-photos.leclercdrive.fr/image.ashx?id=2962548&use=l&cat=p&typeid=i","cat":284492},{"id":54473,"n":"Madeleines longues Le Ster Nature  - 250g","p":1.57,"u":"6,28 €/KG","img":"https://fd13-photos.leclercdrive.fr/image.ashx?id=2962545&use=l&cat=p&typeid=i","cat":284492},{"id":54482,"n":"Gâteaux Mini roulés Lulu LU Fraise - 150g","p":1.87,"u":"12,47 €/KG","img":"https://fd13-photos.leclercdrive.fr/image.ashx?id=2182876&use=l&cat=p&typeid=i","cat":284495},{"id":54494,"n":"Biscuits Petit Ecolier LU Chocolat au lait - 2x150g","p":3.32,"u":"11,07 €/KG","img":"https://fd13-photos.leclercdrive.fr/image.ashx?id=3009122&use=l&cat=p&typeid=i","cat":284488},{"id":54495,"n":"Biscuits fourrés Prince Chocolat - 250g","p":1.7,"u":"6,80 €/KG","img":"https://fd13-photos.leclercdrive.fr/image.ashx?id=2306726&use=l&cat=p&typeid=i","cat":284488},{"id":54496,"n":"Gâteaux fourrés Milka Chocolat - 175g","p":1.7,"u":"9,71 €/KG","img":"https://fd13-photos.leclercdrive.fr/image.ashx?id=3005338&use=l&cat=p&typeid=i","cat":284495},{"id":54512,"n":"Galettes épinards fromage Végé - 2x100g","p":1.99,"u":"9,95 €/KG","img":"https://fd13-photos.leclercdrive.fr/image.ashx?id=2865260&use=l&cat=p&typeid=i","cat":316036},{"id":54513,"n":"Falafels Végé - 200g","p":1.99,"u":"9,95 €/KG","img":"https://fd13-photos.leclercdrive.fr/image.ashx?id=2865266&use=l&cat=p&typeid=i","cat":316036},{"id":54520,"n":"Pâte a pizza Tablier Blanc Rectangle - 385g","p":1.3,"u":"3,38 €/KG","img":"https://fd13-photos.leclercdrive.fr/image.ashx?id=2635925&use=l&cat=p&typeid=i","cat":333681},{"id":54522,"n":"Pâte feuilletée Tablier Blanc A dérouler - x2 - 460g","p":1.48,"u":"3,22 €/KG","img":"https://fd13-photos.leclercdrive.fr/image.ashx?id=2635928&use=l&cat=p&typeid=i","cat":333681},{"id":54523,"n":"Nuggets végétales Végé - 200g","p":1.52,"u":"7,60 €/KG","img":"https://fd13-photos.leclercdrive.fr/image.ashx?id=2865263&use=l&cat=p&typeid=i","cat":316036},{"id":54524,"n":"Galettes petits légumes Végé - 2x100g","p":1.99,"u":"9,95 €/KG","img":"https://fd13-photos.leclercdrive.fr/image.ashx?id=2865269&use=l&cat=p&typeid=i","cat":316036},{"id":54603,"n":"Compote Charles & Alice Panachés P.Mangues - 12x100g","p":3.98,"u":"3,32 €/KG","img":"https://fd13-photos.leclercdrive.fr/image.ashx?id=2790651&use=l&cat=p&typeid=i","cat":284416},{"id":54604,"n":"Compote Charles & Alice Panachés P.Myrtilles - 12x100g","p":4.39,"u":"3,66 €/KG","img":"https://fd13-photos.leclercdrive.fr/image.ashx?id=2790654&use=l&cat=p&typeid=i","cat":284416},{"id":54612,"n":"Corn Flakes bio Bio Village Nature - 375g","p":2.4,"u":"6,40 €/KG","img":"https://fd13-photos.leclercdrive.fr/image.ashx?id=2835226&use=l&cat=p&typeid=i","cat":309513},{"id":54853,"n":"Mini choux Tokapi  Saumon/aneth - 60g","p":0.92,"u":"15,33 €/KG","img":"https://fd13-photos.leclercdrive.fr/image.ashx?id=2063338&use=l&cat=p&typeid=i","cat":297000},{"id":54857,"n":"Polenta Turini  500g","p":1.19,"u":"2,38 €/KG","img":"https://fd13-photos.leclercdrive.fr/image.ashx?id=2682792&use=l&cat=p&typeid=i","cat":284431},{"id":54860,"n":"Mix apéritif Bio Village  Bio -  120g","p":2.74,"u":"22,83 €/KG","img":"https://fd13-photos.leclercdrive.fr/image.ashx?id=1944243&use=l&cat=p&typeid=i","cat":284448},{"id":54865,"n":"Tablette chocolat Villars Chocolat au Lait Suisse - 100g","p":2.41,"u":"24,10 €/KG","img":"https://fd13-photos.leclercdrive.fr/image.ashx?id=2464276&use=l&cat=p&typeid=i","cat":284497},{"id":54926,"n":"Mousse liégeoise Viennois  Café - 4x90g","p":1.81,"u":"5,03 €/KG","img":"https://fd13-photos.leclercdrive.fr/image.ashx?id=2729788&use=l&cat=p&typeid=i","cat":284417},{"id":54944,"n":"Cône Nestlé Extrême  Café intense - 6x71g","p":4.3,"u":"10,09 €/KG","img":"https://fd13-photos.leclercdrive.fr/image.ashx?id=3000435&use=l&cat=p&typeid=i","cat":284264},{"id":54956,"n":"Macarons Autour Du Dessert Assortiment - x12","p":4.82,"img":"https://fd13-photos.leclercdrive.fr/image.ashx?id=2987485&use=l&cat=p&typeid=i","cat":284267},{"id":54957,"n":"Cône Extrême Nestle Vanille Fraise - 6x71g","p":3.5,"u":"8,22 €/KG","img":"https://fd13-photos.leclercdrive.fr/image.ashx?id=2353113&use=l&cat=p&typeid=i","cat":284264},{"id":54958,"n":"Cône Extrême Nestle Menthe chocolat - 6x71g","p":3.58,"u":"8,40 €/KG","img":"https://fd13-photos.leclercdrive.fr/image.ashx?id=2737048&use=l&cat=p&typeid=i","cat":284264},{"id":54959,"n":"Cône Extrême Intense Nestle Pistache Chocolat - 6x71g","p":4.3,"u":"10,09 €/KG","img":"https://fd13-photos.leclercdrive.fr/image.ashx?id=2353116&use=l&cat=p&typeid=i","cat":284264},{"id":55033,"n":"Fromage à Tartiner Tartare Ail et Fines Herbes 16P - 250g","p":3.55,"u":"14,20 €/KG","img":"https://fd13-photos.leclercdrive.fr/image.ashx?id=2732887&use=l&cat=p&typeid=i","cat":314029},{"id":55065,"n":"AOP Champagne Tsarine Brut Cuvée Premium - 75cl","p":24.46,"u":"32,61 €/L","img":"https://fd13-photos.leclercdrive.fr/image.ashx?id=2757749&use=l&cat=p&typeid=i","cat":284542},{"id":55069,"n":"Bière La Rousse aux 3 malts 6.5%vol - 75cl","p":4.59,"u":"6,12 €/L","img":"https://fd13-photos.leclercdrive.fr/image.ashx?id=2432964&use=l&cat=p&typeid=i","cat":334872},{"id":55073,"n":"Bière La Blanche légère 4.7%vol - 75cl","p":4.56,"u":"6,08 €/L","img":"https://fd13-photos.leclercdrive.fr/image.ashx?id=2432961&use=l&cat=p&typeid=i","cat":334872},{"id":55085,"n":"Fine chapelure de pain Tipiak  500g","p":1.87,"u":"3,74 €/KG","img":"https://fd13-photos.leclercdrive.fr/image.ashx?id=2648277&use=l&cat=p&typeid=i","cat":288382},{"id":55090,"n":"AOP Bordeaux rouge Mouton Cadet - 75cl","p":6.95,"u":"9,27 €/L","img":"https://fd13-photos.leclercdrive.fr/image.ashx?id=2959940&use=l&cat=p&typeid=i","cat":289556},{"id":55102,"n":"Dentifrice expert Bionaïa Menthe Bio - 75ml","p":1.79,"u":"23,87 €/L","img":"https://fd13-photos.leclercdrive.fr/image.ashx?id=2529540&use=l&cat=p&typeid=i","cat":284612},{"id":55109,"n":"Recharge brosse à dents Dentamyl Sensitive x2","p":6.99,"u":"3,50 €/P","img":"https://fd13-photos.leclercdrive.fr/image.ashx?id=2790991&use=l&cat=p&typeid=i","cat":297133},{"id":55145,"n":"Allumettes Fleury Michon Jambon cuit - 2x75g","p":1.22,"u":"8,13 €/KG","img":"https://fd13-photos.leclercdrive.fr/image.ashx?id=2651047&use=l&cat=p&typeid=i","cat":316011},{"id":55160,"n":"Brioche tréssée Pasquier Tranchée Pépite chocolat - 500g","p":2.81,"u":"5,62 €/KG","img":"https://fd13-photos.leclercdrive.fr/image.ashx?id=2971969&use=l&cat=p&typeid=i","cat":284478},{"id":55206,"n":"Plat bébé Blédina 12 mois Pâtes tomate jambon - 2x200g","p":2.33,"u":"5,83 €/KG","img":"https://fd13-photos.leclercdrive.fr/image.ashx?id=2975071&use=l&cat=p&typeid=i","cat":312237},{"id":55262,"n":"Pâté Campagne Supérieur L'Atelier Charcuterie - 170g","p":2.08,"u":"12,24 €/KG","img":"https://fd13-photos.leclercdrive.fr/image.ashx?id=2905862&use=l&cat=p&typeid=i","cat":316008},{"id":55275,"n":"Bougie Bien Air Soirée d'hiver 30heures - x1","p":2.34,"img":"https://fd13-photos.leclercdrive.fr/image.ashx?id=2399755&use=l&cat=p&typeid=i","cat":284666},{"id":55276,"n":"Brosse adhésive  Mamison Textile 36 feuilles","p":2.29,"img":"https://fd13-photos.leclercdrive.fr/image.ashx?id=1063565&use=l&cat=p&typeid=i","cat":284669},{"id":55277,"n":"Corn flakes sans sucre ajouté  bio Terres et Céréales - 450g","p":3.52,"u":"7,82 €/KG","img":"https://fd13-photos.leclercdrive.fr/image.ashx?id=2471910&use=l&cat=p&typeid=i","cat":318653},{"id":55279,"n":"Café grains Bio Ethiquable  100% arabica Honduras - 1kg","p":17.54,"u":"17,54 €/KG","img":"https://fd13-photos.leclercdrive.fr/image.ashx?id=2876857&use=l&cat=p&typeid=i","cat":293237},{"id":55281,"n":"Bougies d'anniversaire Ardence Bleues - x24","p":0.95,"u":"0,04 €/P","img":"https://fd13-photos.leclercdrive.fr/image.ashx?id=2980480&use=l&cat=p&typeid=i","cat":335913},{"id":55283,"n":"Bougies d'anniversaire Ardence Blanches  - x24","p":0.95,"u":"0,04 €/P","img":"https://fd13-photos.leclercdrive.fr/image.ashx?id=2980486&use=l&cat=p&typeid=i","cat":335913},{"id":55284,"n":"Bougies d'anniversaire Ardence  x8 avec chiffres et support","p":1.5,"img":"https://fd13-photos.leclercdrive.fr/image.ashx?id=2980489&use=l&cat=p&typeid=i","cat":335913},{"id":55343,"n":"Biscuits à thé Delacre Tea Time Assortiment Boîte Métal - 1kg","p":12.38,"u":"12,38 €/KG","img":"https://fd13-photos.leclercdrive.fr/image.ashx?id=2867969&use=l&cat=p&typeid=i","cat":284490},{"id":55356,"n":"AOP Beaumes de Venise rouge 75cl","p":7.73,"u":"10,31 €/L","img":"https://fd13-photos.leclercdrive.fr/image.ashx?id=1758325&use=l&cat=p&typeid=i","cat":289556},{"id":55381,"n":"Cacahuètes Tokapi  Grillées à sec - 120g","p":0.47,"u":"3,92 €/KG","img":"https://fd13-photos.leclercdrive.fr/image.ashx?id=2799778&use=l&cat=p&typeid=i","cat":284448},{"id":55415,"n":"Bougie Bien Air Anti-tabac 30h - x1","p":1.83,"img":"https://fd13-photos.leclercdrive.fr/image.ashx?id=2999613&use=l&cat=p&typeid=i","cat":284666},{"id":55429,"n":"Crème Chantilly UHT Président Aérosol sucré aromatisé - 250g","p":3.04,"u":"12,16 €/KG","img":"https://fd13-photos.leclercdrive.fr/image.ashx?id=2860169&use=l&cat=p&typeid=i","cat":284382},{"id":55435,"n":"Sardines à l'huile d'olive  Connétable - 3x55g","p":3.45,"u":"20,91 €/KG","img":"https://fd13-photos.leclercdrive.fr/image.ashx?id=2139052&use=l&cat=p&typeid=i","cat":305146},{"id":55439,"n":"Salade Niçoise Côté Snack Au thon - 250g","p":1.8,"u":"7,20 €/KG","img":"https://fd13-photos.leclercdrive.fr/image.ashx?id=2868316&use=l&cat=p&typeid=i","cat":284437},{"id":55442,"n":"Salade Parisienne Côté Snack Au thon - 250g","p":2.49,"u":"9,96 €/KG","img":"https://fd13-photos.leclercdrive.fr/image.ashx?id=2905919&use=l&cat=p&typeid=i","cat":284437},{"id":55469,"n":"Pain brioché Schar Sans gluten - 370g","p":4.02,"u":"10,86 €/KG","img":"https://fd13-photos.leclercdrive.fr/image.ashx?id=2137057&use=l&cat=p&typeid=i","cat":318654},{"id":55472,"n":"Mix Pane Schar Sans gluten - 1kg","p":5.96,"u":"5,96 €/KG","img":"https://fd13-photos.leclercdrive.fr/image.ashx?id=2439947&use=l&cat=p&typeid=i","cat":318654},{"id":55474,"n":"Mix Patisserie Schar Sans gluten - 1kg","p":5.31,"u":"5,31 €/KG","img":"https://fd13-photos.leclercdrive.fr/image.ashx?id=2439950&use=l&cat=p&typeid=i","cat":284504},{"id":55483,"n":"Baguette Schar Sans gluten - 350g","p":3.95,"u":"11,29 €/KG","img":"https://fd13-photos.leclercdrive.fr/image.ashx?id=2209687&use=l&cat=p&typeid=i","cat":318654},{"id":55534,"n":"AOC Côtes de Bergerac vin blanc Bernard Cordelier - 75 cl","p":2.49,"u":"3,32 €/L","img":"https://fd13-photos.leclercdrive.fr/image.ashx?id=2886531&use=l&cat=p&typeid=i","cat":289557},{"id":55573,"n":"Soda Coca-Cola Original Bouteille - 1L","p":1.7,"u":"1,70 €/L","img":"https://fd13-photos.leclercdrive.fr/image.ashx?id=2194409&use=l&cat=p&typeid=i","cat":284530},{"id":55585,"n":"Verrines avocat crevettes x6 pièces - 270g","p":7.86,"u":"29,11 €/KG","img":"https://fd13-photos.leclercdrive.fr/image.ashx?id=2309972&use=l&cat=p&typeid=i","cat":327280},{"id":55586,"n":"Verrines de Tomate et Thon x6 pièces - 270g","p":7.55,"u":"27,96 €/KG","img":"https://fd13-photos.leclercdrive.fr/image.ashx?id=2445367&use=l&cat=p&typeid=i","cat":316003},{"id":55642,"n":"Ramette Esquisse x500 - A4 - 100g - Ultra blanc","p":7.9,"img":"https://fd13-photos.leclercdrive.fr/image.ashx?id=2943250&use=l&cat=p&typeid=i","cat":284697},{"id":55669,"n":"Bâton de colle Esquisse 5x10g","p":2.39,"u":"47,80 €/KG","img":"https://fd13-photos.leclercdrive.fr/image.ashx?id=2943253&use=l&cat=p&typeid=i","cat":334133},{"id":55686,"n":"Intercalaires Esquisse  x12 - A4","p":1.35,"img":"https://fd13-photos.leclercdrive.fr/image.ashx?id=2943244&use=l&cat=p&typeid=i","cat":284745},{"id":55700,"n":"Haricots Verts Cassegrain Extra Fins Ceuillis main 110g","p":1.34,"u":"12,18 €/KG","img":"https://fd13-photos.leclercdrive.fr/image.ashx?id=2913034&use=l&cat=p&typeid=i","cat":312606},{"id":55765,"n":"Gingembre Bio  Barquette 200g","p":2.5,"u":"12,50 €/KG","img":"https://fd13-photos.leclercdrive.fr/image.ashx?id=1632123&use=l&cat=p&typeid=i","cat":284352},{"id":55766,"n":"AOP Crémant de Loire Brut - Lacheteau - 75cL","p":6.92,"u":"9,23 €/L","img":"https://fd13-photos.leclercdrive.fr/image.ashx?id=2431911&use=l&cat=p&typeid=i","cat":284545},{"id":55816,"n":"Lingettes désinfectantes 2en1 x10 lingettes","p":1.52,"img":"https://fd13-photos.leclercdrive.fr/image.ashx?id=2832981&use=l&cat=p&typeid=i","cat":284630},{"id":55849,"n":"100% pur jus d'orange Jafaden Sans pulpe - 6x1.5L","p":15.9,"u":"1,77 €/L","img":"https://fd13-photos.leclercdrive.fr/image.ashx?id=2852955&use=l&cat=p&typeid=i","cat":284521},{"id":55887,"n":"Bougie Bien Air Vanille Caramel 30h - x1","p":1.8,"img":"https://fd13-photos.leclercdrive.fr/image.ashx?id=2399761&use=l&cat=p&typeid=i","cat":284666},{"id":55949,"n":"Riz soja bio Céréal Bio  à l'espagnol repas express-220g","p":2.24,"u":"10,18 €/KG","img":"https://fd13-photos.leclercdrive.fr/image.ashx?id=2575093&use=l&cat=p&typeid=i","cat":287600},{"id":56154,"n":"Calculatrice poche Esquisse Bleu","p":2.99,"u":"Dont 0,13 € d'éco-part.","img":"https://fd13-photos.leclercdrive.fr/image.ashx?id=2943358&use=l&cat=p&typeid=i","cat":334133},{"id":56160,"n":"Assortiment de charcuteries Savoyardes - NRT - 200g","p":6.29,"u":"31,45 €/KG","img":"https://fd13-photos.leclercdrive.fr/image.ashx?id=2753529&use=l&cat=p&typeid=i","cat":316007},{"id":56163,"n":"Lait concentré sucré Nestlé x6 sticks - 30g","p":2.33,"u":"77,67 €/KG","img":"https://fd13-photos.leclercdrive.fr/image.ashx?id=2306528&use=l&cat=p&typeid=i","cat":299162},{"id":56228,"n":"Classeur 4 anneaux Esquisse Rouge - 21x29.7cm","p":2.49,"img":"https://fd13-photos.leclercdrive.fr/image.ashx?id=1703812&use=l&cat=p&typeid=i","cat":284745},{"id":56229,"n":"Classeur 4 anneaux Esquisse Bleu - 21x29.7cm","p":2.49,"img":"https://fd13-photos.leclercdrive.fr/image.ashx?id=1703815&use=l&cat=p&typeid=i","cat":284745},{"id":56230,"n":"Classeur 4 anneaux Esquisse Noir - 21x29.7cm","p":2.49,"img":"https://fd13-photos.leclercdrive.fr/image.ashx?id=1703818&use=l&cat=p&typeid=i","cat":284745},{"id":56233,"n":"Trieur Esquisse 3 rabats  Turquoise - 12 positions","p":3.89,"img":"https://fd13-photos.leclercdrive.fr/image.ashx?id=1691201&use=l&cat=p&typeid=i","cat":284745},{"id":56418,"n":"Vinaigre de cidre Bio Village Bio 75cl","p":2.09,"u":"2,79 €/L","img":"https://fd13-photos.leclercdrive.fr/image.ashx?id=1069902&use=l&cat=p&typeid=i","cat":298543},{"id":56435,"n":"Bouillon Kub Or Maggi  Déshydraté dégraissé - 128g","p":1.62,"u":"12,66 €/KG","img":"https://fd13-photos.leclercdrive.fr/image.ashx?id=2953977&use=l&cat=p&typeid=i","cat":288379},{"id":56440,"n":"Biscuit Citron Yuzu GERBLE  sans sucre 6 132g","p":1.79,"u":"13,56 €/KG","img":"https://fd13-photos.leclercdrive.fr/image.ashx?id=2664016&use=l&cat=p&typeid=i","cat":318653},{"id":56444,"n":"Biscuits chocolat amande GERBLE  - 4x4, 200g","p":1.79,"u":"8,95 €/KG","img":"https://fd13-photos.leclercdrive.fr/image.ashx?id=2967004&use=l&cat=p&typeid=i","cat":318651},{"id":56452,"n":"Cookie Cacao GERBLE  sans sucres - 130g","p":2.36,"u":"18,15 €/KG","img":"https://fd13-photos.leclercdrive.fr/image.ashx?id=2575057&use=l&cat=p&typeid=i","cat":318653},{"id":56456,"n":"Biscuit Coco GERBLE  sans sucre - 132g","p":1.93,"u":"14,62 €/KG","img":"https://fd13-photos.leclercdrive.fr/image.ashx?id=2662826&use=l&cat=p&typeid=i","cat":318653},{"id":56457,"n":"Biscuit Sésame Vanille GERBLE  sans sucres - 132g","p":1.79,"u":"13,56 €/KG","img":"https://fd13-photos.leclercdrive.fr/image.ashx?id=2664013&use=l&cat=p&typeid=i","cat":318653},{"id":56464,"n":"Biscuit fourré cacao GERBLE   sans sucre 6 185g","p":2.73,"u":"14,76 €/KG","img":"https://fd13-photos.leclercdrive.fr/image.ashx?id=2662832&use=l&cat=p&typeid=i","cat":318653},{"id":56468,"n":"Goûters 4S aux pommes Gerblé 360g","p":2.15,"u":"5,97 €/KG","img":"https://fd13-photos.leclercdrive.fr/image.ashx?id=2860907&use=l&cat=p&typeid=i","cat":318651},{"id":56470,"n":"Boisson orange ISOSTAR  Poudre energétique  400 g","p":7.22,"u":"18,05 €/KG","img":"https://fd13-photos.leclercdrive.fr/image.ashx?id=2663045&use=l&cat=p&typeid=i","cat":318652},{"id":56510,"n":"Préfou de Vendée NRT A l'ail - 280g","p":3.99,"u":"14,25 €/KG","img":"https://fd13-photos.leclercdrive.fr/image.ashx?id=2743891&use=l&cat=p&typeid=i","cat":316003},{"id":56511,"n":"Galettes sarrasin Bretagne NRT x6 - 300g","p":1.89,"u":"6,30 €/KG","img":"https://fd13-photos.leclercdrive.fr/image.ashx?id=2770268&use=l&cat=p&typeid=i","cat":333672},{"id":56517,"n":"Eau minérale naturelle Contrex 6x1.5L","p":2.99,"u":"0,33 €/L","img":"https://fd13-photos.leclercdrive.fr/image.ashx?id=2758773&use=l&cat=p&typeid=i","cat":284535},{"id":56547,"n":"Flocons d'avoine bio Bio Village - 500g","p":1.48,"u":"2,96 €/KG","img":"https://fd13-photos.leclercdrive.fr/image.ashx?id=2688243&use=l&cat=p&typeid=i","cat":309512},{"id":56558,"n":"Croquettes chat Tous mes amis Boeuf/poulet/légumes - 7.5kg","p":10.46,"u":"1,39 €/KG","img":"https://fd13-photos.leclercdrive.fr/image.ashx?id=2319118&use=l&cat=p&typeid=i","cat":284680},{"id":56571,"n":"Tomates entières pelées bio Bio Village - 240g","p":1.04,"u":"4,33 €/KG","img":"https://fd13-photos.leclercdrive.fr/image.ashx?id=3002662&use=l&cat=p&typeid=i","cat":312608},{"id":56574,"n":"Sel Fin de Table Rustica Boîte verseuse 500g","p":0.46,"u":"0,92 €/KG","img":"https://fd13-photos.leclercdrive.fr/image.ashx?id=2050681&use=l&cat=p&typeid=i","cat":284457},{"id":56609,"n":"Fromage à tartiner Madame Loïk Fouetté Nature - 320g","p":3.24,"u":"10,13 €/KG","img":"https://fd13-photos.leclercdrive.fr/image.ashx?id=2967798&use=l&cat=p&typeid=i","cat":314029},{"id":56610,"n":"Fromage à tartiner Madame Loïk Fouetté Nature - 180g","p":1.98,"u":"11,00 €/KG","img":"https://fd13-photos.leclercdrive.fr/image.ashx?id=2948015&use=l&cat=p&typeid=i","cat":314029},{"id":56613,"n":"IGP Pays d'Oc rouge Merlot Grand Sud 13.5% vol - BIB 5L","p":17.59,"u":"3,52 €/L","img":"https://fd13-photos.leclercdrive.fr/image.ashx?id=2837457&use=l&cat=p&typeid=i","cat":289556},{"id":56674,"n":"Café moulu Lobodis Bolivie Bio - 2x260g","p":10.99,"u":"21,13 €/KG","img":"https://fd13-photos.leclercdrive.fr/image.ashx?id=2656769&use=l&cat=p&typeid=i","cat":284750},{"id":56683,"n":"Pur jus d'ananas Bio Village  Bio - 1L","p":3.81,"u":"3,81 €/L","img":"https://fd13-photos.leclercdrive.fr/image.ashx?id=2901539&use=l&cat=p&typeid=i","cat":284916},{"id":56741,"n":"Fromage raclette Entremont  Sans croûte - 350g","p":4.89,"u":"13,97 €/KG","img":"https://fd13-photos.leclercdrive.fr/image.ashx?id=2980902&use=l&cat=p&typeid=i","cat":314037},{"id":56765,"n":"Vinaigre de cidre Rustica 25cl","p":0.79,"u":"3,16 €/L","img":"https://fd13-photos.leclercdrive.fr/image.ashx?id=1072906&use=l&cat=p&typeid=i","cat":298543},{"id":56767,"n":"Vinaigre balsamique Rustica De Modène - 25cl","p":1.27,"u":"5,08 €/L","img":"https://fd13-photos.leclercdrive.fr/image.ashx?id=2777812&use=l&cat=p&typeid=i","cat":298543},{"id":56770,"n":"Fleur de sel de Guérande IGP  NRT - 125g","p":2.49,"u":"19,92 €/KG","img":"https://fd13-photos.leclercdrive.fr/image.ashx?id=2644924&use=l&cat=p&typeid=i","cat":284457},{"id":56831,"n":"Nuggets de poulet Maître Coq Sachet - 1kg","p":5.67,"u":"5,67 €/KG","img":"https://fd13-photos.leclercdrive.fr/image.ashx?id=2936404&use=l&cat=p&typeid=i","cat":319780},{"id":56845,"n":"Bâtonnets de poisson Findus  Colin d'Alaska MSC x16 - 448g","p":4.32,"u":"9,64 €/KG","img":"https://fd13-photos.leclercdrive.fr/image.ashx?id=2650684&use=l&cat=p&typeid=i","cat":319788},{"id":56853,"n":"Tablette de chocolat Côte d'or Noir noisette - 4x180g","p":13.88,"u":"19,28 €/KG","img":"https://fd13-photos.leclercdrive.fr/image.ashx?id=2167696&use=l&cat=p&typeid=i","cat":284956},{"id":56860,"n":"Flûtes Tokapi Chèvre/romarin -  - 100g","p":1.59,"u":"15,90 €/KG","img":"https://fd13-photos.leclercdrive.fr/image.ashx?id=2374055&use=l&cat=p&typeid=i","cat":297000},{"id":56861,"n":"Mini-flûtes Tokapi Tomate/olive/origan - 100g","p":1.59,"u":"15,90 €/KG","img":"https://fd13-photos.leclercdrive.fr/image.ashx?id=2374058&use=l&cat=p&typeid=i","cat":297000},{"id":56862,"n":"Couscous Comptoir du Grain  Fin - 1kg","p":2.17,"u":"2,17 €/KG","img":"https://fd13-photos.leclercdrive.fr/image.ashx?id=3012857&use=l&cat=p&typeid=i","cat":284429},{"id":56872,"n":"Tartiflette Côté Table  350g","p":2.9,"u":"8,29 €/KG","img":"https://fd13-photos.leclercdrive.fr/image.ashx?id=2970456&use=l&cat=p&typeid=i","cat":284953},{"id":56873,"n":"Hachis parmentier Côté Table 350g","p":2.53,"u":"7,23 €/KG","img":"https://fd13-photos.leclercdrive.fr/image.ashx?id=2393893&use=l&cat=p&typeid=i","cat":284953},{"id":56874,"n":"Lasagnes bolognaise Côté Table Barquette - 350g","p":2.39,"u":"6,83 €/KG","img":"https://fd13-photos.leclercdrive.fr/image.ashx?id=2476164&use=l&cat=p&typeid=i","cat":284953},{"id":56889,"n":"Gel soin visage charbon Garnier Anti-Points Noirs - 150ml","p":4.26,"u":"28,40 €/L","img":"https://fd13-photos.leclercdrive.fr/image.ashx?id=2634190&use=l&cat=p&typeid=i","cat":284603},{"id":56919,"n":"Bière blonde Pelforth 5.8%vol - 20x25cl","p":10.49,"u":"2,10 €/L","img":"https://fd13-photos.leclercdrive.fr/image.ashx?id=2764523&use=l&cat=p&typeid=i","cat":334873},{"id":56935,"n":"Pâte à tartiner Nutella 400g","p":3.35,"u":"8,38 €/KG","img":"https://fd13-photos.leclercdrive.fr/image.ashx?id=2935645&use=l&cat=p&typeid=i","cat":284481},{"id":56953,"n":"Cordons bleus Côté Croc Au poulet x2 - 200g","p":1.59,"u":"7,95 €/KG","img":"https://fd13-photos.leclercdrive.fr/image.ashx?id=2801046&use=l&cat=p&typeid=i","cat":333683},{"id":56967,"n":"Biscuits déli Matin P'tit Deli Pepites chocolat -  600g","p":3.31,"u":"5,52 €/KG","img":"https://fd13-photos.leclercdrive.fr/image.ashx?id=2999514&use=l&cat=p&typeid=i","cat":284491},{"id":56975,"n":"Saucisson sec Saint-Azay Pur porc - 250g","p":4.09,"u":"16,36 €/KG","img":"https://fd13-photos.leclercdrive.fr/image.ashx?id=2043026&use=l&cat=p&typeid=i","cat":316006},{"id":56991,"n":"Eau de javel Clair Citron - 3x250ml","p":1.3,"u":"1,73 €/L","img":"https://fd13-photos.leclercdrive.fr/image.ashx?id=1073466&use=l&cat=p&typeid=i","cat":284661},{"id":56996,"n":"Jus de fruit Jafaden  Pur jus multifruits - 2L","p":2.59,"u":"1,30 €/L","img":"https://fd13-photos.leclercdrive.fr/image.ashx?id=2920196&use=l&cat=p&typeid=i","cat":284917},{"id":57017,"n":"Friandises chat Catisfactions Poulet - 60g","p":1.03,"u":"17,17 €/KG","img":"https://fd13-photos.leclercdrive.fr/image.ashx?id=2914762&use=l&cat=p&typeid=i","cat":285285},{"id":57020,"n":"Ossau iraty NRT AOP  Fromage de brebis - 200g","p":3.99,"u":"19,95 €/KG","img":"https://fd13-photos.leclercdrive.fr/image.ashx?id=2342632&use=l&cat=p&typeid=i","cat":329184},{"id":57030,"n":"Fromage Morbier NRT AOP  250g","p":3.59,"u":"14,36 €/KG","img":"https://fd13-photos.leclercdrive.fr/image.ashx?id=2624034&use=l&cat=p&typeid=i","cat":329184},{"id":57034,"n":"Fromage Mini Mont d'Or NRT AOP  x1 - 400g","p":8.85,"u":"22,13 €/KG","img":"https://fd13-photos.leclercdrive.fr/image.ashx?id=2934844&use=l&cat=p&typeid=i","cat":314037},{"id":57040,"n":"Bière blanche 1664 Blanc 5° - 6x25cl","p":4.69,"u":"3,13 €/L","img":"https://fd13-photos.leclercdrive.fr/image.ashx?id=2886699&use=l&cat=p&typeid=i","cat":334878},{"id":57041,"n":"Bière blonde 1664 5,5° - 6x33cl canettes","p":4.99,"pp":3.29,"u":"1,66 €/L","img":"https://fd13-photos.leclercdrive.fr/image.ashx?id=2887566&use=l&cat=p&typeid=i","cat":334853},{"id":57045,"n":"Bière blonde Kronenbourg 4,2° - 6x33cl canettes","p":3.95,"u":"1,99 €/L","img":"https://fd13-photos.leclercdrive.fr/image.ashx?id=2212581&use=l&cat=p&typeid=i","cat":334853},{"id":57081,"n":"AOP Champagne Monopole  Heidsieck&Co Blue Top - 75 cl","p":24.33,"u":"32,44 €/L","img":"https://fd13-photos.leclercdrive.fr/image.ashx?id=2644933&use=l&cat=p&typeid=i","cat":284542},{"id":57119,"n":"Super décapant cuisine Briochin Ecocert - 1L","p":2.94,"u":"2,94 €/L","img":"https://fd13-photos.leclercdrive.fr/image.ashx?id=3011401&use=l&cat=p&typeid=i","cat":325357},{"id":57121,"n":"Nettoyant salle de bain 3en1 Briochin - Ecocert - 750mL","p":3.24,"u":"4,32 €/L","img":"https://fd13-photos.leclercdrive.fr/image.ashx?id=3011398&use=l&cat=p&typeid=i","cat":325357},{"id":57151,"n":"Mousse Délisse Chocolat au lait - 8x60g","p":2.25,"u":"4,69 €/KG","img":"https://fd13-photos.leclercdrive.fr/image.ashx?id=3009517&use=l&cat=p&typeid=i","cat":284417},{"id":57183,"n":"Fromage blanc  Lait brebis - 400g","p":2.09,"u":"5,23 €/KG","img":"https://fd13-photos.leclercdrive.fr/image.ashx?id=1735724&use=l&cat=p&typeid=i","cat":314998},{"id":57274,"n":"Boisson aux fruits Oasis Goût Pomme Cassis Framboise 1L","p":1.82,"u":"1,82 €/L","img":"https://fd13-photos.leclercdrive.fr/image.ashx?id=3011083&use=l&cat=p&typeid=i","cat":295018},{"id":57284,"n":"AOC Prosecco Riccadonna Extra Dry - 11° - 75cl","p":6.28,"u":"8,37 €/L","img":"https://fd13-photos.leclercdrive.fr/image.ashx?id=2666303&use=l&cat=p&typeid=i","cat":289461},{"id":57307,"n":"Pur jus Jafaden Orange, raisin, clémentine, pamplemousse - 1L","p":2.29,"u":"2,29 €/L","img":"https://fd13-photos.leclercdrive.fr/image.ashx?id=2869799&use=l&cat=p&typeid=i","cat":284917},{"id":57314,"n":"Risotto Fleury Michon Poulet et cèpes - 280g","p":2.66,"u":"9,50 €/KG","img":"https://fd13-photos.leclercdrive.fr/image.ashx?id=3003281&use=l&cat=p&typeid=i","cat":333665},{"id":57391,"n":"Salade Garden Sodebo Caesar Poulet - 240g","p":3.3,"u":"13,75 €/KG","img":"https://fd13-photos.leclercdrive.fr/image.ashx?id=2939496&use=l&cat=p&typeid=i","cat":333657},{"id":57410,"n":"Croissants Croustipâte x4 - 240g","p":1.65,"u":"6,88 €/KG","img":"https://fd13-photos.leclercdrive.fr/image.ashx?id=2886100&use=l&cat=p&typeid=i","cat":333681},{"id":57435,"n":"Fromage blanc Bio Vrai Lait de brebis - 400g","p":2.3,"u":"5,75 €/KG","img":"https://fd13-photos.leclercdrive.fr/image.ashx?id=2517495&use=l&cat=p&typeid=i","cat":314998},{"id":57649,"n":"Pain caviar d'Aubergines Sauce Tomate au Basilic - 570g","p":6.34,"u":"11,12 €/KG","img":"https://fd13-photos.leclercdrive.fr/image.ashx?id=2981016&use=l&cat=p&typeid=i","cat":315999},{"id":57650,"n":"Taboulé Jean Martin  3/4 personnes - 630g","p":4.98,"u":"7,90 €/KG","img":"https://fd13-photos.leclercdrive.fr/image.ashx?id=2989156&use=l&cat=p&typeid=i","cat":325094},{"id":57685,"n":"Pots bébé bio Babybio Légumes poulet - 6 mois - 400g","p":2.81,"u":"7,03 €/KG","img":"https://fd13-photos.leclercdrive.fr/image.ashx?id=2827422&use=l&cat=p&typeid=i","cat":312236},{"id":57687,"n":"Repas du soir Babybio - 8 mois Bio Patates douces - 2x200g","p":2.63,"u":"6,58 €/KG","img":"https://fd13-photos.leclercdrive.fr/image.ashx?id=2168291&use=l&cat=p&typeid=i","cat":312239},{"id":57688,"n":"Bols soir bébé bio Babybio Purée, courgette -8 mois-2x200g","p":3.06,"u":"7,65 €/KG","img":"https://fd13-photos.leclercdrive.fr/image.ashx?id=2859365&use=l&cat=p&typeid=i","cat":312239},{"id":57691,"n":"Gourde bébé Babybio Bio 6 mois Pomme/poire/pêche - 4x90g","p":3.34,"u":"9,28 €/KG","img":"https://fd13-photos.leclercdrive.fr/image.ashx?id=2733319&use=l&cat=p&typeid=i","cat":312393},{"id":57692,"n":"Gourde bébé Babybio - 6 mois Bio banane millet / Poire-4x90g","p":3.78,"u":"10,50 €/KG","img":"https://fd13-photos.leclercdrive.fr/image.ashx?id=2858234&use=l&cat=p&typeid=i","cat":312393},{"id":57693,"n":"Crème dessert bébé bio Babybio  Semoule cacao -8 mois- 4x85g","p":3.4,"u":"10,00 €/KG","img":"https://fd13-photos.leclercdrive.fr/image.ashx?id=2834527&use=l&cat=p&typeid=i","cat":312393},{"id":57694,"n":"Crème dessert bébé bio Babybio  Semoule vanille -6 mois- 4x85g","p":3.4,"u":"10,00 €/KG","img":"https://fd13-photos.leclercdrive.fr/image.ashx?id=2834530&use=l&cat=p&typeid=i","cat":312393},{"id":57696,"n":"Pots bébé bio Babybio - 6 mois  Légumes pâtes boeuf - 2x200g","p":3.1,"u":"7,75 €/KG","img":"https://fd13-photos.leclercdrive.fr/image.ashx?id=2838301&use=l&cat=p&typeid=i","cat":312236},{"id":57697,"n":"Pots bébé bio Babybio Panais jambon - 6 mois - 2x200g","p":3.59,"u":"8,98 €/KG","img":"https://fd13-photos.leclercdrive.fr/image.ashx?id=2838304&use=l&cat=p&typeid=i","cat":312236},{"id":57703,"n":"Bols bébé soir bio Babybio Légumes pâtes - 8 mois - 2x200g","p":2.5,"u":"6,25 €/KG","img":"https://fd13-photos.leclercdrive.fr/image.ashx?id=2838311&use=l&cat=p&typeid=i","cat":312239},{"id":57705,"n":"Compote bébé Babybio Bio 4 mois Mirabelle Pomme - 2x130g","p":1.82,"u":"7,00 €/KG","img":"https://fd13-photos.leclercdrive.fr/image.ashx?id=2834518&use=l&cat=p&typeid=i","cat":312387},{"id":57713,"n":"Vin Union européenne blanc Lichette Alouettes - 5L","p":13.32,"u":"2,66 €/L","img":"https://fd13-photos.leclercdrive.fr/image.ashx?id=2859194&use=l&cat=p&typeid=i","cat":289557},{"id":57717,"n":"Repas du soir carotte Babybio bio 12 mois Maïs Quinoa - 230g","p":1.8,"u":"7,83 €/KG","img":"https://fd13-photos.leclercdrive.fr/image.ashx?id=2875387&use=l&cat=p&typeid=i","cat":312239},{"id":57742,"n":"Lait croissance Guigoz Gest 3e âge - dès 12 mois - 800g","p":11.2,"u":"14,00 €/KG","img":"https://fd13-photos.leclercdrive.fr/image.ashx?id=2895023&use=l&cat=p&typeid=i","cat":290219},{"id":57760,"n":"Assiette bébé soir bio Babybio Aubergine pâtes -15 mois- 260g","p":1.79,"u":"6,88 €/KG","img":"https://fd13-photos.leclercdrive.fr/image.ashx?id=2855912&use=l&cat=p&typeid=i","cat":312239},{"id":57767,"n":"Tablette de chocolat noir Lindt Framboise intense - 100g","p":2.39,"u":"23,90 €/KG","img":"https://fd13-photos.leclercdrive.fr/image.ashx?id=2689484&use=l&cat=p&typeid=i","cat":318654},{"id":57768,"n":"Tablette de chocolat noir Lindt Sésame grillé - 100g","p":2.39,"u":"23,90 €/KG","img":"https://fd13-photos.leclercdrive.fr/image.ashx?id=2689490&use=l&cat=p&typeid=i","cat":284956},{"id":57772,"n":"Chocolat noir Lindt Création Menthe frappée - 150g","p":3.08,"u":"20,53 €/KG","img":"https://fd13-photos.leclercdrive.fr/image.ashx?id=2685817&use=l&cat=p&typeid=i","cat":284956},{"id":57775,"n":"Chocolat au lait Eco+ Noisette - 4x100g","p":3.08,"u":"7,70 €/KG","img":"https://fd13-photos.leclercdrive.fr/image.ashx?id=2775463&use=l&cat=p&typeid=i","cat":284497},{"id":57779,"n":"Capsules café Plantation Espresso n°5 - x16 - 92g","p":2.69,"u":"29,24 €/KG","img":"https://fd13-photos.leclercdrive.fr/image.ashx?id=2649729&use=l&cat=p&typeid=i","cat":293239},{"id":57782,"n":"Capsules café Plantation Cappuccino - 2x8 - 166g","p":3.45,"u":"20,78 €/KG","img":"https://fd13-photos.leclercdrive.fr/image.ashx?id=2856558&use=l&cat=p&typeid=i","cat":293239},{"id":57783,"n":"Capsules café Plantation Espresso forte n°7 - x16 - 105g","p":2.99,"u":"28,48 €/KG","img":"https://fd13-photos.leclercdrive.fr/image.ashx?id=2649732&use=l&cat=p&typeid=i","cat":293239},{"id":57785,"n":"Capsules café Plantation Lungo n°6 - x16 - 99.2g","p":2.69,"u":"27,17 €/KG","img":"https://fd13-photos.leclercdrive.fr/image.ashx?id=2649735&use=l&cat=p&typeid=i","cat":293239},{"id":57786,"n":"Capsules café Plantation Gigante n°5 - x16 - 112g","p":2.99,"u":"26,70 €/KG","img":"https://fd13-photos.leclercdrive.fr/image.ashx?id=2649738&use=l&cat=p&typeid=i","cat":293239},{"id":57787,"n":"Céréales Jordans Country Crisp 4 Noix - 850g","p":4.8,"u":"5,65 €/KG","img":"https://fd13-photos.leclercdrive.fr/image.ashx?id=2860520&use=l&cat=p&typeid=i","cat":309512},{"id":57796,"n":"Bonbons KINDER Schoko-Bons Chocolat au lait - 300G","p":4.99,"u":"16,63 €/KG","img":"https://fd13-photos.leclercdrive.fr/image.ashx?id=2439692&use=l&cat=p&typeid=i","cat":304238},{"id":57812,"n":"Petits pots bébé P'TITE RECETTE Couscous 8M+ - 2x200g","p":1.96,"u":"4,90 €/KG","img":"https://fd13-photos.leclercdrive.fr/image.ashx?id=2525696&use=l&cat=p&typeid=i","cat":312236},{"id":57814,"n":"Petits pots bébé P'TITE RECETTE Hachis Parmentier 8M+ - 2x200g","p":1.86,"u":"4,65 €/KG","img":"https://fd13-photos.leclercdrive.fr/image.ashx?id=2629689&use=l&cat=p&typeid=i","cat":312236},{"id":57815,"n":"Petits pots bébé P'TITE RECETTE Spaghetti bolognaise 8m -2x200g","p":1.84,"u":"4,60 €/KG","img":"https://fd13-photos.leclercdrive.fr/image.ashx?id=2629683&use=l&cat=p&typeid=i","cat":312236},{"id":57816,"n":"Petits pots bébé P'TITE RECETTE Pot au feu 8M+ - 2x200g","p":2.19,"u":"5,48 €/KG","img":"https://fd13-photos.leclercdrive.fr/image.ashx?id=2518415&use=l&cat=p&typeid=i","cat":312236},{"id":57821,"n":"Petits pots bébé PTIT SOUPER pâtes courgettes 6M+ - 2x200g","p":2.05,"u":"5,13 €/KG","img":"https://fd13-photos.leclercdrive.fr/image.ashx?id=2526523&use=l&cat=p&typeid=i","cat":312239},{"id":57823,"n":"Petits pots bébé P'TIT SOUPER Carottes semoule 6M+ - 2x200g","p":1.88,"u":"4,70 €/KG","img":"https://fd13-photos.leclercdrive.fr/image.ashx?id=2527109&use=l&cat=p&typeid=i","cat":312239},{"id":57824,"n":"Petits pots bébé P'TIT SOUPER Risotto carottes 12M+ - 2x200g","p":1.97,"u":"4,93 €/KG","img":"https://fd13-photos.leclercdrive.fr/image.ashx?id=2526526&use=l&cat=p&typeid=i","cat":312239},{"id":57883,"n":"Petits pots bébé P'TITE RECETTE  riz dinde 12M+ - 2x200g","p":1.84,"u":"4,60 €/KG","img":"https://fd13-photos.leclercdrive.fr/image.ashx?id=2629686&use=l&cat=p&typeid=i","cat":312237},{"id":57953,"n":"Papier cuisson Albal x16 feuilles","p":2.79,"img":"https://fd13-photos.leclercdrive.fr/image.ashx?id=2551447&use=l&cat=p&typeid=i","cat":334134},{"id":57956,"n":"Serviettes fuites urinaires  TENA Discreet - Mini - x20","p":2.77,"u":"0,14 €/P","img":"https://fd13-photos.leclercdrive.fr/image.ashx?id=2597241&use=l&cat=p&typeid=i","cat":284628},{"id":57958,"n":"Eau de toilette Alix De Faure Nature de feu - 100ml","p":4.55,"u":"45,50 €/L","img":"https://fd13-photos.leclercdrive.fr/image.ashx?id=2741300&use=l&cat=p&typeid=i","cat":287740},{"id":57985,"n":"Gel à raser Williams Hydratant-  200ml","p":3.63,"u":"18,15 €/L","img":"https://fd13-photos.leclercdrive.fr/image.ashx?id=2655364&use=l&cat=p&typeid=i","cat":284617},{"id":58119,"n":"Madeleines longue pépites sucre Le Ster x20 - 250g","p":1.66,"u":"6,64 €/KG","img":"https://fd13-photos.leclercdrive.fr/image.ashx?id=2962566&use=l&cat=p&typeid=i","cat":284492},{"id":58125,"n":"flan dany chocolat 4x100g","p":1.5,"u":"3,75 €/KG","img":"https://fd13-photos.leclercdrive.fr/image.ashx?id=2132316&use=l&cat=p&typeid=i","cat":284414},{"id":58133,"n":"Tablette de chocolat Côte d'Or Lait/amande  - 2x180g","p":9.09,"u":"25,25 €/KG","img":"https://fd13-photos.leclercdrive.fr/image.ashx?id=2938004&use=l&cat=p&typeid=i","cat":284497},{"id":58142,"n":"Confiture extra bio Bio Village Cassis - 370g","p":2.59,"u":"7,00 €/KG","img":"https://fd13-photos.leclercdrive.fr/image.ashx?id=2459587&use=l&cat=p&typeid=i","cat":284480},{"id":58143,"n":"Soin de jour L'Oréal Paris Age Perfect anti-âge - 50ml","p":11.97,"pp":7.9,"u":"158,00 €/L","img":"https://fd13-photos.leclercdrive.fr/image.ashx?id=2769744&use=l&cat=p&typeid=i","cat":325345},{"id":58154,"n":"Serpillère Sillage Blanche grand format 60x100","p":2.75,"img":"https://fd13-photos.leclercdrive.fr/image.ashx?id=1297317&use=l&cat=p&typeid=i","cat":284669},{"id":58201,"n":"Désodorisant Bien Air  Senteur muguet - 300ml","p":1.09,"u":"3,63 €/L","img":"https://fd13-photos.leclercdrive.fr/image.ashx?id=2607942&use=l&cat=p&typeid=i","cat":311626},{"id":58202,"n":"Désodorisant Bien Air Floral - 300ml","p":1.09,"u":"3,63 €/L","img":"https://fd13-photos.leclercdrive.fr/image.ashx?id=2614573&use=l&cat=p&typeid=i","cat":311626},{"id":58203,"n":"Désodorisant Bien Air  Fruits rouges - 300ml","p":1.35,"u":"4,50 €/L","img":"https://fd13-photos.leclercdrive.fr/image.ashx?id=2613723&use=l&cat=p&typeid=i","cat":311626},{"id":58205,"n":"Désodorisant Bien Air Vanille - 300ml","p":1.09,"u":"3,63 €/L","img":"https://fd13-photos.leclercdrive.fr/image.ashx?id=2613726&use=l&cat=p&typeid=i","cat":311626},{"id":58214,"n":"Carré gourmand Garden Gourmet Tomates et mozzarella 160g","p":2.33,"u":"14,56 €/KG","img":"https://fd13-photos.leclercdrive.fr/image.ashx?id=3009107&use=l&cat=p&typeid=i","cat":316036},{"id":58218,"n":"Croissants Côté Table Jambon emmental - 2x170g","p":2.92,"u":"8,59 €/KG","img":"https://fd13-photos.leclercdrive.fr/image.ashx?id=2885128&use=l&cat=p&typeid=i","cat":333671},{"id":58220,"n":"Quenelles Côté Table x6 - 240g","p":1.21,"u":"5,04 €/KG","img":"https://fd13-photos.leclercdrive.fr/image.ashx?id=2820439&use=l&cat=p&typeid=i","cat":333682},{"id":58222,"n":"Nuggets Côté Croc Fromage - 180g","p":1.84,"u":"10,22 €/KG","img":"https://fd13-photos.leclercdrive.fr/image.ashx?id=2462260&use=l&cat=p&typeid=i","cat":333684},{"id":58232,"n":"Pâte feuilletée Tablier Blanc Rectangulaire - 230g","p":1.14,"u":"4,96 €/KG","img":"https://fd13-photos.leclercdrive.fr/image.ashx?id=2635931&use=l&cat=p&typeid=i","cat":333681},{"id":58314,"n":"Verrines tartare de concombre et surimi x6 pièces - 270g","p":8.13,"u":"30,11 €/KG","img":"https://fd13-photos.leclercdrive.fr/image.ashx?id=2331402&use=l&cat=p&typeid=i","cat":316003},{"id":58365,"n":"Tartelettes Chocolat P'tit Déli Fourrées au lait - 225g","p":1.39,"u":"6,18 €/KG","img":"https://fd13-photos.leclercdrive.fr/image.ashx?id=2523715&use=l&cat=p&typeid=i","cat":284488},{"id":58428,"n":"Sachet fraicheur chat Sheba Boeuf poulet en sauce - 6x50g","p":2.58,"u":"8,60 €/KG","img":"https://fd13-photos.leclercdrive.fr/image.ashx?id=2895927&use=l&cat=p&typeid=i","cat":285286},{"id":58435,"n":"Bouillon Cube Maggi Poule au pot - 150g","p":1.39,"u":"9,27 €/KG","img":"https://fd13-photos.leclercdrive.fr/image.ashx?id=2737054&use=l&cat=p&typeid=i","cat":288379},{"id":58444,"n":"Cacahuètes Benenuts-Twinuts Nature format familial - 260g","p":1.92,"u":"7,38 €/KG","img":"https://fd13-photos.leclercdrive.fr/image.ashx?id=2967744&use=l&cat=p&typeid=i","cat":284448},{"id":58449,"n":"Tomates pelées entières D'aucy 238g","p":0.97,"u":"4,08 €/KG","img":"https://fd13-photos.leclercdrive.fr/image.ashx?id=2503425&use=l&cat=p&typeid=i","cat":312608},{"id":58450,"n":"Tomates pelées entières D'aucy 476g","p":1.51,"u":"3,17 €/KG","img":"https://fd13-photos.leclercdrive.fr/image.ashx?id=2751996&use=l&cat=p&typeid=i","cat":312608},{"id":58457,"n":"Sachet repas chats Gourmet 12x85g","p":6.67,"u":"6,54 €/KG","img":"https://fd13-photos.leclercdrive.fr/image.ashx?id=2901124&use=l&cat=p&typeid=i","cat":285286},{"id":58459,"n":"Croquettes chat Purina One Adulte - Boeuf/Céréales - 1.5Kg","p":6.76,"u":"4,51 €/KG","img":"https://fd13-photos.leclercdrive.fr/image.ashx?id=2433548&use=l&cat=p&typeid=i","cat":284680},{"id":58463,"n":"Gâche tranchée La Fournée Dorée 500g","p":2.17,"u":"4,34 €/KG","img":"https://fd13-photos.leclercdrive.fr/image.ashx?id=2277956&use=l&cat=p&typeid=i","cat":284478},{"id":58490,"n":"Sauce Béchamel Maggi 350ml","p":1.66,"u":"4,74 €/L","img":"https://fd13-photos.leclercdrive.fr/image.ashx?id=2977726&use=l&cat=p&typeid=i","cat":288381},{"id":58502,"n":"Croquettes chat Purina One Stérilisé Adulte-Dinde/Blé -3kg","p":14.57,"u":"4,86 €/KG","img":"https://fd13-photos.leclercdrive.fr/image.ashx?id=2488055&use=l&cat=p&typeid=i","cat":284680},{"id":58505,"n":"Bière blonde Heineken Sans alcool - 6x25cl","p":4.3,"u":"2,87 €/L","img":"https://fd13-photos.leclercdrive.fr/image.ashx?id=2948528&use=l&cat=p&typeid=i","cat":334877},{"id":58510,"n":"Jambon cru fumé Eco+ 14 tranches - 200g","p":1.96,"u":"9,80 €/KG","img":"https://fd13-photos.leclercdrive.fr/image.ashx?id=2779172&use=l&cat=p&typeid=i","cat":316007},{"id":58525,"n":"Salade choux rouge  Menu fraîcheur - 300g","p":1.81,"u":"6,03 €/KG","img":"https://fd13-photos.leclercdrive.fr/image.ashx?id=2901458&use=l&cat=p&typeid=i","cat":333657},{"id":58529,"n":"Pâte à tartiner L.Georgelin Cacao noisettes - 400g","p":4.55,"u":"11,38 €/KG","img":"https://fd13-photos.leclercdrive.fr/image.ashx?id=1557088&use=l&cat=p&typeid=i","cat":284481},{"id":58548,"n":"Sachets repas chats Purina One Sauce boeuf poulet x4 - 340g","p":2.06,"u":"6,06 €/KG","img":"https://fd13-photos.leclercdrive.fr/image.ashx?id=2468239&use=l&cat=p&typeid=i","cat":285286},{"id":58570,"n":"Friandises chien Pedigree  Récompense bœuf volaille - 155g","p":1.75,"u":"11,29 €/KG","img":"https://fd13-photos.leclercdrive.fr/image.ashx?id=2924779&use=l&cat=p&typeid=i","cat":294527},{"id":58577,"n":"Dessert bébé lacté Blédina 6m Abricot - 6x55g","p":2.05,"u":"6,21 €/KG","img":"https://fd13-photos.leclercdrive.fr/image.ashx?id=2952448&use=l&cat=p&typeid=i","cat":312392},{"id":58578,"n":"Dessert bébé lacté Blédina 6m Fraise - 6x55g","p":2.09,"u":"6,33 €/KG","img":"https://fd13-photos.leclercdrive.fr/image.ashx?id=2952451&use=l&cat=p&typeid=i","cat":312392},{"id":58602,"n":"Haricots verts Rochefontaine Extra fins, bio - 180g","p":2.48,"u":"13,78 €/KG","img":"https://fd13-photos.leclercdrive.fr/image.ashx?id=2343588&use=l&cat=p&typeid=i","cat":312606},{"id":58618,"n":"Tarte Côté Table Saumon Poireau - 400g","p":3.09,"u":"7,73 €/KG","img":"https://fd13-photos.leclercdrive.fr/image.ashx?id=2791821&use=l&cat=p&typeid=i","cat":284257},{"id":58621,"n":"Asperges blanches Géant Vert mini - 110g","p":2.35,"u":"21,36 €/KG","img":"https://fd13-photos.leclercdrive.fr/image.ashx?id=2840554&use=l&cat=p&typeid=i","cat":312611},{"id":58625,"n":"Cœurs de palmiers Géant Vert - 220g","p":3.54,"u":"16,09 €/KG","img":"https://fd13-photos.leclercdrive.fr/image.ashx?id=2840560&use=l&cat=p&typeid=i","cat":312611},{"id":58626,"n":"Coeurs d'artichauts Géant Vert - 240g","p":2.92,"u":"12,17 €/KG","img":"https://fd13-photos.leclercdrive.fr/image.ashx?id=2840566&use=l&cat=p&typeid=i","cat":312611},{"id":58646,"n":"Fromage AOP Comté Jura Flore 9 mois - 200g","p":3.95,"u":"19,75 €/KG","img":"https://fd13-photos.leclercdrive.fr/image.ashx?id=2765243&use=l&cat=p&typeid=i","cat":314036},{"id":58648,"n":"Comté AOP  15 mois - 200g","p":4.94,"u":"24,70 €/KG","img":"https://fd13-photos.leclercdrive.fr/image.ashx?id=2692575&use=l&cat=p&typeid=i","cat":314034},{"id":58650,"n":"Pizza Merveillosa Turini 4 fromages - 340g","p":2.11,"u":"6,21 €/KG","img":"https://fd13-photos.leclercdrive.fr/image.ashx?id=3010428&use=l&cat=p&typeid=i","cat":284256},{"id":58651,"n":"Pizza bords fourrés au fromage  Turini 3 fromages - 450g","p":4.15,"u":"9,22 €/KG","img":"https://fd13-photos.leclercdrive.fr/image.ashx?id=2816582&use=l&cat=p&typeid=i","cat":284256},{"id":58652,"n":"Pizza à partager Turini 3 fromages - 500g","p":2.79,"u":"5,58 €/KG","img":"https://fd13-photos.leclercdrive.fr/image.ashx?id=2816588&use=l&cat=p&typeid=i","cat":284256},{"id":58655,"n":"Poêlée fermière Notre Jardin 750g","p":2.89,"u":"3,85 €/KG","img":"https://fd13-photos.leclercdrive.fr/image.ashx?id=2878597&use=l&cat=p&typeid=i","cat":319823},{"id":58676,"n":"Saucisses fumées Férial x4 - 360g","p":3.99,"u":"11,08 €/KG","img":"https://fd13-photos.leclercdrive.fr/image.ashx?id=2693156&use=l&cat=p&typeid=i","cat":316012},{"id":58693,"n":"Galettes de pommes de terre NRT à l'Alsacienne - 670g","p":2.99,"u":"4,46 €/KG","img":"https://fd13-photos.leclercdrive.fr/image.ashx?id=2699822&use=l&cat=p&typeid=i","cat":319792},{"id":58695,"n":"Farce à légumes Férial 400g","p":3.72,"u":"9,30 €/KG","img":"https://fd13-photos.leclercdrive.fr/image.ashx?id=2922703&use=l&cat=p&typeid=i","cat":284332},{"id":58715,"n":"Mini croque monsieur Côté Table x20 - 240g","p":4.64,"u":"19,33 €/KG","img":"https://fd13-photos.leclercdrive.fr/image.ashx?id=2217167&use=l&cat=p&typeid=i","cat":319774},{"id":58716,"n":"Duo de Courgettes Notre Jardin Tomates - 900g","p":2.45,"u":"2,72 €/KG","img":"https://fd13-photos.leclercdrive.fr/image.ashx?id=2404290&use=l&cat=p&typeid=i","cat":319823},{"id":58740,"n":"Haché à cuisiner Charal Happy Family - 600g","p":8.1,"u":"13,50 €/KG","img":"https://fd13-photos.leclercdrive.fr/image.ashx?id=2977330&use=l&cat=p&typeid=i","cat":319779},{"id":58741,"n":"Fèves non pelées Notre Jardin 1kg","p":3.49,"u":"3,49 €/KG","img":"https://fd13-photos.leclercdrive.fr/image.ashx?id=2873147&use=l&cat=p&typeid=i","cat":319805},{"id":58746,"n":"Gratin dauphinois Côté Table 450g","p":3.19,"u":"7,09 €/KG","img":"https://fd13-photos.leclercdrive.fr/image.ashx?id=2836825&use=l&cat=p&typeid=i","cat":319802},{"id":58826,"n":"Viande hachée 5% MG Férial 500g","p":8.09,"u":"16,18 €/KG","img":"https://fd13-photos.leclercdrive.fr/image.ashx?id=2903995&use=l&cat=p&typeid=i","cat":284332},{"id":58853,"n":"Sacs poubelle Haute 50L Alfapac Origine végétale - x10","p":3.86,"u":"0,39 €/P","img":"https://fd13-photos.leclercdrive.fr/image.ashx?id=2526875&use=l&cat=p&typeid=i","cat":284707},{"id":58939,"n":"Yaourt à boire Actimel fraise - 12x100g","p":4.01,"u":"3,34 €/KG","img":"https://fd13-photos.leclercdrive.fr/image.ashx?id=2996458&use=l&cat=p&typeid=i","cat":284415},{"id":58944,"n":"Yaourts à boire Actimel Nature - 12x100g","p":4.0,"u":"3,33 €/KG","img":"https://fd13-photos.leclercdrive.fr/image.ashx?id=2996461&use=l&cat=p&typeid=i","cat":284415},{"id":58946,"n":"Yaourts à boire Actimel Multifruits - 8x100g","p":3.33,"u":"4,16 €/KG","img":"https://fd13-photos.leclercdrive.fr/image.ashx?id=2996464&use=l&cat=p&typeid=i","cat":284415},{"id":58950,"n":"Yaourts à boire Actimel nature 0%mg - 8x100g","p":3.1,"u":"3,88 €/KG","img":"https://fd13-photos.leclercdrive.fr/image.ashx?id=2996470&use=l&cat=p&typeid=i","cat":284415},{"id":58952,"n":"Yaourts à boire Actimel framboise fruit rouge - 12x100g","p":4.49,"u":"3,74 €/KG","img":"https://fd13-photos.leclercdrive.fr/image.ashx?id=2996476&use=l&cat=p&typeid=i","cat":284415},{"id":59025,"n":"Pur beurre cacahuète Jardin Bio Bio - 350g","p":3.78,"u":"10,80 €/KG","img":"https://fd13-photos.leclercdrive.fr/image.ashx?id=3000312&use=l&cat=p&typeid=i","cat":284481},{"id":59027,"n":"Dessert fruitier bio Jardin Bio Pomme nature - 680g","p":2.32,"u":"3,41 €/KG","img":"https://fd13-photos.leclercdrive.fr/image.ashx?id=2999297&use=l&cat=p&typeid=i","cat":284508},{"id":59037,"n":"Saumon fumé de Norvège Vici 10 tranches - 400g","p":12.05,"u":"30,13 €/KG","img":"https://fd13-photos.leclercdrive.fr/image.ashx?id=2023568&use=l&cat=p&typeid=i","cat":285188},{"id":59038,"n":"Café moulu L'Or Intense 100% Arabica - 2x250g","p":9.27,"u":"18,54 €/KG","img":"https://fd13-photos.leclercdrive.fr/image.ashx?id=2020062&use=l&cat=p&typeid=i","cat":284750},{"id":59041,"n":"Céréales Extra Kellogg's Chocolat au lait - 800g","p":4.87,"u":"6,09 €/KG","img":"https://fd13-photos.leclercdrive.fr/image.ashx?id=2694941&use=l&cat=p&typeid=i","cat":309512},{"id":59043,"n":"Lait en poudre Régilait Entier - 300g","p":2.68,"u":"8,93 €/KG","img":"https://fd13-photos.leclercdrive.fr/image.ashx?id=2110074&use=l&cat=p&typeid=i","cat":293236},{"id":59091,"n":"Gousse vanille Vahiné Papouasie - 3g","p":4.28,"img":"https://fd13-photos.leclercdrive.fr/image.ashx?id=2559877&use=l&cat=p&typeid=i","cat":284504},{"id":59235,"n":"Café dosettes Tassimo L'Or Café Long Classique x24","p":6.67,"u":"42,76 €/KG","img":"https://fd13-photos.leclercdrive.fr/image.ashx?id=2100356&use=l&cat=p&typeid=i","cat":293240},{"id":59242,"n":"Gourde bébé Babybio Bio 6 mois Abricot/banane/pomme - 360g","p":3.1,"u":"8,61 €/KG","img":"https://fd13-photos.leclercdrive.fr/image.ashx?id=2850548&use=l&cat=p&typeid=i","cat":312393},{"id":59249,"n":"Huile de coco Jardin Bio Bio - 200ml","p":3.34,"u":"16,70 €/L","img":"https://fd13-photos.leclercdrive.fr/image.ashx?id=2790135&use=l&cat=p&typeid=i","cat":284453},{"id":59251,"n":"Ravioli Jardin Bio  Bio légumes - 250g","p":2.11,"u":"8,44 €/KG","img":"https://fd13-photos.leclercdrive.fr/image.ashx?id=2535568&use=l&cat=p&typeid=i","cat":287600},{"id":59252,"n":"Café dosettes Tassimo Maxwell House - caramel x8","p":5.19,"u":"19,37 €/KG","img":"https://fd13-photos.leclercdrive.fr/image.ashx?id=2100254&use=l&cat=p&typeid=i","cat":293240},{"id":59253,"n":"Café dosettes Tassimo L'Or Petit Déjeuner Classique x24","p":6.61,"u":"33,22 €/KG","img":"https://fd13-photos.leclercdrive.fr/image.ashx?id=2100365&use=l&cat=p&typeid=i","cat":293240},{"id":59257,"n":"Café dosettes Tassimo Grand-mère - petit déjeuner x16","p":3.51,"u":"26,39 €/KG","img":"https://fd13-photos.leclercdrive.fr/image.ashx?id=2100359&use=l&cat=p&typeid=i","cat":293240},{"id":59271,"n":"Sauce tomate cuisinée Panzani Ail et oignon - 500g","p":1.64,"u":"3,28 €/KG","img":"https://fd13-photos.leclercdrive.fr/image.ashx?id=2884303&use=l&cat=p&typeid=i","cat":288384},{"id":59277,"n":"Bonbons acidulés têtes brûlées Fraise/framboise-kitache-135g","p":1.95,"u":"14,44 €/KG","img":"https://fd13-photos.leclercdrive.fr/image.ashx?id=3008650&use=l&cat=p&typeid=i","cat":304250},{"id":59281,"n":"Huile d'olive Carapelli Extra vierge bio - 75cl","p":11.69,"u":"15,59 €/L","img":"https://fd13-photos.leclercdrive.fr/image.ashx?id=2112069&use=l&cat=p&typeid=i","cat":284453},{"id":59284,"n":"Maoam Mixx Haribo Sachet bonbons - 250g","p":1.88,"u":"7,52 €/KG","img":"https://fd13-photos.leclercdrive.fr/image.ashx?id=2876956&use=l&cat=p&typeid=i","cat":304250},{"id":59287,"n":"Cornichons Rustica 6 épices - 360g","p":2.31,"u":"6,42 €/KG","img":"https://fd13-photos.leclercdrive.fr/image.ashx?id=2916710&use=l&cat=p&typeid=i","cat":284458},{"id":59288,"n":"IGP Gros sel - Le Guérandais Sachet - 800g","p":1.18,"u":"1,48 €/KG","img":"https://fd13-photos.leclercdrive.fr/image.ashx?id=2458622&use=l&cat=p&typeid=i","cat":284457},{"id":59291,"n":"Sauce bolognaise Bio Village  Bio - 350g","p":1.69,"u":"4,83 €/KG","img":"https://fd13-photos.leclercdrive.fr/image.ashx?id=2753381&use=l&cat=p&typeid=i","cat":287599},{"id":59292,"n":"Œufs au plat Haribo Sachet bonbons - 300g","p":1.59,"u":"5,30 €/KG","img":"https://fd13-photos.leclercdrive.fr/image.ashx?id=2984892&use=l&cat=p&typeid=i","cat":304250},{"id":59293,"n":"Sauce provençale Bio Village  Bio - 350g","p":1.63,"u":"4,66 €/KG","img":"https://fd13-photos.leclercdrive.fr/image.ashx?id=2712995&use=l&cat=p&typeid=i","cat":287599},{"id":59294,"n":"Moutarde à l'ancienne Maille 160g","p":1.97,"u":"12,31 €/KG","img":"https://fd13-photos.leclercdrive.fr/image.ashx?id=1695120&use=l&cat=p&typeid=i","cat":288850},{"id":59296,"n":"Sauce tomate Bio Village  Basilic bio - 350g","p":1.63,"u":"4,66 €/KG","img":"https://fd13-photos.leclercdrive.fr/image.ashx?id=2696289&use=l&cat=p&typeid=i","cat":287599},{"id":59299,"n":"Bonbons KINDER Schoko-Bons Chocolat au lait - 225G","p":3.68,"u":"16,36 €/KG","img":"https://fd13-photos.leclercdrive.fr/image.ashx?id=2679633&use=l&cat=p&typeid=i","cat":304238},{"id":59307,"n":"Miami Pik Haribo Sachet bonbons acidulés - 200g","p":1.48,"u":"7,40 €/KG","img":"https://fd13-photos.leclercdrive.fr/image.ashx?id=2984895&use=l&cat=p&typeid=i","cat":304250},{"id":59311,"n":"Olives Apéro Tramier  À l'Ail 150g","p":2.32,"u":"15,47 €/KG","img":"https://fd13-photos.leclercdrive.fr/image.ashx?id=2639299&use=l&cat=p&typeid=i","cat":284458},{"id":59314,"n":"Huile d'Olive Tramier  Vierge Extra Biologique 75cl","p":8.97,"u":"11,96 €/L","img":"https://fd13-photos.leclercdrive.fr/image.ashx?id=2803916&use=l&cat=p&typeid=i","cat":284453},{"id":59318,"n":"Caserecce Tradizioni d'Italia N°168 - 500g","p":1.69,"u":"3,38 €/KG","img":"https://fd13-photos.leclercdrive.fr/image.ashx?id=2657313&use=l&cat=p&typeid=i","cat":284427},{"id":59319,"n":"Penne rigate Tradizioni Italia N°133 - 500g","p":1.52,"u":"3,04 €/KG","img":"https://fd13-photos.leclercdrive.fr/image.ashx?id=2657316&use=l&cat=p&typeid=i","cat":284427},{"id":59324,"n":"Pipe rigate Tradizioni d'Italia N°179 - 500g","p":1.59,"u":"3,18 €/KG","img":"https://fd13-photos.leclercdrive.fr/image.ashx?id=2657319&use=l&cat=p&typeid=i","cat":284427},{"id":59336,"n":"Barquette chien Cesar Terrine poulet - 300g","p":1.63,"u":"5,43 €/KG","img":"https://fd13-photos.leclercdrive.fr/image.ashx?id=2091323&use=l&cat=p&typeid=i","cat":284673},{"id":59339,"n":"Barquette chien sénior Cesar Terrine en gelée - 4x150g","p":3.95,"u":"6,58 €/KG","img":"https://fd13-photos.leclercdrive.fr/image.ashx?id=2091320&use=l&cat=p&typeid=i","cat":284673},{"id":59340,"n":"Barquette chien Cesar Terrine cœur légumes - 4x150g","p":3.82,"u":"6,37 €/KG","img":"https://fd13-photos.leclercdrive.fr/image.ashx?id=2091317&use=l&cat=p&typeid=i","cat":284673},{"id":59341,"n":"Barquette chien Cesar Terrine du jardin - 4x150g","p":3.63,"u":"6,05 €/KG","img":"https://fd13-photos.leclercdrive.fr/image.ashx?id=2091314&use=l&cat=p&typeid=i","cat":284673},{"id":59343,"n":"Pâtes Tradizioni d'Italia Linguine n°121 - 500g","p":1.52,"u":"3,04 €/KG","img":"https://fd13-photos.leclercdrive.fr/image.ashx?id=2657322&use=l&cat=p&typeid=i","cat":284427},{"id":59344,"n":"Barquette chien Cesar Terrine du jardin - 4x300g","p":6.63,"u":"5,53 €/KG","img":"https://fd13-photos.leclercdrive.fr/image.ashx?id=2091308&use=l&cat=p&typeid=i","cat":284673},{"id":59345,"n":"Rigatoni Tradizioni d'Italia N°124 - 500g","p":1.69,"u":"3,38 €/KG","img":"https://fd13-photos.leclercdrive.fr/image.ashx?id=2657325&use=l&cat=p&typeid=i","cat":284427},{"id":59348,"n":"Taralli pouille Huile d'olive - 400g","p":3.08,"u":"7,70 €/KG","img":"https://fd13-photos.leclercdrive.fr/image.ashx?id=2670524&use=l&cat=p&typeid=i","cat":297000},{"id":59382,"n":"Grissini Grangrissi 300g","p":2.61,"u":"8,70 €/KG","img":"https://fd13-photos.leclercdrive.fr/image.ashx?id=2743927&use=l&cat=p&typeid=i","cat":297000},{"id":59398,"n":"Café moulu L'Or Intense 100% Arabica - 3x250g","p":13.89,"u":"18,52 €/KG","img":"https://fd13-photos.leclercdrive.fr/image.ashx?id=2802377&use=l&cat=p&typeid=i","cat":284750},{"id":59407,"n":"Biscuits Choc&Choc Milka  175g","p":1.83,"u":"10,46 €/KG","img":"https://fd13-photos.leclercdrive.fr/image.ashx?id=2314599&use=l&cat=p&typeid=i","cat":284495},{"id":59499,"n":"Bière Chouffe Blonde 75cl","p":4.75,"u":"6,33 €/L","img":"https://fd13-photos.leclercdrive.fr/image.ashx?id=2959199&use=l&cat=p&typeid=i","cat":334872},{"id":59500,"n":"Bière blonde du Corbeau 75cl","p":3.78,"u":"5,04 €/L","img":"https://fd13-photos.leclercdrive.fr/image.ashx?id=1741475&use=l&cat=p&typeid=i","cat":334872},{"id":59508,"n":"Bière Delirium Tremens Blonde 75cl","p":9.82,"u":"13,09 €/L","img":"https://fd13-photos.leclercdrive.fr/image.ashx?id=1868263&use=l&cat=p&typeid=i","cat":334872},{"id":59539,"n":"Pêches Douceur du Verger Sirop léger - 230 g","p":1.26,"u":"5,48 €/KG","img":"https://fd13-photos.leclercdrive.fr/image.ashx?id=2666468&use=l&cat=p&typeid=i","cat":284507},{"id":59553,"n":"Croustilles  Belin  Emmental - 138g","p":1.23,"u":"8,91 €/KG","img":"https://fd13-photos.leclercdrive.fr/image.ashx?id=3002267&use=l&cat=p&typeid=i","cat":284449},{"id":59556,"n":"Croustilles Belin Cacahuète - 138g","p":1.35,"u":"9,78 €/KG","img":"https://fd13-photos.leclercdrive.fr/image.ashx?id=3002270&use=l&cat=p&typeid=i","cat":284449},{"id":59563,"n":"Galette de maïs GERBLE Chocolat au lait - 124g","p":1.71,"u":"13,79 €/KG","img":"https://fd13-photos.leclercdrive.fr/image.ashx?id=2664034&use=l&cat=p&typeid=i","cat":318651},{"id":59564,"n":"Galette riz chocolat Gerblé   Chocolat noir - 130,4g","p":1.7,"u":"13,08 €/KG","img":"https://fd13-photos.leclercdrive.fr/image.ashx?id=2664037&use=l&cat=p&typeid=i","cat":318651},{"id":59565,"n":"Pâte à tartiner Nustikao 1kg","p":4.25,"u":"4,25 €/KG","img":"https://fd13-photos.leclercdrive.fr/image.ashx?id=3012860&use=l&cat=p&typeid=i","cat":284481},{"id":59591,"n":"Boisson base vodka Eristoff Black 18° - 70cl","p":12.87,"u":"18,39 €/L","img":"https://fd13-photos.leclercdrive.fr/image.ashx?id=2842882&use=l&cat=p&typeid=i","cat":284550},{"id":59592,"n":"Gâteaux L'Ourson Lulu LU Tout chocolat - 150g","p":1.49,"u":"9,93 €/KG","img":"https://fd13-photos.leclercdrive.fr/image.ashx?id=2346699&use=l&cat=p&typeid=i","cat":284495},{"id":59601,"n":"Bière blonde 3 Monts 6x33cl","p":7.85,"u":"3,96 €/L","img":"https://fd13-photos.leclercdrive.fr/image.ashx?id=2548189&use=l&cat=p&typeid=i","cat":334852},{"id":59655,"n":"Dentifrice Email Diamant Rouge - 75ml","p":3.16,"u":"42,13 €/L","img":"https://fd13-photos.leclercdrive.fr/image.ashx?id=1781297&use=l&cat=p&typeid=i","cat":284612},{"id":59695,"n":"Yaourt à la grecque YAOS Vanille - 4x125g","p":2.71,"u":"5,42 €/KG","img":"https://fd13-photos.leclercdrive.fr/image.ashx?id=3007972&use=l&cat=p&typeid=i","cat":314999},{"id":59698,"n":"Sandwich Maxi Club Sodebo  Simple&Bon Jambon Beurre - 190g","p":2.09,"u":"11,00 €/KG","img":"https://fd13-photos.leclercdrive.fr/image.ashx?id=2814542&use=l&cat=p&typeid=i","cat":333658},{"id":59713,"n":"Gros cornichons Rustica  Aigre doux - 850g","p":2.69,"u":"3,16 €/KG","img":"https://fd13-photos.leclercdrive.fr/image.ashx?id=2916707&use=l&cat=p&typeid=i","cat":284458},{"id":59714,"n":"Cacahuètes Tokapi  Grillées à sec - 200g","p":0.78,"u":"3,90 €/KG","img":"https://fd13-photos.leclercdrive.fr/image.ashx?id=2799781&use=l&cat=p&typeid=i","cat":284448},{"id":59715,"n":"Double concentré de tomates Tube - 200g","p":1.35,"u":"6,75 €/KG","img":"https://fd13-photos.leclercdrive.fr/image.ashx?id=2072728&use=l&cat=p&typeid=i","cat":288384},{"id":59717,"n":"Saucisse grillée Purée pomme de terre La Cuisine d'Océane 300g","p":2.72,"u":"9,07 €/KG","img":"https://fd13-photos.leclercdrive.fr/image.ashx?id=2962338&use=l&cat=p&typeid=i","cat":284953},{"id":59718,"n":"Saumon tagliatelles D'Aucy Micro-ondes - 300g","p":2.49,"u":"8,30 €/KG","img":"https://fd13-photos.leclercdrive.fr/image.ashx?id=2117168&use=l&cat=p&typeid=i","cat":284953},{"id":59722,"n":"Crème légère semi-épaisse  Bridélice 18%mg - 3x20cl","p":2.6,"u":"4,33 €/L","img":"https://fd13-photos.leclercdrive.fr/image.ashx?id=2904733&use=l&cat=p&typeid=i","cat":284381},{"id":59725,"n":"Bâtonnets Surimi Saveur Coraya  x12 - 180g","p":1.99,"u":"11,06 €/KG","img":"https://fd13-photos.leclercdrive.fr/image.ashx?id=2962677&use=l&cat=p&typeid=i","cat":285189},{"id":59760,"n":"Lingettes liniment Biolane Oleo calcaire - x64","p":2.64,"img":"https://fd13-photos.leclercdrive.fr/image.ashx?id=2875378&use=l&cat=p&typeid=i","cat":284738},{"id":59761,"n":"Lingettes Lotus Baby Peau nette - x64","p":1.89,"u":"0,03 €/P","img":"https://fd13-photos.leclercdrive.fr/image.ashx?id=2904431&use=l&cat=p&typeid=i","cat":284738},{"id":59774,"n":"Sérum physiologique Biolane 30x5ml","p":3.22,"u":"21,47 €/L","img":"https://fd13-photos.leclercdrive.fr/image.ashx?id=2733232&use=l&cat=p&typeid=i","cat":284741},{"id":59779,"n":"Tablette chocolat Côte d'Or Chocolat noir/pistaches - 180g","p":3.79,"u":"21,06 €/KG","img":"https://fd13-photos.leclercdrive.fr/image.ashx?id=1885680&use=l&cat=p&typeid=i","cat":284497},{"id":59810,"n":"Chewing-gum 2FruityHollywood Fraise citron vert - 66g","p":1.6,"u":"24,24 €/KG","img":"https://fd13-photos.leclercdrive.fr/image.ashx?id=2670065&use=l&cat=p&typeid=i","cat":304251},{"id":59832,"n":"Secret de crème Président Semi-épaisse 25%mg - 3x20cl","p":4.11,"u":"6,85 €/L","img":"https://fd13-photos.leclercdrive.fr/image.ashx?id=2699861&use=l&cat=p&typeid=i","cat":284381},{"id":59944,"n":"Boisson à base de thé Arizona Thé Blanc et Myrtille - 50cl","p":1.19,"u":"2,38 €/L","img":"https://fd13-photos.leclercdrive.fr/image.ashx?id=2143492&use=l&cat=p&typeid=i","cat":295019},{"id":60000,"n":"Biscuits Karelea Palmier - 100g","p":2.28,"u":"22,80 €/KG","img":"https://fd13-photos.leclercdrive.fr/image.ashx?id=2896357&use=l&cat=p&typeid=i","cat":284487},{"id":60015,"n":"Pancakes Pasquier x10 - 350g","p":1.98,"u":"5,66 €/KG","img":"https://fd13-photos.leclercdrive.fr/image.ashx?id=2688878&use=l&cat=p&typeid=i","cat":284495},{"id":60051,"n":"Gâteaux Lulu L'Ourson Fraise - 150g","p":1.44,"u":"9,60 €/KG","img":"https://fd13-photos.leclercdrive.fr/image.ashx?id=3008050&use=l&cat=p&typeid=i","cat":284495},{"id":60053,"n":"Végétal Falafels Garden Gourmet Pois chiches 190g","p":3.38,"u":"17,79 €/KG","img":"https://fd13-photos.leclercdrive.fr/image.ashx?id=2988686&use=l&cat=p&typeid=i","cat":316036},{"id":60068,"n":"Pavé Gourmand Garden Gourmet Courgettes Fromage 180g","p":3.5,"u":"19,44 €/KG","img":"https://fd13-photos.leclercdrive.fr/image.ashx?id=2973294&use=l&cat=p&typeid=i","cat":316036},{"id":60118,"n":"Ratatouille niçoise D'aucy  750g","p":1.96,"u":"2,61 €/KG","img":"https://fd13-photos.leclercdrive.fr/image.ashx?id=2665904&use=l&cat=p&typeid=i","cat":312612},{"id":60124,"n":"Compotes Pom'Potes Gourdes  Pomme Nature - 4x90g","p":1.7,"u":"4,72 €/KG","img":"https://fd13-photos.leclercdrive.fr/image.ashx?id=2983003&use=l&cat=p&typeid=i","cat":284508},{"id":60138,"n":"Bûche de chèvre Bio Soignon 180g","p":3.11,"u":"17,28 €/KG","img":"https://fd13-photos.leclercdrive.fr/image.ashx?id=2676741&use=l&cat=p&typeid=i","cat":314031},{"id":60165,"n":"Boisson végétale Alpro noisette - 1l","p":2.2,"u":"2,20 €/L","img":"https://fd13-photos.leclercdrive.fr/image.ashx?id=2849602&use=l&cat=p&typeid=i","cat":316067},{"id":60168,"n":"fromage blanc jockey Nature 3%MG - 8x100g","p":2.54,"u":"3,18 €/KG","img":"https://fd13-photos.leclercdrive.fr/image.ashx?id=2230369&use=l&cat=p&typeid=i","cat":284409},{"id":60171,"n":"boisson végétale lait d'amande grillée alpro -1l","p":2.16,"u":"2,16 €/L","img":"https://fd13-photos.leclercdrive.fr/image.ashx?id=2988671&use=l&cat=p&typeid=i","cat":316067},{"id":60174,"n":"Madeleine Bonne Maman  Chocolat au lait x10 - 300g","p":3.37,"u":"11,23 €/KG","img":"https://fd13-photos.leclercdrive.fr/image.ashx?id=2949940&use=l&cat=p&typeid=i","cat":284492},{"id":60175,"n":"Madeleines St Michel  Oeuf en plein air - 1kg","p":3.91,"u":"3,91 €/KG","img":"https://fd13-photos.leclercdrive.fr/image.ashx?id=2936194&use=l&cat=p&typeid=i","cat":284492},{"id":60192,"n":"Pancakes Le Ster  x8 - 280g","p":2.26,"u":"8,07 €/KG","img":"https://fd13-photos.leclercdrive.fr/image.ashx?id=2827215&use=l&cat=p&typeid=i","cat":284495},{"id":60258,"n":"AOP Côteaux Varois en Provence Rosé Estandon Lumière - 75cl","p":5.85,"u":"7,80 €/L","img":"https://fd13-photos.leclercdrive.fr/image.ashx?id=2889460&use=l&cat=p&typeid=i","cat":289558},{"id":60277,"n":"Déodorant bille Men Expert Carbon protect Ice Fresh-2x50ml","p":5.16,"u":"51,60 €/L","img":"https://fd13-photos.leclercdrive.fr/image.ashx?id=2456729&use=l&cat=p&typeid=i","cat":284618},{"id":60292,"n":"Déodorant Men Expert  Energetic protect 48h 2x50ml","p":5.16,"u":"51,60 €/L","img":"https://fd13-photos.leclercdrive.fr/image.ashx?id=1561210&use=l&cat=p&typeid=i","cat":284618},{"id":60313,"n":"Fromage frais Délisse  Vanille de Madagascar - 500g","p":2.29,"u":"4,58 €/KG","img":"https://fd13-photos.leclercdrive.fr/image.ashx?id=3012851&use=l&cat=p&typeid=i","cat":284409},{"id":60382,"n":"Soin de jour L'Oréal Paris Age Perfect anti-rides - 50ml","p":11.97,"pp":7.9,"u":"158,00 €/L","img":"https://fd13-photos.leclercdrive.fr/image.ashx?id=2860355&use=l&cat=p&typeid=i","cat":325345},{"id":60537,"n":"Purée surgelé  Bonduelle 4 saveurs  - 780g","p":2.83,"u":"3,63 €/KG","img":"https://fd13-photos.leclercdrive.fr/image.ashx?id=2996518&use=l&cat=p&typeid=i","cat":319805},{"id":60587,"n":"Bûche de chèvre Président 180g","p":2.04,"u":"11,33 €/KG","img":"https://fd13-photos.leclercdrive.fr/image.ashx?id=2454088&use=l&cat=p&typeid=i","cat":314031},{"id":60588,"n":"Emmental Président 250g","p":2.8,"u":"11,20 €/KG","img":"https://fd13-photos.leclercdrive.fr/image.ashx?id=2752942&use=l&cat=p&typeid=i","cat":314034},{"id":60637,"n":"Matière grasse St Hubert 41 à tartiner - 38% MG - 500g","p":3.83,"u":"7,66 €/KG","img":"https://fd13-photos.leclercdrive.fr/image.ashx?id=2734147&use=l&cat=p&typeid=i","cat":315229},{"id":60656,"n":"Pâtes Alpina Savoie Coquillettes bio - 500g","p":1.91,"u":"3,82 €/KG","img":"https://fd13-photos.leclercdrive.fr/image.ashx?id=2844557&use=l&cat=p&typeid=i","cat":284427},{"id":60694,"n":"Avoine Alpina Savoie Bio - 500g","p":1.91,"u":"3,82 €/KG","img":"https://fd13-photos.leclercdrive.fr/image.ashx?id=2844554&use=l&cat=p&typeid=i","cat":309512},{"id":60774,"n":"Bière blonde Leffe 6,6% - 6x25cl","p":4.92,"u":"3,28 €/L","img":"https://fd13-photos.leclercdrive.fr/image.ashx?id=2995421&use=l&cat=p&typeid=i","cat":334852},{"id":60775,"n":"Dés de jambon Herta  2x75g","p":1.94,"u":"12,93 €/KG","img":"https://fd13-photos.leclercdrive.fr/image.ashx?id=2877133&use=l&cat=p&typeid=i","cat":316011},{"id":60777,"n":"Brique de brebis Lou Pérac Fromage de brebis - 150g","p":2.85,"u":"19,00 €/KG","img":"https://fd13-photos.leclercdrive.fr/image.ashx?id=2785154&use=l&cat=p&typeid=i","cat":314031},{"id":60778,"n":"Tranche Salakis Fromage de brebis - 200g","p":2.64,"u":"13,20 €/KG","img":"https://fd13-photos.leclercdrive.fr/image.ashx?id=2729710&use=l&cat=p&typeid=i","cat":314026},{"id":60886,"n":"Mozzarella Galbani 125g","p":1.1,"u":"8,80 €/KG","img":"https://fd13-photos.leclercdrive.fr/image.ashx?id=2765381&use=l&cat=p&typeid=i","cat":314026},{"id":60890,"n":"Chaussée aux moines 340g","p":2.88,"u":"8,47 €/KG","img":"https://fd13-photos.leclercdrive.fr/image.ashx?id=2830030&use=l&cat=p&typeid=i","cat":329184},{"id":60891,"n":"Camembert Président 250g","p":1.79,"u":"7,16 €/KG","img":"https://fd13-photos.leclercdrive.fr/image.ashx?id=2878873&use=l&cat=p&typeid=i","cat":314033},{"id":60892,"n":"Emmental râpé fondant Président 200g","p":2.05,"u":"10,25 €/KG","img":"https://fd13-photos.leclercdrive.fr/image.ashx?id=2488455&use=l&cat=p&typeid=i","cat":314035},{"id":60930,"n":"Thé Earl Grey Twinings x25 sachets - 50g","p":2.07,"u":"41,40 €/KG","img":"https://fd13-photos.leclercdrive.fr/image.ashx?id=2889817&use=l&cat=p&typeid=i","cat":293233},{"id":60931,"n":"Thé Ceylan Scotland Twinings x20 - 40g","p":2.5,"u":"62,50 €/KG","img":"https://fd13-photos.leclercdrive.fr/image.ashx?id=2893024&use=l&cat=p&typeid=i","cat":293233},{"id":60957,"n":"Boisson énergisante Red Bull Goût Myrtille, 250ml","p":1.2,"u":"4,80 €/L","img":"https://fd13-photos.leclercdrive.fr/image.ashx?id=2174528&use=l&cat=p&typeid=i","cat":284533},{"id":60974,"n":"Pur jus Tropicana Orange Pure Premium Sans pulpe - 1L","p":2.45,"u":"2,45 €/L","img":"https://fd13-photos.leclercdrive.fr/image.ashx?id=2586186&use=l&cat=p&typeid=i","cat":284521},{"id":60978,"n":"Roquefort AOP Société Fromage de brebis - 150g","p":2.89,"u":"19,27 €/KG","img":"https://fd13-photos.leclercdrive.fr/image.ashx?id=2729713&use=l&cat=p&typeid=i","cat":314032},{"id":61021,"n":"Risotto champignon poulet Marie 900g","p":4.47,"u":"4,97 €/KG","img":"https://fd13-photos.leclercdrive.fr/image.ashx?id=2996755&use=l&cat=p&typeid=i","cat":284254},{"id":61022,"n":"Tranches panés Findus Cabillaud MSC - x20 - 1.020kg","p":13.81,"u":"13,54 €/KG","img":"https://fd13-photos.leclercdrive.fr/image.ashx?id=2865860&use=l&cat=p&typeid=i","cat":319788},{"id":61166,"n":"Mousse Maronsui's La Laitière Crème de marrons 8x68,8g","p":3.39,"u":"6,16 €/KG","img":"https://fd13-photos.leclercdrive.fr/image.ashx?id=3010969&use=l&cat=p&typeid=i","cat":284417},{"id":61167,"n":"Crème légère épaisse Bridélice 15%mg - 497g","p":1.9,"u":"3,82 €/KG","img":"https://fd13-photos.leclercdrive.fr/image.ashx?id=2996578&use=l&cat=p&typeid=i","cat":284381},{"id":61169,"n":"Petit suisse NESQUIK Chocolat 6x60g","p":1.56,"u":"4,33 €/KG","img":"https://fd13-photos.leclercdrive.fr/image.ashx?id=3007933&use=l&cat=p&typeid=i","cat":284414},{"id":61172,"n":"Yaourts à la Grecque Délisse Citron - 4x150g","p":2.38,"u":"3,97 €/KG","img":"https://fd13-photos.leclercdrive.fr/image.ashx?id=2699714&use=l&cat=p&typeid=i","cat":314999},{"id":61215,"n":"Chips Tuiles Pringles Emmental - 175g","p":1.98,"u":"11,31 €/KG","img":"https://fd13-photos.leclercdrive.fr/image.ashx?id=2830885&use=l&cat=p&typeid=i","cat":287899},{"id":61293,"n":"Boisson Jafaden Orange carotte citron - 1L","p":1.89,"u":"1,89 €/L","img":"https://fd13-photos.leclercdrive.fr/image.ashx?id=2956753&use=l&cat=p&typeid=i","cat":284917},{"id":61596,"n":"Sauce au poivre Rustica Pot - 245g","p":1.13,"u":"4,61 €/KG","img":"https://fd13-photos.leclercdrive.fr/image.ashx?id=2954373&use=l&cat=p&typeid=i","cat":318430},{"id":61597,"n":"Sauce bourguignonne Rustica Pot - 250g","p":1.01,"u":"4,04 €/KG","img":"https://fd13-photos.leclercdrive.fr/image.ashx?id=2954376&use=l&cat=p&typeid=i","cat":318430},{"id":61605,"n":"Sauce barbecue Rustica Flacon souple - 280g","p":1.39,"u":"4,96 €/KG","img":"https://fd13-photos.leclercdrive.fr/image.ashx?id=2559704&use=l&cat=p&typeid=i","cat":318431},{"id":61607,"n":"Sauce andalousie Rustica Flacon souple - 249g","p":1.68,"u":"6,75 €/KG","img":"https://fd13-photos.leclercdrive.fr/image.ashx?id=2459153&use=l&cat=p&typeid=i","cat":318431},{"id":61613,"n":"Sauce Pommes frites  Amora 448g","p":2.22,"u":"4,96 €/KG","img":"https://fd13-photos.leclercdrive.fr/image.ashx?id=2738227&use=l&cat=p&typeid=i","cat":318431},{"id":61619,"n":"Moutarde Maille Pointe d'épice - 340g","p":2.4,"u":"7,06 €/KG","img":"https://fd13-photos.leclercdrive.fr/image.ashx?id=2076212&use=l&cat=p&typeid=i","cat":288850},{"id":61628,"n":"Fruits au sirop St Mamet Pêches - 245g","p":1.85,"u":"7,55 €/KG","img":"https://fd13-photos.leclercdrive.fr/image.ashx?id=2628428&use=l&cat=p&typeid=i","cat":284507},{"id":61631,"n":"Cocktail Douceur du Verger 4 fruits - Sirop léger- 500g","p":1.99,"u":"3,98 €/KG","img":"https://fd13-photos.leclercdrive.fr/image.ashx?id=2531298&use=l&cat=p&typeid=i","cat":284507},{"id":61634,"n":"Poires Douceur du Verger Sirop léger - 455 g","p":1.95,"u":"4,29 €/KG","img":"https://fd13-photos.leclercdrive.fr/image.ashx?id=2783020&use=l&cat=p&typeid=i","cat":284507},{"id":61638,"n":"Lentilles Préparées Cassegrain Tendres et Fondantes 460g","p":2.44,"u":"5,30 €/KG","img":"https://fd13-photos.leclercdrive.fr/image.ashx?id=3011047&use=l&cat=p&typeid=i","cat":312609},{"id":61641,"n":"Sirop d'érable Le Québécois Bio - 189ml","p":4.88,"u":"25,82 €/L","img":"https://fd13-photos.leclercdrive.fr/image.ashx?id=1601087&use=l&cat=p&typeid=i","cat":287643},{"id":61697,"n":"Eponges Spontex Multicolore - x3","p":1.86,"u":"0,62 €/P","img":"https://fd13-photos.leclercdrive.fr/image.ashx?id=2972847&use=l&cat=p&typeid=i","cat":284667},{"id":61704,"n":"Burger La Fournée Dorée Sésame x4 -250g","p":1.83,"u":"7,32 €/KG","img":"https://fd13-photos.leclercdrive.fr/image.ashx?id=2735275&use=l&cat=p&typeid=i","cat":325067},{"id":61968,"n":"AOP Petit Reblochon Le Pochat 240g","p":3.93,"u":"16,38 €/KG","img":"https://fd13-photos.leclercdrive.fr/image.ashx?id=2102764&use=l&cat=p&typeid=i","cat":314037},{"id":62001,"n":"Jus de citron jaune 1L","p":2.13,"u":"2,13 €/L","img":"https://fd13-photos.leclercdrive.fr/image.ashx?id=2656991&use=l&cat=p&typeid=i","cat":288383},{"id":62004,"n":"Cornichons Maille  Mini classique - 370g","p":3.59,"u":"9,70 €/KG","img":"https://fd13-photos.leclercdrive.fr/image.ashx?id=2916567&use=l&cat=p&typeid=i","cat":284458},{"id":62042,"n":"Haricots rouges D'aucy  500g","p":2.02,"u":"4,04 €/KG","img":"https://fd13-photos.leclercdrive.fr/image.ashx?id=2491190&use=l&cat=p&typeid=i","cat":312606},{"id":62043,"n":"Lentilles préparées D'aucy  265g","p":0.89,"u":"3,36 €/KG","img":"https://fd13-photos.leclercdrive.fr/image.ashx?id=2560600&use=l&cat=p&typeid=i","cat":312609},{"id":62045,"n":"Haricots verts Jardin Bio étic Bio sans sel - 345g","p":3.36,"u":"9,74 €/KG","img":"https://fd13-photos.leclercdrive.fr/image.ashx?id=2535010&use=l&cat=p&typeid=i","cat":312606},{"id":62050,"n":"Macédoine déjà égouttée D'aucy 265g","p":1.22,"u":"4,60 €/KG","img":"https://fd13-photos.leclercdrive.fr/image.ashx?id=2511601&use=l&cat=p&typeid=i","cat":312612},{"id":62053,"n":"Haricots Coco Cuisinés Cassegrain Tomate, Laurier 435g","p":1.78,"u":"7,12 €/KG","img":"https://fd13-photos.leclercdrive.fr/image.ashx?id=2952466&use=l&cat=p&typeid=i","cat":312606},{"id":62054,"n":"Courgettes Cuisinées Cassegrain à la Provençale 185g","p":2.19,"u":"11,84 €/KG","img":"https://fd13-photos.leclercdrive.fr/image.ashx?id=2913022&use=l&cat=p&typeid=i","cat":312612},{"id":62057,"n":"Champignons Eco+ Entiers - 230g","p":1.11,"u":"4,83 €/KG","img":"https://fd13-photos.leclercdrive.fr/image.ashx?id=2782999&use=l&cat=p&typeid=i","cat":312610},{"id":62066,"n":"Lentilles cuisinées façon Sud-Ouest Cassegrain 410g","p":2.1,"u":"5,12 €/KG","img":"https://fd13-photos.leclercdrive.fr/image.ashx?id=2862131&use=l&cat=p&typeid=i","cat":312609},{"id":62067,"n":"Flageolets Préparés Cassegrain Extra Fins 130g","p":1.03,"u":"7,92 €/KG","img":"https://fd13-photos.leclercdrive.fr/image.ashx?id=2912980&use=l&cat=p&typeid=i","cat":312606},{"id":62074,"n":"Kit Enchiladas Old El Paso extra doux - 585g","p":5.53,"u":"9,45 €/KG","img":"https://fd13-photos.leclercdrive.fr/image.ashx?id=2759505&use=l&cat=p&typeid=i","cat":288993},{"id":62083,"n":"Soda Schweppes Saveur Agrumes - 1L","p":1.59,"u":"1,59 €/L","img":"https://fd13-photos.leclercdrive.fr/image.ashx?id=2852414&use=l&cat=p&typeid=i","cat":284532},{"id":62093,"n":"Tortillas Barquitas Old El Paso de blé nature x8 - 193g","p":2.61,"u":"13,52 €/KG","img":"https://fd13-photos.leclercdrive.fr/image.ashx?id=2745346&use=l&cat=p&typeid=i","cat":288993},{"id":62094,"n":"Sauce fajitas Old El Paso à cuisiner doux - 395g","p":2.23,"u":"5,65 €/KG","img":"https://fd13-photos.leclercdrive.fr/image.ashx?id=2950852&use=l&cat=p&typeid=i","cat":288993},{"id":62095,"n":"Chips Tortilla Old El Paso Fajita - 185g","p":2.29,"u":"12,38 €/KG","img":"https://fd13-photos.leclercdrive.fr/image.ashx?id=2444522&use=l&cat=p&typeid=i","cat":288993},{"id":62098,"n":"Miel et gélée royale Lune de miel - 250g","p":6.39,"u":"25,56 €/KG","img":"https://fd13-photos.leclercdrive.fr/image.ashx?id=2327755&use=l&cat=p&typeid=i","cat":287643},{"id":62101,"n":"Miel l'Apiculteur liquide   et savoureux - 500g","p":6.92,"u":"13,84 €/KG","img":"https://fd13-photos.leclercdrive.fr/image.ashx?id=3008077&use=l&cat=p&typeid=i","cat":287643},{"id":62112,"n":"Compotes Pom'Potes Gourdes  Pomme Nature - 12x90g","p":4.89,"u":"4,53 €/KG","img":"https://fd13-photos.leclercdrive.fr/image.ashx?id=3010927&use=l&cat=p&typeid=i","cat":284508},{"id":62120,"n":"Cookies Choco Sensation Milka Chocolat au lait - 312g","p":3.97,"u":"12,72 €/KG","img":"https://fd13-photos.leclercdrive.fr/image.ashx?id=3002279&use=l&cat=p&typeid=i","cat":325066},{"id":62128,"n":"Biscuits fourrés Prince Tout chocolat - 300g","p":1.49,"u":"4,97 €/KG","img":"https://fd13-photos.leclercdrive.fr/image.ashx?id=2528801&use=l&cat=p&typeid=i","cat":284488},{"id":62130,"n":"Cookies extra moelleux Granola Pépites de chocolat - 312g","p":3.94,"u":"12,63 €/KG","img":"https://fd13-photos.leclercdrive.fr/image.ashx?id=2306723&use=l&cat=p&typeid=i","cat":325066},{"id":62142,"n":"Biscottes Braisor Heudebert  Nature - 500g","p":3.54,"u":"7,08 €/KG","img":"https://fd13-photos.leclercdrive.fr/image.ashx?id=2680176&use=l&cat=p&typeid=i","cat":284479},{"id":62146,"n":"Brioche La Fournée Dorée Tranchée crème fraiche - 500g","p":2.27,"u":"4,54 €/KG","img":"https://fd13-photos.leclercdrive.fr/image.ashx?id=2415365&use=l&cat=p&typeid=i","cat":284478},{"id":62162,"n":"Donuts Curly 100g","p":1.13,"u":"11,30 €/KG","img":"https://fd13-photos.leclercdrive.fr/image.ashx?id=2446836&use=l&cat=p&typeid=i","cat":284449},{"id":62226,"n":"Soda Coca-Cola Sans Sucres Bouteille - 1L","p":1.62,"u":"1,62 €/L","img":"https://fd13-photos.leclercdrive.fr/image.ashx?id=2194418&use=l&cat=p&typeid=i","cat":284530},{"id":62246,"n":"Soda au cola Pepsi La bouteille de 1.5L","p":1.16,"u":"0,77 €/L","img":"https://fd13-photos.leclercdrive.fr/image.ashx?id=2896318&use=l&cat=p&typeid=i","cat":284530},{"id":62251,"n":"Soda au cola Pepsi Zéro sucres La bouteille de 1.5L","p":1.15,"u":"0,77 €/L","img":"https://fd13-photos.leclercdrive.fr/image.ashx?id=2683130&use=l&cat=p&typeid=i","cat":284530},{"id":62252,"n":"Soda 7UP Citron et citron vert - 1.5L","p":1.19,"u":"0,79 €/L","img":"https://fd13-photos.leclercdrive.fr/image.ashx?id=2748545&use=l&cat=p&typeid=i","cat":284531},{"id":62303,"n":"yaourt fruits bio les 2 vaches brassé framboise - 4x115g","p":1.99,"u":"4,33 €/KG","img":"https://fd13-photos.leclercdrive.fr/image.ashx?id=2571533&use=l&cat=p&typeid=i","cat":284410},{"id":62333,"n":"Yaourt brassé Bio les 2 vaches Citron - 4x115g","p":1.99,"u":"4,33 €/KG","img":"https://fd13-photos.leclercdrive.fr/image.ashx?id=2571536&use=l&cat=p&typeid=i","cat":284410},{"id":62335,"n":"yaourt fruits bio les 2 vaches brassé myrtille - 4x115g","p":1.99,"u":"4,33 €/KG","img":"https://fd13-photos.leclercdrive.fr/image.ashx?id=2571530&use=l&cat=p&typeid=i","cat":284410},{"id":62340,"n":"Jus d'oranges pressées Andros 1.5L","p":4.24,"u":"2,83 €/L","img":"https://fd13-photos.leclercdrive.fr/image.ashx?id=2904272&use=l&cat=p&typeid=i","cat":285435},{"id":62359,"n":"Jus d'oranges pressées  Sans pulpe Andros - 1.5L","p":4.23,"u":"2,82 €/L","img":"https://fd13-photos.leclercdrive.fr/image.ashx?id=2876104&use=l&cat=p&typeid=i","cat":285435},{"id":62417,"n":"Jus de pamplemousse rose pressé Andros - 1L","p":3.19,"u":"3,19 €/L","img":"https://fd13-photos.leclercdrive.fr/image.ashx?id=2928423&use=l&cat=p&typeid=i","cat":285435},{"id":62454,"n":"Boisson aux fruits Fruit shoot Multivitamine - 12x20cl","p":4.71,"u":"1,96 €/L","img":"https://fd13-photos.leclercdrive.fr/image.ashx?id=2915733&use=l&cat=p&typeid=i","cat":295018},{"id":62481,"n":"Coton disque Bio Bionaïa x70","p":0.97,"u":"0,01 €/P","img":"https://fd13-photos.leclercdrive.fr/image.ashx?id=2434942&use=l&cat=p&typeid=i","cat":285593},{"id":62482,"n":"Coton-tige Bio Bionaïa x200 bâtonnets ouatés","p":0.86,"img":"https://fd13-photos.leclercdrive.fr/image.ashx?id=2598704&use=l&cat=p&typeid=i","cat":285593},{"id":62496,"n":"Biscuit bébé Blédina 12 mois Petit beurre - 133g","p":2.06,"u":"15,49 €/KG","img":"https://fd13-photos.leclercdrive.fr/image.ashx?id=2974288&use=l&cat=p&typeid=i","cat":312227},{"id":62497,"n":"Biscuit bébé Blédina 12 mois  Petit beurre pépites choco-133g","p":2.16,"u":"16,24 €/KG","img":"https://fd13-photos.leclercdrive.fr/image.ashx?id=2639344&use=l&cat=p&typeid=i","cat":312227},{"id":62555,"n":"Boissons aux fruits Fruit Shoot Tropical - 12x20cl","p":4.13,"u":"1,72 €/L","img":"https://fd13-photos.leclercdrive.fr/image.ashx?id=2915736&use=l&cat=p&typeid=i","cat":295018},{"id":62561,"n":"Rasoirs jetables Carré Homme 3 lames - x8","p":2.66,"u":"0,33 €/P","img":"https://fd13-photos.leclercdrive.fr/image.ashx?id=2869859&use=l&cat=p&typeid=i","cat":284616},{"id":62567,"n":"Papier toilette Mimosa Humide x50","p":1.29,"u":"0,03 €/P","img":"https://fd13-photos.leclercdrive.fr/image.ashx?id=2823126&use=l&cat=p&typeid=i","cat":284634},{"id":62568,"n":"Papier toilette Mimosa Humide douceur x50","p":1.29,"u":"0,03 €/P","img":"https://fd13-photos.leclercdrive.fr/image.ashx?id=2064606&use=l&cat=p&typeid=i","cat":284634},{"id":62571,"n":"Soda à l'orange Orangina 1L","p":1.72,"u":"1,72 €/L","img":"https://fd13-photos.leclercdrive.fr/image.ashx?id=2668413&use=l&cat=p&typeid=i","cat":284532},{"id":62572,"n":"Lime soda Sprink's Citron zero - 1.5L","p":1.08,"u":"0,72 €/L","img":"https://fd13-photos.leclercdrive.fr/image.ashx?id=2913742&use=l&cat=p&typeid=i","cat":284531},{"id":62573,"n":"Tonic soda Sprink's Zero - 1.5L","p":0.89,"u":"0,59 €/L","img":"https://fd13-photos.leclercdrive.fr/image.ashx?id=2913745&use=l&cat=p&typeid=i","cat":284531},{"id":62574,"n":"Bière ambrée Grimbergen 6,5° - 6x25cl","p":5.8,"u":"3,87 €/L","img":"https://fd13-photos.leclercdrive.fr/image.ashx?id=2293483&use=l&cat=p&typeid=i","cat":334852},{"id":62575,"n":"Coton disque Inell Rond confort x70","p":0.61,"u":"0,01 €/P","img":"https://fd13-photos.leclercdrive.fr/image.ashx?id=2169171&use=l&cat=p&typeid=i","cat":285593},{"id":62576,"n":"Bière blanche Grimbergen 6° - 6x25cl","p":4.95,"u":"3,30 €/L","img":"https://fd13-photos.leclercdrive.fr/image.ashx?id=2294375&use=l&cat=p&typeid=i","cat":334878},{"id":62581,"n":"Bière aromatisée Grimbergen Cerise 5,5° - 6x25cl","p":5.8,"u":"3,87 €/L","img":"https://fd13-photos.leclercdrive.fr/image.ashx?id=2312798&use=l&cat=p&typeid=i","cat":334878},{"id":62614,"n":"Pâte à tartiner Ovomaltine Crunchy - 360g","p":3.14,"u":"8,72 €/KG","img":"https://fd13-photos.leclercdrive.fr/image.ashx?id=2428645&use=l&cat=p&typeid=i","cat":284481},{"id":62619,"n":"Biscuits nappés Pépito Chocolat au lait - 2x192g","p":2.65,"u":"6,90 €/KG","img":"https://fd13-photos.leclercdrive.fr/image.ashx?id=2989444&use=l&cat=p&typeid=i","cat":284488},{"id":62641,"n":"Délice de dinde Isla Délice  Halal 8 tranches - 240g","p":3.65,"u":"15,21 €/KG","img":"https://fd13-photos.leclercdrive.fr/image.ashx?id=2457134&use=l&cat=p&typeid=i","cat":316013},{"id":62667,"n":"Brosse à dents Aquafresh Medium x1","p":1.12,"img":"https://fd13-photos.leclercdrive.fr/image.ashx?id=2454013&use=l&cat=p&typeid=i","cat":284614},{"id":62668,"n":"Brosse à dents Sensodyne Extra souple x1","p":2.07,"pp":1.45,"img":"https://fd13-photos.leclercdrive.fr/image.ashx?id=2923633&use=l&cat=p&typeid=i","cat":284614},{"id":62676,"n":"Gel douche bio So Bio Etic  Karité sans sulfate - 650ml","p":5.61,"u":"8,63 €/L","img":"https://fd13-photos.leclercdrive.fr/image.ashx?id=2850593&use=l&cat=p&typeid=i","cat":284594},{"id":62677,"n":"Gel douche bio So Bio Etic Aloe vera sans sulfate 650ml","p":5.66,"u":"8,71 €/L","img":"https://fd13-photos.leclercdrive.fr/image.ashx?id=2850596&use=l&cat=p&typeid=i","cat":284594},{"id":62678,"n":"Crème douche bio So Bio Etic Lait d'anesse - 650ml","p":5.49,"u":"8,45 €/L","img":"https://fd13-photos.leclercdrive.fr/image.ashx?id=2862515&use=l&cat=p&typeid=i","cat":284594},{"id":62682,"n":"Javel en gel Clair  Citron vert - 750ml","p":1.18,"u":"1,57 €/L","img":"https://fd13-photos.leclercdrive.fr/image.ashx?id=2843881&use=l&cat=p&typeid=i","cat":284661},{"id":62683,"n":"Détartrant Anti Calc Melitta Machine espresso - 2x40g","p":2.12,"u":"26,50 €/KG","img":"https://fd13-photos.leclercdrive.fr/image.ashx?id=2855346&use=l&cat=p&typeid=i","cat":284751},{"id":62687,"n":"Spray nasal Primoplast 100% eau de mer - 150ml","p":4.45,"u":"29,67 €/L","img":"https://fd13-photos.leclercdrive.fr/image.ashx?id=2955758&use=l&cat=p&typeid=i","cat":284630},{"id":62697,"n":"Nappe damassée Homeside Blanche - 8m","p":1.61,"img":"https://fd13-photos.leclercdrive.fr/image.ashx?id=1659708&use=l&cat=p&typeid=i","cat":334134},{"id":62710,"n":"Pâte à tartiner L. Georgelin Cacao Noisettes - 600g","p":6.67,"u":"11,12 €/KG","img":"https://fd13-photos.leclercdrive.fr/image.ashx?id=1638544&use=l&cat=p&typeid=i","cat":284481},{"id":62722,"n":"Biscuits fourrés Prince Chocolat lait - 300g","p":1.47,"u":"4,90 €/KG","img":"https://fd13-photos.leclercdrive.fr/image.ashx?id=2349070&use=l&cat=p&typeid=i","cat":284488},{"id":62723,"n":"Biscuits fourrés Prince Multi céréales - 293g","p":1.52,"u":"5,19 €/KG","img":"https://fd13-photos.leclercdrive.fr/image.ashx?id=2350993&use=l&cat=p&typeid=i","cat":284488},{"id":62724,"n":"Biscuits Double Crème Oreo Vanille - 157g","p":1.26,"u":"8,03 €/KG","img":"https://fd13-photos.leclercdrive.fr/image.ashx?id=2160198&use=l&cat=p&typeid=i","cat":284488},{"id":62725,"n":"Saucisson sec Saint-Azay  Maxi format - 600g","p":7.35,"u":"12,25 €/KG","img":"https://fd13-photos.leclercdrive.fr/image.ashx?id=2943686&use=l&cat=p&typeid=i","cat":316006},{"id":62726,"n":"Compote bio Bio Village Bocal pomme - 625g","p":2.07,"u":"3,31 €/KG","img":"https://fd13-photos.leclercdrive.fr/image.ashx?id=1948042&use=l&cat=p&typeid=i","cat":284508},{"id":62731,"n":"Abricots Douceur du Verger Sirop léger - 475 g","p":2.42,"u":"5,09 €/KG","img":"https://fd13-photos.leclercdrive.fr/image.ashx?id=2618235&use=l&cat=p&typeid=i","cat":284507},{"id":62733,"n":"Biscuits Choco Moo Milka Chocolat - 200g","p":1.72,"u":"8,60 €/KG","img":"https://fd13-photos.leclercdrive.fr/image.ashx?id=2990994&use=l&cat=p&typeid=i","cat":284488},{"id":62742,"n":"Gressins sésames bio Bio Village - 125g","p":1.52,"u":"12,16 €/KG","img":"https://fd13-photos.leclercdrive.fr/image.ashx?id=1944640&use=l&cat=p&typeid=i","cat":297000},{"id":62745,"n":"Palmiers bio Bio Village  Fromage - 100g","p":2.25,"u":"22,50 €/KG","img":"https://fd13-photos.leclercdrive.fr/image.ashx?id=1102083&use=l&cat=p&typeid=i","cat":297000},{"id":62749,"n":"Crackers Heudebert  Nature - 250g","p":1.54,"u":"6,16 €/KG","img":"https://fd13-photos.leclercdrive.fr/image.ashx?id=2670785&use=l&cat=p&typeid=i","cat":284479},{"id":62753,"n":"Noix de cajou Bio Village  Bio Grillées - 100g","p":2.1,"u":"21,00 €/KG","img":"https://fd13-photos.leclercdrive.fr/image.ashx?id=2664590&use=l&cat=p&typeid=i","cat":284448},{"id":62858,"n":"Biscuit Nature GERBLE  sans sucres ajoutés - 132g","p":2.07,"u":"15,68 €/KG","img":"https://fd13-photos.leclercdrive.fr/image.ashx?id=2662835&use=l&cat=p&typeid=i","cat":318653},{"id":62875,"n":"Confiture fraise Gerblé Sans sucres ajoutés - 320g","p":2.09,"u":"6,53 €/KG","img":"https://fd13-photos.leclercdrive.fr/image.ashx?id=2676678&use=l&cat=p&typeid=i","cat":318653},{"id":62937,"n":"Thon mariné Petit Navire Tomate séchée - 2x110g","p":3.84,"u":"17,45 €/KG","img":"https://fd13-photos.leclercdrive.fr/image.ashx?id=2522560&use=l&cat=p&typeid=i","cat":303867},{"id":63079,"n":"Thon Blanc MSC Petit Navire A l'huile d'olive - 160g","p":4.07,"u":"25,44 €/KG","img":"https://fd13-photos.leclercdrive.fr/image.ashx?id=2523852&use=l&cat=p&typeid=i","cat":303867},{"id":63170,"n":"Sucre de canne Daddy Petits morceaux - 1kg","p":3.31,"u":"3,31 €/KG","img":"https://fd13-photos.leclercdrive.fr/image.ashx?id=2276420&use=l&cat=p&typeid=i","cat":284502},{"id":63248,"n":"Biscuits fourrés Prince Maxi Chocolat - 2X250g","p":3.35,"u":"6,70 €/KG","img":"https://fd13-photos.leclercdrive.fr/image.ashx?id=2347308&use=l&cat=p&typeid=i","cat":284488},{"id":63284,"n":"AOP Champagne Canard Duchêne Charles VII Brut - 75cl","p":29.5,"pp":26.04,"u":"34,72 €/L","img":"https://fd13-photos.leclercdrive.fr/image.ashx?id=2174390&use=l&cat=p&typeid=i","cat":284542},{"id":63287,"n":"AOP Crémant de Bordeaux Malesan brut - 75cl","p":6.9,"pp":4.61,"u":"6,15 €/L","img":"https://fd13-photos.leclercdrive.fr/image.ashx?id=2497193&use=l&cat=p&typeid=i","cat":284545},{"id":63304,"n":"Pizza Crust Sodebo Classic Jambon Emmental - 600g","p":4.85,"u":"8,08 €/KG","img":"https://fd13-photos.leclercdrive.fr/image.ashx?id=3008254&use=l&cat=p&typeid=i","cat":333679},{"id":63503,"n":"Fromage Pavé d'Affinois Mini Mix 3 variétés - 160g","p":2.94,"u":"18,38 €/KG","img":"https://fd13-photos.leclercdrive.fr/image.ashx?id=3002066&use=l&cat=p&typeid=i","cat":314030},{"id":63519,"n":"Gnocchi Lustucru Selection  Maxi 650g","p":2.66,"u":"4,09 €/KG","img":"https://fd13-photos.leclercdrive.fr/image.ashx?id=2792387&use=l&cat=p&typeid=i","cat":333682},{"id":63520,"n":"Pizza crust Sodebo Cheesy 4 fromages - 580g","p":4.81,"u":"8,29 €/KG","img":"https://fd13-photos.leclercdrive.fr/image.ashx?id=2912098&use=l&cat=p&typeid=i","cat":333679},{"id":63521,"n":"Penne au saumon Marie Crème d'épinard - 280g","p":2.74,"u":"9,79 €/KG","img":"https://fd13-photos.leclercdrive.fr/image.ashx?id=2317519&use=l&cat=p&typeid=i","cat":333665},{"id":63528,"n":"Boisson énergisante Crazy Tiger Canette - 50cl","p":1.02,"u":"2,04 €/L","img":"https://fd13-photos.leclercdrive.fr/image.ashx?id=2859641&use=l&cat=p&typeid=i","cat":284533},{"id":63541,"n":"Sauce barbecue Rustica 560g","p":1.78,"u":"3,18 €/KG","img":"https://fd13-photos.leclercdrive.fr/image.ashx?id=2092948&use=l&cat=p&typeid=i","cat":318431},{"id":63608,"n":"Chèvre fouetté Soignon Nature - 140g","p":2.45,"u":"17,50 €/KG","img":"https://fd13-photos.leclercdrive.fr/image.ashx?id=2516602&use=l&cat=p&typeid=i","cat":314029},{"id":63632,"n":"Tartinade de poivrons confits Sud & Sol - 150g","p":2.55,"u":"17,00 €/KG","img":"https://fd13-photos.leclercdrive.fr/image.ashx?id=2986642&use=l&cat=p&typeid=i","cat":315999},{"id":63666,"n":"Chewing-gum Hollywood Menthe verte - 70g","p":2.14,"u":"30,57 €/KG","img":"https://fd13-photos.leclercdrive.fr/image.ashx?id=2683355&use=l&cat=p&typeid=i","cat":304251},{"id":63669,"n":"Chewing-gum Hollywood Menthe forte power fresh- 70g","p":2.37,"u":"33,86 €/KG","img":"https://fd13-photos.leclercdrive.fr/image.ashx?id=2670080&use=l&cat=p&typeid=i","cat":304251},{"id":63674,"n":"3 poivres Ducros Moulin - 34g","p":3.44,"u":"101,18 €/KG","img":"https://fd13-photos.leclercdrive.fr/image.ashx?id=2559460&use=l&cat=p&typeid=i","cat":284457},{"id":63676,"n":"Poivre blanc moulu Ducros 36g","p":2.88,"u":"80,00 €/KG","img":"https://fd13-photos.leclercdrive.fr/image.ashx?id=2203745&use=l&cat=p&typeid=i","cat":284457},{"id":63685,"n":"4 épices moulues Ducros 37g","p":1.49,"u":"40,27 €/KG","img":"https://fd13-photos.leclercdrive.fr/image.ashx?id=2983213&use=l&cat=p&typeid=i","cat":298297},{"id":63708,"n":"Jus multifruits Joker   Fruits et légumes  - 1L","p":2.09,"u":"2,09 €/L","img":"https://fd13-photos.leclercdrive.fr/image.ashx?id=2731180&use=l&cat=p&typeid=i","cat":284917},{"id":63712,"n":"AOC Martinique Rhum blanc  Agricole HSE 40° - 1L","p":15.92,"u":"15,92 €/L","img":"https://fd13-photos.leclercdrive.fr/image.ashx?id=2902019&use=l&cat=p&typeid=i","cat":284550},{"id":63716,"n":"AOC Martinique Rhum blanc Agricole HSE 55° - 1L","p":19.74,"u":"19,74 €/L","img":"https://fd13-photos.leclercdrive.fr/image.ashx?id=2021451&use=l&cat=p&typeid=i","cat":284550},{"id":63718,"n":"Rhum Vieux agricole HSE 40° - 70cl","p":24.25,"u":"34,64 €/L","img":"https://fd13-photos.leclercdrive.fr/image.ashx?id=2475753&use=l&cat=p&typeid=i","cat":284550},{"id":63722,"n":"Liqueur Herbes Jagermeister 35° - 70cl","p":19.27,"u":"27,53 €/L","img":"https://fd13-photos.leclercdrive.fr/image.ashx?id=2474740&use=l&cat=p&typeid=i","cat":286032},{"id":63756,"n":"Pur jus Tropicana Orange Pure Premium Avec pulpe - 1L","p":2.45,"u":"2,45 €/L","img":"https://fd13-photos.leclercdrive.fr/image.ashx?id=2605668&use=l&cat=p&typeid=i","cat":284521},{"id":63759,"n":"Pur Jus Jafaden Mutlifruits - 2L","p":2.75,"u":"1,38 €/L","img":"https://fd13-photos.leclercdrive.fr/image.ashx?id=2762955&use=l&cat=p&typeid=i","cat":284917},{"id":63762,"n":"Boisson aux fruits Oasis Tropical - 6x33cl","p":3.56,"u":"1,80 €/L","img":"https://fd13-photos.leclercdrive.fr/image.ashx?id=2900812&use=l&cat=p&typeid=i","cat":295018},{"id":63768,"n":"Boisson aux fruits Oasis Pomme Cassis Framboise - 6x33cl","p":3.59,"u":"1,81 €/L","img":"https://fd13-photos.leclercdrive.fr/image.ashx?id=3014449&use=l&cat=p&typeid=i","cat":295018},{"id":63776,"n":"Sirop Moulin de Valdonne Fraise des bois - 70cl","p":3.45,"u":"4,93 €/L","img":"https://fd13-photos.leclercdrive.fr/image.ashx?id=2170589&use=l&cat=p&typeid=i","cat":295020},{"id":63794,"n":"Soda Schweppes Saveur Citron - 6x33cl","p":3.66,"u":"1,85 €/L","img":"https://fd13-photos.leclercdrive.fr/image.ashx?id=2852743&use=l&cat=p&typeid=i","cat":284532},{"id":63795,"n":"Soda Schweppes Indian Tonic - 6x33cl","p":3.64,"u":"1,84 €/L","img":"https://fd13-photos.leclercdrive.fr/image.ashx?id=2852423&use=l&cat=p&typeid=i","cat":284531},{"id":63797,"n":"Soda Schweppes Saveur Agrumes - 6x33cl","p":3.5,"u":"1,77 €/L","img":"https://fd13-photos.leclercdrive.fr/image.ashx?id=2852737&use=l&cat=p&typeid=i","cat":284532},{"id":63798,"n":"Soda Schweppes Saveur Agrumes Zero - 6x33cl","p":3.07,"u":"1,55 €/L","img":"https://fd13-photos.leclercdrive.fr/image.ashx?id=2852740&use=l&cat=p&typeid=i","cat":284532},{"id":63814,"n":"Pur jus Tropicana Orange Pure Premium avec pulpe - 2x1L","p":5.13,"u":"2,57 €/L","img":"https://fd13-photos.leclercdrive.fr/image.ashx?id=2592690&use=l&cat=p&typeid=i","cat":284521},{"id":63824,"n":"Soda Coca-Cola Zéro Sans caféine - 1.25L","p":1.52,"u":"1,22 €/L","img":"https://fd13-photos.leclercdrive.fr/image.ashx?id=3009059&use=l&cat=p&typeid=i","cat":284530},{"id":63828,"n":"Concentré à diluer Pulco Citron Vert Menthe - 70cl","p":2.72,"u":"3,89 €/L","img":"https://fd13-photos.leclercdrive.fr/image.ashx?id=2687791&use=l&cat=p&typeid=i","cat":295020},{"id":63837,"n":"Champignons Eco+ Pieds et morceaux - 230g","p":0.82,"u":"3,57 €/KG","img":"https://fd13-photos.leclercdrive.fr/image.ashx?id=2783002&use=l&cat=p&typeid=i","cat":312610},{"id":63892,"n":"Capsules café L'Or Espresso Forza N°9 x10","p":3.13,"u":"60,19 €/KG","img":"https://fd13-photos.leclercdrive.fr/image.ashx?id=2393753&use=l&cat=p&typeid=i","cat":284749},{"id":63959,"n":"Burger le Charolais Côté Snack 180g","p":2.49,"u":"13,83 €/KG","img":"https://fd13-photos.leclercdrive.fr/image.ashx?id=2776292&use=l&cat=p&typeid=i","cat":333671},{"id":63960,"n":"Baguette Tradition  3x250g + 1 offerte","p":2.95,"u":"2,95 €/KG","img":"https://fd13-photos.leclercdrive.fr/image.ashx?id=2442057&use=l&cat=p&typeid=i","cat":284359},{"id":63971,"n":"Escalope cordon bleu Père dodu Poulet x4 - 400g - Familial","p":3.65,"u":"9,13 €/KG","img":"https://fd13-photos.leclercdrive.fr/image.ashx?id=2957173&use=l&cat=p&typeid=i","cat":333683},{"id":63990,"n":"Fromage Cantal jeune râpé NRT  AOP - 150g","p":2.39,"u":"15,93 €/KG","img":"https://fd13-photos.leclercdrive.fr/image.ashx?id=2494172&use=l&cat=p&typeid=i","cat":314035},{"id":63993,"n":"Crème glacée Eskiss  Douceur de vanille - 500g","p":3.91,"u":"7,82 €/KG","img":"https://fd13-photos.leclercdrive.fr/image.ashx?id=2982634&use=l&cat=p&typeid=i","cat":284263},{"id":63998,"n":"Nectar d'abricot Pays d'Oc NRT 1L","p":3.09,"u":"3,09 €/L","img":"https://fd13-photos.leclercdrive.fr/image.ashx?id=2988144&use=l&cat=p&typeid=i","cat":284915},{"id":64023,"n":"Soda cerise Sprink's 1.5L","p":1.69,"u":"1,13 €/L","img":"https://fd13-photos.leclercdrive.fr/image.ashx?id=2913751&use=l&cat=p&typeid=i","cat":284532},{"id":64024,"n":"Soda pomme Sprink's 1.5L","p":1.48,"u":"0,99 €/L","img":"https://fd13-photos.leclercdrive.fr/image.ashx?id=2913748&use=l&cat=p&typeid=i","cat":284532},{"id":64032,"n":"Pur jus d'orange Tropicana Sans pulpe - 2x1L","p":5.01,"u":"2,51 €/L","img":"https://fd13-photos.leclercdrive.fr/image.ashx?id=2605671&use=l&cat=p&typeid=i","cat":284521},{"id":64052,"n":"Bière blonde Castelain Grand cru 8.5% - 75cl","p":4.35,"u":"5,80 €/L","img":"https://fd13-photos.leclercdrive.fr/image.ashx?id=2139097&use=l&cat=p&typeid=i","cat":334872},{"id":64057,"n":"Bière Desperados Red 12x33cl","p":15.97,"u":"4,03 €/L","img":"https://fd13-photos.leclercdrive.fr/image.ashx?id=2651074&use=l&cat=p&typeid=i","cat":334878},{"id":64109,"n":"Fromage blanc Délisse 3.2%mg 12x100g","p":2.69,"u":"2,24 €/KG","img":"https://fd13-photos.leclercdrive.fr/image.ashx?id=3012848&use=l&cat=p&typeid=i","cat":284409},{"id":64121,"n":"Vinaigrette balsamique Puget Ciboulette échalote - 330ml","p":2.25,"u":"6,82 €/L","img":"https://fd13-photos.leclercdrive.fr/image.ashx?id=2144449&use=l&cat=p&typeid=i","cat":284456},{"id":64128,"n":"Eau Minérale Courmayeur 6x50cl","p":1.88,"u":"0,63 €/L","img":"https://fd13-photos.leclercdrive.fr/image.ashx?id=2964102&use=l&cat=p&typeid=i","cat":284535},{"id":64170,"n":"Surimi Petits Coraya Sauce mayonnaise  x21 - 210g","p":2.72,"u":"12,95 €/KG","img":"https://fd13-photos.leclercdrive.fr/image.ashx?id=2968880&use=l&cat=p&typeid=i","cat":285189},{"id":64191,"n":"Tomates cerises allongées Panier du Primeur - 250g","p":1.49,"u":"5,96 €/KG","img":"https://fd13-photos.leclercdrive.fr/image.ashx?id=2988099&use=l&cat=p&typeid=i","cat":284352},{"id":64493,"n":"Liquide vaisselle Rainett Citron vert - 750ml","p":1.76,"u":"2,35 €/L","img":"https://fd13-photos.leclercdrive.fr/image.ashx?id=2293096&use=l&cat=p&typeid=i","cat":284655},{"id":64621,"n":"Pop Corn Rigopop Sucré - 400g","p":2.95,"u":"7,38 €/KG","img":"https://fd13-photos.leclercdrive.fr/image.ashx?id=2734930&use=l&cat=p&typeid=i","cat":304249},{"id":64666,"n":"Gâteaux moelleux Kinder Délice Coeur lait enrobé Cacao - x10","p":3.32,"u":"8,51 €/KG","img":"https://fd13-photos.leclercdrive.fr/image.ashx?id=2832476&use=l&cat=p&typeid=i","cat":284495},{"id":64669,"n":"Biscuits apéritif Lay's 3D's Goût cacahètes - 150g","p":1.51,"u":"10,07 €/KG","img":"https://fd13-photos.leclercdrive.fr/image.ashx?id=2916827&use=l&cat=p&typeid=i","cat":284449},{"id":64672,"n":"Cacahuètes  Benenuts Grillées à sec - 120g","p":1.03,"u":"8,58 €/KG","img":"https://fd13-photos.leclercdrive.fr/image.ashx?id=2397857&use=l&cat=p&typeid=i","cat":284448},{"id":64680,"n":"Soupe liquide Liebig Potiron Kiri Brique - 2x30cl","p":2.38,"u":"3,97 €/L","img":"https://fd13-photos.leclercdrive.fr/image.ashx?id=2892136&use=l&cat=p&typeid=i","cat":284462},{"id":64684,"n":"Soupe liquide brique Liebig  Légumes façon Poêlée - 2x30cl","p":2.4,"u":"4,00 €/L","img":"https://fd13-photos.leclercdrive.fr/image.ashx?id=2598073&use=l&cat=p&typeid=i","cat":284462},{"id":64685,"n":"Soupe liquide Liebig  Potiron - 2x30cl","p":2.07,"u":"3,45 €/L","img":"https://fd13-photos.leclercdrive.fr/image.ashx?id=2369915&use=l&cat=p&typeid=i","cat":284462},{"id":64686,"n":"Soupe liquide brique Liebig  Velouté légumes soleil - 2x30cl","p":1.9,"u":"3,17 €/L","img":"https://fd13-photos.leclercdrive.fr/image.ashx?id=2203382&use=l&cat=p&typeid=i","cat":284462},{"id":64692,"n":"Chocolat Pâtissier Nestlé Dessert - Noir corsé - 200g","p":3.07,"u":"15,35 €/KG","img":"https://fd13-photos.leclercdrive.fr/image.ashx?id=2889895&use=l&cat=p&typeid=i","cat":285562},{"id":64889,"n":"Végétal Nuggets Garden Gourmet Soja et Blé 200g","p":2.41,"u":"12,05 €/KG","img":"https://fd13-photos.leclercdrive.fr/image.ashx?id=2963967&use=l&cat=p&typeid=i","cat":316036},{"id":64890,"n":"Bouchée Grillée Garden Gourmet Soja et Blé 175g","p":3.07,"u":"17,54 €/KG","img":"https://fd13-photos.leclercdrive.fr/image.ashx?id=2971392&use=l&cat=p&typeid=i","cat":316036},{"id":64897,"n":"Tortellini à poêler Lustucru Jambon emmental - 300g","p":2.18,"u":"7,27 €/KG","img":"https://fd13-photos.leclercdrive.fr/image.ashx?id=2792393&use=l&cat=p&typeid=i","cat":333682},{"id":64910,"n":"Secret de mousse La Laitière Citron - 4x59g","p":1.65,"u":"6,99 €/KG","img":"https://fd13-photos.leclercdrive.fr/image.ashx?id=2616532&use=l&cat=p&typeid=i","cat":284417},{"id":64929,"n":"Collants Body Touch Dim Voile noir - Taille 1","p":6.95,"img":"https://fd13-photos.leclercdrive.fr/image.ashx?id=2862077&use=l&cat=p&typeid=i","cat":334130},{"id":64934,"n":"Collants Body Touch Dim Voile noir - Taille 2","p":6.95,"img":"https://fd13-photos.leclercdrive.fr/image.ashx?id=3008041&use=l&cat=p&typeid=i","cat":334130},{"id":64935,"n":"Collants Body Touch Dim Voile noir - Taille 3","p":6.95,"img":"https://fd13-photos.leclercdrive.fr/image.ashx?id=3008044&use=l&cat=p&typeid=i","cat":334130},{"id":64936,"n":"Collants Body Touch Dim Voile noir - Taille 4","p":6.95,"img":"https://fd13-photos.leclercdrive.fr/image.ashx?id=2876086&use=l&cat=p&typeid=i","cat":334130},{"id":64942,"n":"Colllants Sublim brillant Dim Gazelle - Taille 3","p":5.4,"img":"https://fd13-photos.leclercdrive.fr/image.ashx?id=2183443&use=l&cat=p&typeid=i","cat":334130},{"id":64944,"n":"Collants Sublim brillant Dim Gazelle - Taille 5","p":5.4,"img":"https://fd13-photos.leclercdrive.fr/image.ashx?id=2176638&use=l&cat=p&typeid=i","cat":334130},{"id":64945,"n":"Collants Sublim brillant Dim Gazelle - Taille 6","p":5.4,"img":"https://fd13-photos.leclercdrive.fr/image.ashx?id=2176641&use=l&cat=p&typeid=i","cat":334130},{"id":64946,"n":"Collants Diam's Dim Voile galbe Noir - Taille 1","p":6.2,"img":"https://fd13-photos.leclercdrive.fr/image.ashx?id=2497076&use=l&cat=p&typeid=i","cat":334130},{"id":64947,"n":"Collants Diam's Dim Voile galbe Noir - Taille 2","p":6.2,"img":"https://fd13-photos.leclercdrive.fr/image.ashx?id=2497079&use=l&cat=p&typeid=i","cat":334130},{"id":64948,"n":"Collants Diam's Dim Voile galbe Noir - Taille 3","p":6.2,"img":"https://fd13-photos.leclercdrive.fr/image.ashx?id=2497082&use=l&cat=p&typeid=i","cat":334130},{"id":64949,"n":"Collants Diam's Dim Voile galbe Noir - Taille 4","p":6.2,"img":"https://fd13-photos.leclercdrive.fr/image.ashx?id=2534656&use=l&cat=p&typeid=i","cat":334130},{"id":65013,"n":"AIRWICK Spray Désodorisant  Pure Rafraichissant - 250ml","p":3.39,"u":"13,56 €/L","img":"https://fd13-photos.leclercdrive.fr/image.ashx?id=2962011&use=l&cat=p&typeid=i","cat":311626},{"id":65044,"n":"Biscuits petit déjeuner Belvita Miel & pépites chocolat - 435g","p":2.69,"u":"6,18 €/KG","img":"https://fd13-photos.leclercdrive.fr/image.ashx?id=2989441&use=l&cat=p&typeid=i","cat":284491},{"id":65048,"n":"Barres céréales Grany Fraises framboises - 108g","p":1.95,"u":"18,06 €/KG","img":"https://fd13-photos.leclercdrive.fr/image.ashx?id=2834350&use=l&cat=p&typeid=i","cat":285869},{"id":65061,"n":"Eau aromatisée Volvic zest  citron vert citron - 1,5L","p":1.23,"u":"0,82 €/L","img":"https://fd13-photos.leclercdrive.fr/image.ashx?id=2730259&use=l&cat=p&typeid=i","cat":284537},{"id":65253,"n":"Collants Diam's Dim Ventre plat Noir - Taille 2","p":9.85,"img":"https://fd13-photos.leclercdrive.fr/image.ashx?id=2636799&use=l&cat=p&typeid=i","cat":334130},{"id":65255,"n":"Collants Diam's Dim Ventre plat Noir - Taille 3","p":9.85,"img":"https://fd13-photos.leclercdrive.fr/image.ashx?id=2636802&use=l&cat=p&typeid=i","cat":334130},{"id":65257,"n":"Collants Diam's Dim Ventre plat Noir - Taille 4","p":9.85,"img":"https://fd13-photos.leclercdrive.fr/image.ashx?id=2636808&use=l&cat=p&typeid=i","cat":334130},{"id":65336,"n":"Café dosettes Tassimo L'Or Espresso Splendente x16","p":4.87,"u":"43,48 €/KG","img":"https://fd13-photos.leclercdrive.fr/image.ashx?id=2853404&use=l&cat=p&typeid=i","cat":293240},{"id":65337,"n":"Epices pour fajitas Old El Paso doux - 30g","p":1.4,"u":"46,67 €/KG","img":"https://fd13-photos.leclercdrive.fr/image.ashx?id=2737702&use=l&cat=p&typeid=i","cat":288993},{"id":65341,"n":"Bonbons LUTTI Koala Guimauve Chocolat - 185g","p":1.57,"u":"8,49 €/KG","img":"https://fd13-photos.leclercdrive.fr/image.ashx?id=2806147&use=l&cat=p&typeid=i","cat":304250},{"id":65342,"n":"Bonbons LUTTI Surffizz Piquants Fruits - 200g","p":1.17,"u":"5,85 €/KG","img":"https://fd13-photos.leclercdrive.fr/image.ashx?id=2806144&use=l&cat=p&typeid=i","cat":304250},{"id":65366,"n":"Bière blonde Affligem Pack 6.7% vol. - 20x25cl","p":14.21,"u":"2,84 €/L","img":"https://fd13-photos.leclercdrive.fr/image.ashx?id=2774274&use=l&cat=p&typeid=i","cat":334852},{"id":65426,"n":"Olives dénoyautées Croc Frais Méditerranéenne - 500g","p":4.46,"u":"8,92 €/KG","img":"https://fd13-photos.leclercdrive.fr/image.ashx?id=2589416&use=l&cat=p&typeid=i","cat":316002},{"id":65904,"n":"Liniment Mots d'Enfants 500ml","p":3.9,"u":"7,80 €/L","img":"https://fd13-photos.leclercdrive.fr/image.ashx?id=2290721&use=l&cat=p&typeid=i","cat":284741},{"id":65926,"n":"Guacamole Extra l'Atelier Blini 175g","p":3.28,"u":"18,74 €/KG","img":"https://fd13-photos.leclercdrive.fr/image.ashx?id=2852504&use=l&cat=p&typeid=i","cat":315999},{"id":65932,"n":"Pizza Dolce Sodebo Capri chèvre coppa - 380g","p":4.05,"u":"10,66 €/KG","img":"https://fd13-photos.leclercdrive.fr/image.ashx?id=2889412&use=l&cat=p&typeid=i","cat":333679},{"id":65973,"n":"Abricots Douceur du Verger Sirop léger - 235 g","p":1.44,"u":"6,13 €/KG","img":"https://fd13-photos.leclercdrive.fr/image.ashx?id=2622891&use=l&cat=p&typeid=i","cat":284507},{"id":66076,"n":"Bière ambrée Bio Jade  4.5%vol - 6x25cl","p":5.16,"u":"3,44 €/L","img":"https://fd13-photos.leclercdrive.fr/image.ashx?id=2518154&use=l&cat=p&typeid=i","cat":334852},{"id":66245,"n":"Bougies d'anniversaire Vahiné Roses - blister de 16 bougies","p":1.45,"u":"0,09 €/P","img":"https://fd13-photos.leclercdrive.fr/image.ashx?id=1209488&use=l&cat=p&typeid=i","cat":284504},{"id":66279,"n":"Roquefort AOP Les croisés - 32%mg - 100g","p":2.15,"u":"21,50 €/KG","img":"https://fd13-photos.leclercdrive.fr/image.ashx?id=2562885&use=l&cat=p&typeid=i","cat":314032},{"id":66282,"n":"Bresaola Saint-Azay 7 tranches - 70g","p":2.99,"u":"42,71 €/KG","img":"https://fd13-photos.leclercdrive.fr/image.ashx?id=2946460&use=l&cat=p&typeid=i","cat":316007},{"id":66284,"n":"Saucisson sec Saint-Azay 30 tranches - 100g","p":1.43,"u":"14,30 €/KG","img":"https://fd13-photos.leclercdrive.fr/image.ashx?id=2907213&use=l&cat=p&typeid=i","cat":316007},{"id":66289,"n":"Barre Chocolat Noisettes Nuts x6 barres - 252g","p":3.45,"u":"13,69 €/KG","img":"https://fd13-photos.leclercdrive.fr/image.ashx?id=2991006&use=l&cat=p&typeid=i","cat":284498},{"id":66293,"n":"Eau aromatisée Volvic juicy jus de fraise - 6x50cl","p":4.21,"u":"1,40 €/L","img":"https://fd13-photos.leclercdrive.fr/image.ashx?id=2961996&use=l&cat=p&typeid=i","cat":284537},{"id":66359,"n":"Café moulu Jacques Vabre Colombie 100% Arabica - 250g","p":4.38,"u":"17,52 €/KG","img":"https://fd13-photos.leclercdrive.fr/image.ashx?id=2570754&use=l&cat=p&typeid=i","cat":284750},{"id":66366,"n":"Déodorant compressé Sanex  Zéro % Extra control - 100ml","p":3.5,"u":"35,00 €/L","img":"https://fd13-photos.leclercdrive.fr/image.ashx?id=2664274&use=l&cat=p&typeid=i","cat":284618},{"id":66368,"n":"Déodorant sanex zéro % spray  compressé peau sensible - 100ml","p":3.37,"u":"33,70 €/L","img":"https://fd13-photos.leclercdrive.fr/image.ashx?id=2692851&use=l&cat=p&typeid=i","cat":284618},{"id":66417,"n":"Biscuits Mikado LU Chocolat au lait - 300g","p":4.9,"u":"16,33 €/KG","img":"https://fd13-photos.leclercdrive.fr/image.ashx?id=2347284&use=l&cat=p&typeid=i","cat":284488},{"id":66418,"n":"Biscuits Oreo Vanille - 220g","p":1.97,"u":"8,95 €/KG","img":"https://fd13-photos.leclercdrive.fr/image.ashx?id=2324285&use=l&cat=p&typeid=i","cat":284488},{"id":66555,"n":"Café moulu Bio Village Bio Ethiopie - 250g","p":4.35,"u":"17,40 €/KG","img":"https://fd13-photos.leclercdrive.fr/image.ashx?id=2468876&use=l&cat=p&typeid=i","cat":284750},{"id":66651,"n":"Doonuts nappés St Michel 180g","p":1.76,"u":"9,78 €/KG","img":"https://fd13-photos.leclercdrive.fr/image.ashx?id=2928495&use=l&cat=p&typeid=i","cat":284495},{"id":66652,"n":"Doonuts marbrés St Michel 180g","p":1.82,"u":"10,11 €/KG","img":"https://fd13-photos.leclercdrive.fr/image.ashx?id=2962299&use=l&cat=p&typeid=i","cat":284495},{"id":66666,"n":"Cacahuètes Benenuts-Twinuts Bacon format familial - 260g","p":1.9,"u":"7,31 €/KG","img":"https://fd13-photos.leclercdrive.fr/image.ashx?id=2967747&use=l&cat=p&typeid=i","cat":284448},{"id":66739,"n":"Petits Pots  - P'tite Recette  Paëlla - dès 12 mois - 2x200g","p":2.36,"u":"5,90 €/KG","img":"https://fd13-photos.leclercdrive.fr/image.ashx?id=2525693&use=l&cat=p&typeid=i","cat":312237},{"id":66740,"n":"P'tite Recette Nestlé Lentilles Vertes Jambon 12 mois - 2x200g","p":2.21,"u":"5,53 €/KG","img":"https://fd13-photos.leclercdrive.fr/image.ashx?id=2525690&use=l&cat=p&typeid=i","cat":312237},{"id":66746,"n":"Tomme de brebis Lou Pérac Fromage de brebis - 200g","p":4.11,"u":"20,55 €/KG","img":"https://fd13-photos.leclercdrive.fr/image.ashx?id=2758840&use=l&cat=p&typeid=i","cat":329184},{"id":66751,"n":"Boisson à l'amande Végé 1L Végé - 200g","p":1.85,"u":"1,85 €/L","img":"https://fd13-photos.leclercdrive.fr/image.ashx?id=2874699&use=l&cat=p&typeid=i","cat":316067},{"id":66752,"n":"Boisson au riz Végé 1L Végé - 200g","p":1.55,"u":"1,55 €/L","img":"https://fd13-photos.leclercdrive.fr/image.ashx?id=2896030&use=l&cat=p&typeid=i","cat":316067},{"id":66754,"n":"Boisson a l'avoine Végé 1L Végé - 200g","p":1.47,"u":"1,47 €/L","img":"https://fd13-photos.leclercdrive.fr/image.ashx?id=2869501&use=l&cat=p&typeid=i","cat":316067},{"id":66755,"n":"Boisson à la noisette Végé 1L Végé - 200g","p":1.79,"u":"1,79 €/L","img":"https://fd13-photos.leclercdrive.fr/image.ashx?id=2869504&use=l&cat=p&typeid=i","cat":316067},{"id":66757,"n":"Soja cuisine Bio Bio Village Végétal - 25cl","p":0.95,"u":"3,80 €/L","img":"https://fd13-photos.leclercdrive.fr/image.ashx?id=2791060&use=l&cat=p&typeid=i","cat":316069},{"id":66761,"n":"Mini gratins Côté Table Légumes du soleil - 400g","p":3.69,"u":"9,23 €/KG","img":"https://fd13-photos.leclercdrive.fr/image.ashx?id=2196823&use=l&cat=p&typeid=i","cat":319802},{"id":66785,"n":"Biscuits Nat&Vie Soja/figue 200g","p":1.26,"u":"6,30 €/KG","img":"https://fd13-photos.leclercdrive.fr/image.ashx?id=2460619&use=l&cat=p&typeid=i","cat":318651},{"id":66787,"n":"Biscuits Nat&Vie  Chocolat - 200g","p":1.07,"u":"5,35 €/KG","img":"https://fd13-photos.leclercdrive.fr/image.ashx?id=1209125&use=l&cat=p&typeid=i","cat":318651},{"id":66793,"n":"Biscuits Nat&Vie Sésame - 200g","p":1.15,"u":"5,75 €/KG","img":"https://fd13-photos.leclercdrive.fr/image.ashx?id=2390428&use=l&cat=p&typeid=i","cat":318651},{"id":66803,"n":"Biscuits Nutella B-ready Cacao noisettes - 330g","p":4.06,"u":"12,30 €/KG","img":"https://fd13-photos.leclercdrive.fr/image.ashx?id=2770599&use=l&cat=p&typeid=i","cat":284488},{"id":66804,"n":"Biscuits Nutella B-ready Cacao Noisettes - 220g","p":2.76,"u":"12,55 €/KG","img":"https://fd13-photos.leclercdrive.fr/image.ashx?id=2630784&use=l&cat=p&typeid=i","cat":284488},{"id":66808,"n":"Miel de France Côté Miel  Crémeux - 500g","p":6.94,"u":"13,88 €/KG","img":"https://fd13-photos.leclercdrive.fr/image.ashx?id=2314680&use=l&cat=p&typeid=i","cat":287643},{"id":66809,"n":"Gousses vanille Vahiné  3g","p":3.97,"img":"https://fd13-photos.leclercdrive.fr/image.ashx?id=2524314&use=l&cat=p&typeid=i","cat":284504},{"id":66811,"n":"Tablette de chocolat Côte d'Or Lait Noisettes - 2x180g","p":6.84,"u":"19,00 €/KG","img":"https://fd13-photos.leclercdrive.fr/image.ashx?id=2850231&use=l&cat=p&typeid=i","cat":284497},{"id":66823,"n":"Biscuits petit déjeuner Belvita Miel & pépites chocolat - 650g","p":3.84,"u":"5,91 €/KG","img":"https://fd13-photos.leclercdrive.fr/image.ashx?id=2345487&use=l&cat=p&typeid=i","cat":284491},{"id":66837,"n":"Gel coiffant Vitanove  Fixation extra forte - 250ml","p":1.29,"u":"5,16 €/L","img":"https://fd13-photos.leclercdrive.fr/image.ashx?id=2836325&use=l&cat=p&typeid=i","cat":284609},{"id":66838,"n":"Gel coiffant Vitanove  Fixation béton - 250ml","p":1.61,"u":"6,44 €/L","img":"https://fd13-photos.leclercdrive.fr/image.ashx?id=2823087&use=l&cat=p&typeid=i","cat":284609},{"id":66841,"n":"Déodorant bille Manava Grenade - 50ml","p":0.99,"u":"19,80 €/L","img":"https://fd13-photos.leclercdrive.fr/image.ashx?id=2481234&use=l&cat=p&typeid=i","cat":284595},{"id":66843,"n":"Bandes de cire froide Siliss Visage - x32","p":2.19,"u":"0,07 €/P","img":"https://fd13-photos.leclercdrive.fr/image.ashx?id=2699708&use=l&cat=p&typeid=i","cat":325351},{"id":66844,"n":"Bandes de cire froide Siliss Jambes - x20","p":2.3,"u":"0,12 €/P","img":"https://fd13-photos.leclercdrive.fr/image.ashx?id=2842316&use=l&cat=p&typeid=i","cat":325351},{"id":66965,"n":"Matière grasse Primevere Oméga 3 - 55% - 500g","p":2.95,"u":"5,90 €/KG","img":"https://fd13-photos.leclercdrive.fr/image.ashx?id=2939328&use=l&cat=p&typeid=i","cat":315229},{"id":66967,"n":"Matière grasse Primevere 63%MG - oméga 3 - 500g","p":3.32,"u":"6,64 €/KG","img":"https://fd13-photos.leclercdrive.fr/image.ashx?id=2936044&use=l&cat=p&typeid=i","cat":315229},{"id":66968,"n":"Beurre tendre Président Doux - 82% MG - 250g","p":3.16,"u":"12,64 €/KG","img":"https://fd13-photos.leclercdrive.fr/image.ashx?id=2811944&use=l&cat=p&typeid=i","cat":284379},{"id":66969,"n":"Pommes de terre Notre Jardin En lamelle - 500g","p":1.38,"u":"2,76 €/KG","img":"https://fd13-photos.leclercdrive.fr/image.ashx?id=2670335&use=l&cat=p&typeid=i","cat":284352},{"id":66974,"n":"Quart de jambon sec Saint Azay 18 tranches - 220g","p":2.84,"u":"12,91 €/KG","img":"https://fd13-photos.leclercdrive.fr/image.ashx?id=2874386&use=l&cat=p&typeid=i","cat":316007},{"id":66982,"n":"Truite eau douce Ronde des Mers x4 tranches - 100g","p":3.24,"u":"32,40 €/KG","img":"https://fd13-photos.leclercdrive.fr/image.ashx?id=2839924&use=l&cat=p&typeid=i","cat":285188},{"id":66985,"n":"Roulés au fromage Côté Table x2 - 260g","p":2.32,"u":"8,92 €/KG","img":"https://fd13-photos.leclercdrive.fr/image.ashx?id=2794838&use=l&cat=p&typeid=i","cat":333671},{"id":66989,"n":"Yaourt bifidus Activia céréales noix - 4x120g","p":2.13,"u":"4,44 €/KG","img":"https://fd13-photos.leclercdrive.fr/image.ashx?id=2901623&use=l&cat=p&typeid=i","cat":315000},{"id":66990,"n":"Yaourt bifidus Activia céréales muesli - 4x120g","p":2.04,"u":"4,25 €/KG","img":"https://fd13-photos.leclercdrive.fr/image.ashx?id=2901620&use=l&cat=p&typeid=i","cat":315000},{"id":67042,"n":"Vin du Chili rouge Cabernet Sauvignon Gato Negro 75cl","p":4.51,"u":"6,01 €/L","img":"https://fd13-photos.leclercdrive.fr/image.ashx?id=2846168&use=l&cat=p&typeid=i","cat":289556},{"id":67090,"n":"Soupe Doux Plaisir Liebig  Légumes et kiri - 1L","p":2.76,"u":"2,76 €/L","img":"https://fd13-photos.leclercdrive.fr/image.ashx?id=2186706&use=l&cat=p&typeid=i","cat":284462},{"id":67091,"n":"Soupe Liquide Bio Liebig Mouliné de Légumes Brique - 1L","p":2.78,"u":"2,78 €/L","img":"https://fd13-photos.leclercdrive.fr/image.ashx?id=2939202&use=l&cat=p&typeid=i","cat":284462},{"id":67143,"n":"Quatro de graines Daco Bello Grillées - Non salées - 175g","p":4.22,"u":"24,11 €/KG","img":"https://fd13-photos.leclercdrive.fr/image.ashx?id=2298544&use=l&cat=p&typeid=i","cat":284357},{"id":67150,"n":"Croustilles Belin Emmental - 4x138g","p":4.25,"u":"7,70 €/KG","img":"https://fd13-photos.leclercdrive.fr/image.ashx?id=2539025&use=l&cat=p&typeid=i","cat":284449},{"id":67151,"n":"Croustilles Belin Cacahuète - 4x138g","p":4.25,"u":"7,70 €/KG","img":"https://fd13-photos.leclercdrive.fr/image.ashx?id=2940477&use=l&cat=p&typeid=i","cat":284449},{"id":67152,"n":"Tablette de chocolat noir Lindt Zestes de citron vert - 2x100g","p":4.48,"u":"22,40 €/KG","img":"https://fd13-photos.leclercdrive.fr/image.ashx?id=2230887&use=l&cat=p&typeid=i","cat":284956},{"id":67153,"n":"Tablette de chocolat noir Lindt Noir : 70% cacao - 2x100g","p":4.48,"u":"22,40 €/KG","img":"https://fd13-photos.leclercdrive.fr/image.ashx?id=2153267&use=l&cat=p&typeid=i","cat":284956},{"id":67155,"n":"Tablette de chocolat noir Lindt Orange intense - 2x100g","p":4.48,"u":"22,40 €/KG","img":"https://fd13-photos.leclercdrive.fr/image.ashx?id=2153273&use=l&cat=p&typeid=i","cat":284956},{"id":67156,"n":"Tablette de chocolat noir Lindt Caramel Pointe de sel - 2x100g","p":4.48,"u":"22,40 €/KG","img":"https://fd13-photos.leclercdrive.fr/image.ashx?id=2153276&use=l&cat=p&typeid=i","cat":284956},{"id":67305,"n":"Cordon de poulet Maître Coq A la Normande - 800g","p":6.4,"u":"8,00 €/KG","img":"https://fd13-photos.leclercdrive.fr/image.ashx?id=2426935&use=l&cat=p&typeid=i","cat":333683},{"id":67392,"n":"Boisson aux fruits gazeuses Pulpe orange - 1,5L","p":1.17,"u":"0,78 €/L","img":"https://fd13-photos.leclercdrive.fr/image.ashx?id=2754198&use=l&cat=p&typeid=i","cat":284532},{"id":67393,"n":"Beurre gastronomique Président Doux - 82% MG - 250g","p":2.78,"u":"11,12 €/KG","img":"https://fd13-photos.leclercdrive.fr/image.ashx?id=3011104&use=l&cat=p&typeid=i","cat":284379},{"id":67421,"n":"Soupe Bio Mouliné Knorr Légumes du potager - 1L","p":3.28,"u":"3,28 €/L","img":"https://fd13-photos.leclercdrive.fr/image.ashx?id=2312578&use=l&cat=p&typeid=i","cat":284462},{"id":67459,"n":"Haricots blancs Eco+ 530g","p":0.95,"u":"1,79 €/KG","img":"https://fd13-photos.leclercdrive.fr/image.ashx?id=3003717&use=l&cat=p&typeid=i","cat":312606},{"id":67460,"n":"Champignons Pieds morceaux - 460g","p":1.42,"u":"3,09 €/KG","img":"https://fd13-photos.leclercdrive.fr/image.ashx?id=1959981&use=l&cat=p&typeid=i","cat":312610},{"id":67522,"n":"Chili con carne Côté Table Au piment de Cayenne - 400g","p":1.65,"u":"4,13 €/KG","img":"https://fd13-photos.leclercdrive.fr/image.ashx?id=2977174&use=l&cat=p&typeid=i","cat":325094},{"id":67568,"n":"Curry moulu Rustica 42g","p":0.55,"u":"13,10 €/KG","img":"https://fd13-photos.leclercdrive.fr/image.ashx?id=2772975&use=l&cat=p&typeid=i","cat":298297},{"id":67569,"n":"Oignon semoule Rustica Déshydraté - 30g","p":0.99,"u":"33,00 €/KG","img":"https://fd13-photos.leclercdrive.fr/image.ashx?id=2772978&use=l&cat=p&typeid=i","cat":298297},{"id":67570,"n":"Poivre noir moulu Rustica Indonésie - 38g","p":0.81,"u":"21,32 €/KG","img":"https://fd13-photos.leclercdrive.fr/image.ashx?id=2797793&use=l&cat=p&typeid=i","cat":284457},{"id":67571,"n":"Poivre noir Rustica Moulin - 28g","p":1.22,"u":"43,57 €/KG","img":"https://fd13-photos.leclercdrive.fr/image.ashx?id=2932674&use=l&cat=p&typeid=i","cat":284457},{"id":67572,"n":"Ciboulette Rustica 4g","p":0.43,"u":"107,50 €/KG","img":"https://fd13-photos.leclercdrive.fr/image.ashx?id=2772990&use=l&cat=p&typeid=i","cat":298297},{"id":67573,"n":"Cumin moulu Rustica 32g","p":0.59,"u":"18,44 €/KG","img":"https://fd13-photos.leclercdrive.fr/image.ashx?id=2772963&use=l&cat=p&typeid=i","cat":298297},{"id":67620,"n":"Persil Rustica 5g","p":0.39,"u":"78,00 €/KG","img":"https://fd13-photos.leclercdrive.fr/image.ashx?id=2772969&use=l&cat=p&typeid=i","cat":298297},{"id":67621,"n":"Paprika doux moulu Rustica  40g","p":0.49,"u":"12,25 €/KG","img":"https://fd13-photos.leclercdrive.fr/image.ashx?id=2772966&use=l&cat=p&typeid=i","cat":298297},{"id":67622,"n":"Thym Rustica 14g","p":0.4,"u":"28,57 €/KG","img":"https://fd13-photos.leclercdrive.fr/image.ashx?id=2797784&use=l&cat=p&typeid=i","cat":298297},{"id":67651,"n":"Poivre Noir moulu Bio Village Bio  - 38g","p":1.99,"u":"52,37 €/KG","img":"https://fd13-photos.leclercdrive.fr/image.ashx?id=2706538&use=l&cat=p&typeid=i","cat":284457},{"id":67652,"n":"Poivre gris moulu Flacon - 36g","p":1.11,"u":"30,83 €/KG","img":"https://fd13-photos.leclercdrive.fr/image.ashx?id=2797778&use=l&cat=p&typeid=i","cat":284457},{"id":67653,"n":"Gingembre moulu Rustica 27g","p":1.19,"u":"44,07 €/KG","img":"https://fd13-photos.leclercdrive.fr/image.ashx?id=2797796&use=l&cat=p&typeid=i","cat":298297},{"id":67654,"n":"Ail semoule Bio Village Bio 56g","p":1.99,"u":"35,54 €/KG","img":"https://fd13-photos.leclercdrive.fr/image.ashx?id=2991461&use=l&cat=p&typeid=i","cat":298297},{"id":67667,"n":"Purée de tomate Panzani Tomacouli nature - 500g","p":0.93,"u":"1,86 €/KG","img":"https://fd13-photos.leclercdrive.fr/image.ashx?id=2979623&use=l&cat=p&typeid=i","cat":288384},{"id":67677,"n":"Clous de girofle Rustica 23g","p":1.32,"u":"57,39 €/KG","img":"https://fd13-photos.leclercdrive.fr/image.ashx?id=2797787&use=l&cat=p&typeid=i","cat":298297},{"id":67678,"n":"Curcuma moulu Rustica 37g","p":0.66,"u":"17,84 €/KG","img":"https://fd13-photos.leclercdrive.fr/image.ashx?id=2772981&use=l&cat=p&typeid=i","cat":298297},{"id":67679,"n":"Estragon Rustica 7g","p":0.79,"u":"112,86 €/KG","img":"https://fd13-photos.leclercdrive.fr/image.ashx?id=2772993&use=l&cat=p&typeid=i","cat":298297},{"id":67680,"n":"Herbes de provence Rustica 120g","p":2.6,"u":"21,67 €/KG","img":"https://fd13-photos.leclercdrive.fr/image.ashx?id=2907228&use=l&cat=p&typeid=i","cat":298297},{"id":67681,"n":"Herbes de Provence Rustica 18g","p":0.41,"u":"22,78 €/KG","img":"https://fd13-photos.leclercdrive.fr/image.ashx?id=2772972&use=l&cat=p&typeid=i","cat":298297},{"id":67682,"n":"Noix de Muscade Rustica Moulue - 32g","p":1.36,"u":"42,50 €/KG","img":"https://fd13-photos.leclercdrive.fr/image.ashx?id=2772996&use=l&cat=p&typeid=i","cat":298297},{"id":67683,"n":"Persillade Rustica 95g","p":1.74,"u":"18,32 €/KG","img":"https://fd13-photos.leclercdrive.fr/image.ashx?id=2932668&use=l&cat=p&typeid=i","cat":298297},{"id":67693,"n":"Piment de Cayenne Rustica 38g","p":1.09,"u":"28,68 €/KG","img":"https://fd13-photos.leclercdrive.fr/image.ashx?id=2932671&use=l&cat=p&typeid=i","cat":298297},{"id":67712,"n":"Yaourts nature Délisse Au lait chèvre - 4x125g","p":1.84,"u":"3,68 €/KG","img":"https://fd13-photos.leclercdrive.fr/image.ashx?id=1847192&use=l&cat=p&typeid=i","cat":314998},{"id":67807,"n":"Nettoyant spray Clair Javel - Cuisine - 750ml","p":1.73,"u":"2,31 €/L","img":"https://fd13-photos.leclercdrive.fr/image.ashx?id=2840479&use=l&cat=p&typeid=i","cat":325357},{"id":67875,"n":"The Pik Box Haribo Boîte bonbons acidulés - 550g","p":5.04,"u":"9,16 €/KG","img":"https://fd13-photos.leclercdrive.fr/image.ashx?id=2805219&use=l&cat=p&typeid=i","cat":304250},{"id":67885,"n":"Crème fraîche épaisse Président Entière 30%mg - 45cl","p":2.27,"u":"5,04 €/L","img":"https://fd13-photos.leclercdrive.fr/image.ashx?id=2971948&use=l&cat=p&typeid=i","cat":284381},{"id":67896,"n":"Gel Douche Le Petit Marseillais  Pin et criste marine - 250ml","p":1.47,"u":"5,88 €/L","img":"https://fd13-photos.leclercdrive.fr/image.ashx?id=2676452&use=l&cat=p&typeid=i","cat":284594},{"id":67915,"n":"Baby carottes Florette 250g","p":2.4,"u":"9,60 €/KG","img":"https://fd13-photos.leclercdrive.fr/image.ashx?id=2786492&use=l&cat=p&typeid=i","cat":284352},{"id":68010,"n":"Crème dessert Bio Les 2 vaches Vanille - 4x95g","p":1.84,"u":"4,84 €/KG","img":"https://fd13-photos.leclercdrive.fr/image.ashx?id=2774015&use=l&cat=p&typeid=i","cat":285041},{"id":68012,"n":"Crème dessert Bio Les 2 vaches Chocolat - 4x95g","p":1.74,"u":"4,58 €/KG","img":"https://fd13-photos.leclercdrive.fr/image.ashx?id=2774100&use=l&cat=p&typeid=i","cat":285041},{"id":68088,"n":"Cannelle Rustica 39g","p":0.88,"u":"22,56 €/KG","img":"https://fd13-photos.leclercdrive.fr/image.ashx?id=2772960&use=l&cat=p&typeid=i","cat":298297},{"id":68090,"n":"Champignons Bio Village Bio Emincés - 170g","p":2.25,"u":"13,24 €/KG","img":"https://fd13-photos.leclercdrive.fr/image.ashx?id=2613294&use=l&cat=p&typeid=i","cat":312610},{"id":68093,"n":"Champignons Paris Notre Jardin Entiers - 2x115g","p":1.85,"u":"8,04 €/KG","img":"https://fd13-photos.leclercdrive.fr/image.ashx?id=2724699&use=l&cat=p&typeid=i","cat":312610},{"id":68094,"n":"Poivre blanc Rustica Moulu - 36g","p":1.89,"u":"52,50 €/KG","img":"https://fd13-photos.leclercdrive.fr/image.ashx?id=2772987&use=l&cat=p&typeid=i","cat":284457},{"id":68095,"n":"Yaourt à la grecque YAOS Nature lit de fraises 4x125g","p":2.54,"u":"5,08 €/KG","img":"https://fd13-photos.leclercdrive.fr/image.ashx?id=2729734&use=l&cat=p&typeid=i","cat":314999},{"id":68097,"n":"Yaourt à la grecque YAOS Citron - 4x125g","p":2.07,"u":"4,14 €/KG","img":"https://fd13-photos.leclercdrive.fr/image.ashx?id=2578672&use=l&cat=p&typeid=i","cat":314999},{"id":68145,"n":"Courge Spaghetti  La pièce","p":2.4,"img":"https://fd13-photos.leclercdrive.fr/image.ashx?id=1631269&use=l&cat=p&typeid=i","cat":284352},{"id":68214,"n":"Biscuits Petits Cœurs LU Chocolat - 125g","p":1.15,"u":"9,20 €/KG","img":"https://fd13-photos.leclercdrive.fr/image.ashx?id=3002021&use=l&cat=p&typeid=i","cat":284488},{"id":68215,"n":"Biscuits Kango LU Chocolat - 225g","p":1.99,"u":"8,84 €/KG","img":"https://fd13-photos.leclercdrive.fr/image.ashx?id=2941508&use=l&cat=p&typeid=i","cat":284488},{"id":68217,"n":"Biscuits Croc Sablé Pépito  Chocolat - 294g","p":1.14,"u":"3,88 €/KG","img":"https://fd13-photos.leclercdrive.fr/image.ashx?id=2347254&use=l&cat=p&typeid=i","cat":284488},{"id":68275,"n":"Déodorant Carré homme Musc séduction - 100ml","p":1.12,"u":"11,20 €/L","img":"https://fd13-photos.leclercdrive.fr/image.ashx?id=2440745&use=l&cat=p&typeid=i","cat":284618},{"id":68276,"n":"Déodorant Carré Homme Marine Ice boost - 100ml","p":1.12,"u":"11,20 €/L","img":"https://fd13-photos.leclercdrive.fr/image.ashx?id=2440748&use=l&cat=p&typeid=i","cat":284618},{"id":68278,"n":"Recharge gel lavant Manava Hypoallergénique - 250ml","p":0.66,"u":"2,64 €/L","img":"https://fd13-photos.leclercdrive.fr/image.ashx?id=2935537&use=l&cat=p&typeid=i","cat":284597},{"id":68355,"n":"Compote pomme poire Bio Bio Village - 4x100g","p":1.99,"u":"4,98 €/KG","img":"https://fd13-photos.leclercdrive.fr/image.ashx?id=2454638&use=l&cat=p&typeid=i","cat":284416},{"id":68399,"n":"Poisson pané Double délice   Findus x8 - 600g","p":4.99,"u":"8,32 €/KG","img":"https://fd13-photos.leclercdrive.fr/image.ashx?id=2679594&use=l&cat=p&typeid=i","cat":319788},{"id":68432,"n":"Gel WC Syphon Activ'Effect Fraîcheur pin - 750ml","p":0.74,"u":"0,99 €/L","img":"https://fd13-photos.leclercdrive.fr/image.ashx?id=2388382&use=l&cat=p&typeid=i","cat":284662},{"id":68433,"n":"Destructeur d'odeurs Bien air Escapade forêt - 250ml","p":2.42,"u":"9,68 €/L","img":"https://fd13-photos.leclercdrive.fr/image.ashx?id=2593465&use=l&cat=p&typeid=i","cat":311626},{"id":68445,"n":"Recharge crème lavante Manava Framboise pivoine - 250ml","p":0.57,"u":"2,28 €/L","img":"https://fd13-photos.leclercdrive.fr/image.ashx?id=2935510&use=l&cat=p&typeid=i","cat":284597},{"id":68449,"n":"Perles désodorisantes Bien Air Japon","p":2.25,"img":"https://fd13-photos.leclercdrive.fr/image.ashx?id=2939070&use=l&cat=p&typeid=i","cat":311628},{"id":68453,"n":"Gel lavant Manava Hypoallergénique - 300ml","p":1.05,"u":"3,50 €/L","img":"https://fd13-photos.leclercdrive.fr/image.ashx?id=2935528&use=l&cat=p&typeid=i","cat":284597},{"id":68454,"n":"Savon noir Clair Mou - 1kg","p":4.3,"u":"4,30 €/KG","img":"https://fd13-photos.leclercdrive.fr/image.ashx?id=2874383&use=l&cat=p&typeid=i","cat":284907},{"id":68455,"n":"Gel nettoyant Syphon Entretien menthe - 1L","p":2.89,"u":"2,89 €/L","img":"https://fd13-photos.leclercdrive.fr/image.ashx?id=1846253&use=l&cat=p&typeid=i","cat":284908},{"id":68457,"n":"Nettoyant Clair Parquets modernes - 1L","p":2.45,"u":"2,45 €/L","img":"https://fd13-photos.leclercdrive.fr/image.ashx?id=2652909&use=l&cat=p&typeid=i","cat":284907},{"id":68475,"n":"Culotte Chorys Médium nuit - x12","p":8.56,"u":"0,71 €/P","img":"https://fd13-photos.leclercdrive.fr/image.ashx?id=2716009&use=l&cat=p&typeid=i","cat":284628},{"id":68476,"n":"Culotte Chorys Absorption plus large nuit x10","p":7.14,"u":"0,71 €/P","img":"https://fd13-photos.leclercdrive.fr/image.ashx?id=2704490&use=l&cat=p&typeid=i","cat":284628},{"id":68482,"n":"Couches de bain Mots d'Enfants Baby Swim - Taille M - x11","p":5.89,"u":"0,54 €/P","img":"https://fd13-photos.leclercdrive.fr/image.ashx?id=2907222&use=l&cat=p&typeid=i","cat":290634},{"id":68486,"n":"Tampon Nett  Digital normal boite - x24","p":2.02,"u":"0,08 €/P","img":"https://fd13-photos.leclercdrive.fr/image.ashx?id=2359657&use=l&cat=p&typeid=i","cat":284626},{"id":68504,"n":"AOC Jurançon  Domaine Laguilhon - 75cl","p":7.8,"u":"10,40 €/L","img":"https://fd13-photos.leclercdrive.fr/image.ashx?id=2855223&use=l&cat=p&typeid=i","cat":289557},{"id":68640,"n":"Plat four rectangulaire Pyrex Cook&Go +couvercle 24x18cm 1.7L","p":13.9,"img":"https://fd13-photos.leclercdrive.fr/image.ashx?id=2939787&use=l&cat=p&typeid=i","cat":284710},{"id":68644,"n":"Plat four rectangulaire Pyrex Avec couvercle 30x23cm / 3.30L","p":19.9,"img":"https://fd13-photos.leclercdrive.fr/image.ashx?id=1886929&use=l&cat=p&typeid=i","cat":284710},{"id":68645,"n":"Boîte carrée Pyrex Cook&go avec couvercle 21cm","p":14.9,"img":"https://fd13-photos.leclercdrive.fr/image.ashx?id=1886932&use=l&cat=p&typeid=i","cat":284710},{"id":68737,"n":"Crème de coco légère Bio Bjorg  20cl","p":1.61,"u":"8,05 €/L","img":"https://fd13-photos.leclercdrive.fr/image.ashx?id=2936386&use=l&cat=p&typeid=i","cat":288992},{"id":68824,"n":"Coton maxi carré Inell Aloé Vera - x50","p":1.75,"u":"0,04 €/P","img":"https://fd13-photos.leclercdrive.fr/image.ashx?id=1959190&use=l&cat=p&typeid=i","cat":284636},{"id":68861,"n":"Miel Bio Village Bio crémeux de fleurs - 500g","p":4.99,"u":"9,98 €/KG","img":"https://fd13-photos.leclercdrive.fr/image.ashx?id=2564219&use=l&cat=p&typeid=i","cat":287643},{"id":68862,"n":"Pâte à tartiner Nustikao 600g","p":2.73,"u":"4,55 €/KG","img":"https://fd13-photos.leclercdrive.fr/image.ashx?id=2814869&use=l&cat=p&typeid=i","cat":284481},{"id":68863,"n":"Compote Douceur du Verger Gourdes Pomme - 12x90g","p":2.95,"u":"2,73 €/KG","img":"https://fd13-photos.leclercdrive.fr/image.ashx?id=2317276&use=l&cat=p&typeid=i","cat":284508},{"id":68864,"n":"Compote Douceur du Verger Bocal pomme poire - 710g","p":1.75,"u":"2,46 €/KG","img":"https://fd13-photos.leclercdrive.fr/image.ashx?id=2263224&use=l&cat=p&typeid=i","cat":284508},{"id":68865,"n":"Compote Douceur du Verger Bocal pomme vanille - 710g","p":1.57,"u":"2,21 €/KG","img":"https://fd13-photos.leclercdrive.fr/image.ashx?id=2215951&use=l&cat=p&typeid=i","cat":284508},{"id":68866,"n":"Compote Douceur du Verger Bocal pomme - 710g","p":1.27,"u":"1,79 €/KG","img":"https://fd13-photos.leclercdrive.fr/image.ashx?id=2232589&use=l&cat=p&typeid=i","cat":284508},{"id":68868,"n":"Riz long Bio Village Bio semi complet - 500g","p":2.25,"u":"4,50 €/KG","img":"https://fd13-photos.leclercdrive.fr/image.ashx?id=2441513&use=l&cat=p&typeid=i","cat":284428},{"id":68870,"n":"Pistaches Bio Village Grillées salées bio - 100g","p":2.6,"u":"26,00 €/KG","img":"https://fd13-photos.leclercdrive.fr/image.ashx?id=2615789&use=l&cat=p&typeid=i","cat":284448},{"id":68880,"n":"Pâté Lucien Georgelin Au Piment d'Espelette - 220g","p":3.16,"u":"14,36 €/KG","img":"https://fd13-photos.leclercdrive.fr/image.ashx?id=1598643&use=l&cat=p&typeid=i","cat":305149},{"id":68881,"n":"Litchis Douceur du Verger Sirop léger - 250g","p":2.74,"u":"10,96 €/KG","img":"https://fd13-photos.leclercdrive.fr/image.ashx?id=2485089&use=l&cat=p&typeid=i","cat":284507},{"id":68882,"n":"Compote bio Bio Village Coupelle pomme - 8x100g","p":2.89,"u":"3,61 €/KG","img":"https://fd13-photos.leclercdrive.fr/image.ashx?id=1947749&use=l&cat=p&typeid=i","cat":284508},{"id":68913,"n":"Purificateur d'air Sanytol Désinfectant - 300ml","p":3.11,"u":"10,37 €/L","img":"https://fd13-photos.leclercdrive.fr/image.ashx?id=2901659&use=l&cat=p&typeid=i","cat":311626},{"id":68930,"n":"Soupe liquide bio Knorr Légumes potager à la crème - 1L","p":3.28,"u":"3,28 €/L","img":"https://fd13-photos.leclercdrive.fr/image.ashx?id=2312572&use=l&cat=p&typeid=i","cat":284462},{"id":68937,"n":"Potimarron La pièce 1p","p":1.99,"u":"0,66 €/P","img":"https://fd13-photos.leclercdrive.fr/image.ashx?id=1633547&use=l&cat=p&typeid=i","cat":284352},{"id":68951,"n":"Crème dessert La Laitière  Velours de crème caramel 4x85g","p":1.99,"u":"5,85 €/KG","img":"https://fd13-photos.leclercdrive.fr/image.ashx?id=3007930&use=l&cat=p&typeid=i","cat":285041},{"id":68953,"n":"Crème dessert La Laitière Chocolat Caramel - 4x85g","p":2.19,"u":"6,44 €/KG","img":"https://fd13-photos.leclercdrive.fr/image.ashx?id=2633827&use=l&cat=p&typeid=i","cat":285041},{"id":68981,"n":"Couscous Chaque jour sans gluten - de maïs - 375g","p":3.09,"u":"8,24 €/KG","img":"https://fd13-photos.leclercdrive.fr/image.ashx?id=2764143&use=l&cat=p&typeid=i","cat":284429},{"id":68986,"n":"Lait d'amande Bio Village Sans sucre bio - 1L","p":1.41,"u":"1,41 €/L","img":"https://fd13-photos.leclercdrive.fr/image.ashx?id=2939097&use=l&cat=p&typeid=i","cat":316067},{"id":68996,"n":"Crackers bio Bio Village Emmental courge - 200g","p":2.69,"u":"13,45 €/KG","img":"https://fd13-photos.leclercdrive.fr/image.ashx?id=2310507&use=l&cat=p&typeid=i","cat":297000},{"id":69004,"n":"Moutarde Bio Village A l'ancienne bio - 200g","p":1.57,"u":"7,85 €/KG","img":"https://fd13-photos.leclercdrive.fr/image.ashx?id=2607966&use=l&cat=p&typeid=i","cat":288850},{"id":69006,"n":"Tomates séchées Rustica Bocal - 280g","p":2.5,"u":"8,93 €/KG","img":"https://fd13-photos.leclercdrive.fr/image.ashx?id=2539457&use=l&cat=p&typeid=i","cat":284458},{"id":69011,"n":"Petit beurre Sans Gluten 130g","p":1.82,"u":"14,00 €/KG","img":"https://fd13-photos.leclercdrive.fr/image.ashx?id=2460622&use=l&cat=p&typeid=i","cat":318654},{"id":69016,"n":"Sauce au Bleu Bénédicta Gamme Gourmet - 260g","p":1.71,"u":"6,58 €/KG","img":"https://fd13-photos.leclercdrive.fr/image.ashx?id=2616177&use=l&cat=p&typeid=i","cat":318430},{"id":69061,"n":"Yaourt nature Danone 4x125g","p":0.93,"u":"1,86 €/KG","img":"https://fd13-photos.leclercdrive.fr/image.ashx?id=2911184&use=l&cat=p&typeid=i","cat":284409},{"id":69062,"n":"Yaourt nature Danone 12x125g","p":2.74,"u":"1,83 €/KG","img":"https://fd13-photos.leclercdrive.fr/image.ashx?id=2915688&use=l&cat=p&typeid=i","cat":284409},{"id":69063,"n":"Yaourt nature Danone 16x125g","p":3.14,"u":"1,57 €/KG","img":"https://fd13-photos.leclercdrive.fr/image.ashx?id=2915691&use=l&cat=p&typeid=i","cat":284409},{"id":69068,"n":"Crème dessert Délisse Saveur Brownie - 4x125g","p":1.55,"u":"3,10 €/KG","img":"https://fd13-photos.leclercdrive.fr/image.ashx?id=2441411&use=l&cat=p&typeid=i","cat":285041},{"id":69069,"n":"Yaourts brassés velouté Danone Nature - 12x125g","p":3.59,"u":"2,39 €/KG","img":"https://fd13-photos.leclercdrive.fr/image.ashx?id=2865581&use=l&cat=p&typeid=i","cat":284409},{"id":69070,"n":"Yaourts brassés velouté Danone Nature - 16x125g","p":4.24,"u":"2,12 €/KG","img":"https://fd13-photos.leclercdrive.fr/image.ashx?id=2865584&use=l&cat=p&typeid=i","cat":284409},{"id":69071,"n":"yaourt aux fruits danonino aromatisé - 12x125g","p":2.87,"u":"1,91 €/KG","img":"https://fd13-photos.leclercdrive.fr/image.ashx?id=2883432&use=l&cat=p&typeid=i","cat":284414},{"id":69074,"n":"Yaourts brassés Velouté Danone Nature - 8x125g","p":2.46,"u":"2,46 €/KG","img":"https://fd13-photos.leclercdrive.fr/image.ashx?id=2865590&use=l&cat=p&typeid=i","cat":284409},{"id":69084,"n":"petit suisse aux fruits danonino - 6x100g","p":2.98,"u":"4,97 €/KG","img":"https://fd13-photos.leclercdrive.fr/image.ashx?id=3003134&use=l&cat=p&typeid=i","cat":284414},{"id":69107,"n":"Muesli croustillant nature bio  Terres et Céréales - 1kg","p":4.35,"u":"4,35 €/KG","img":"https://fd13-photos.leclercdrive.fr/image.ashx?id=2802446&use=l&cat=p&typeid=i","cat":309512},{"id":69108,"n":"Muesli duo pépites de chocolats  bio Terres et Céréales -1kg","p":5.54,"u":"5,54 €/KG","img":"https://fd13-photos.leclercdrive.fr/image.ashx?id=2802452&use=l&cat=p&typeid=i","cat":309512},{"id":69141,"n":"Papier cuisson Elembal Rouleau 8m","p":1.08,"u":"0,14 €/MT","img":"https://fd13-photos.leclercdrive.fr/image.ashx?id=2824955&use=l&cat=p&typeid=i","cat":334134},{"id":69145,"n":"Crème lavante Manava Framboise pivoine - 300ml","p":1.28,"u":"4,27 €/L","img":"https://fd13-photos.leclercdrive.fr/image.ashx?id=2935507&use=l&cat=p&typeid=i","cat":284597},{"id":69147,"n":"Café dosettes Tassimo L'Or Café Long Classique x16","p":4.64,"u":"44,62 €/KG","img":"https://fd13-photos.leclercdrive.fr/image.ashx?id=2160312&use=l&cat=p&typeid=i","cat":293240},{"id":69148,"n":"Café dosettes Tassimo L'Or Café Long Intense x16","p":4.84,"u":"37,81 €/KG","img":"https://fd13-photos.leclercdrive.fr/image.ashx?id=2290599&use=l&cat=p&typeid=i","cat":293240},{"id":69150,"n":"Nettoyant multi surfaces Clair Citron - 1.5L","p":1.7,"u":"1,13 €/L","img":"https://fd13-photos.leclercdrive.fr/image.ashx?id=2534211&use=l&cat=p&typeid=i","cat":284907},{"id":69151,"n":"Nettoyant multi surfaces Clair Pins - 1.5L","p":1.7,"u":"1,13 €/L","img":"https://fd13-photos.leclercdrive.fr/image.ashx?id=2369164&use=l&cat=p&typeid=i","cat":284907},{"id":69152,"n":"Nettoyant multi surfaces Clair Fleurs - 1.5L","p":1.7,"u":"1,13 €/L","img":"https://fd13-photos.leclercdrive.fr/image.ashx?id=2381556&use=l&cat=p&typeid=i","cat":284907},{"id":69153,"n":"Nettoyant multi surfaces Clair Fraîcheur pure - 1.5L","p":1.7,"u":"1,13 €/L","img":"https://fd13-photos.leclercdrive.fr/image.ashx?id=2373263&use=l&cat=p&typeid=i","cat":284907},{"id":69154,"n":"Nettoyant multi surfaces Clair Savon de Marseille - 1.5L","p":1.7,"u":"1,13 €/L","img":"https://fd13-photos.leclercdrive.fr/image.ashx?id=2858845&use=l&cat=p&typeid=i","cat":284907},{"id":69155,"n":"Nettoyant multi surfaces Clair Savon noir - 1.5L","p":1.7,"u":"1,13 €/L","img":"https://fd13-photos.leclercdrive.fr/image.ashx?id=2849584&use=l&cat=p&typeid=i","cat":284907},{"id":69161,"n":"Purée carotte bio Bio Village 450g","p":1.39,"u":"3,09 €/KG","img":"https://fd13-photos.leclercdrive.fr/image.ashx?id=2878747&use=l&cat=p&typeid=i","cat":319805},{"id":69164,"n":"Pizza chèvre feu de bois Bio  Bio Village - 360g","p":3.19,"u":"8,86 €/KG","img":"https://fd13-photos.leclercdrive.fr/image.ashx?id=1911810&use=l&cat=p&typeid=i","cat":284256},{"id":69215,"n":"Pains wrap Epi d'Or Nature x6 - 383g","p":1.95,"u":"5,09 €/KG","img":"https://fd13-photos.leclercdrive.fr/image.ashx?id=2998883&use=l&cat=p&typeid=i","cat":284985},{"id":69227,"n":"Huile vierge Bio Village Coco bio - 200ml","p":2.28,"u":"11,40 €/L","img":"https://fd13-photos.leclercdrive.fr/image.ashx?id=1974311&use=l&cat=p&typeid=i","cat":284453},{"id":69233,"n":"Capsules café L'Or Espresso Ristretto N°11 x10","p":3.08,"u":"59,23 €/KG","img":"https://fd13-photos.leclercdrive.fr/image.ashx?id=2260869&use=l&cat=p&typeid=i","cat":284749},{"id":69240,"n":"Vinaigre en gel Uni Vert 750ml","p":2.98,"u":"3,97 €/L","img":"https://fd13-photos.leclercdrive.fr/image.ashx?id=2883324&use=l&cat=p&typeid=i","cat":325357},{"id":69268,"n":"Liquide vaisselle Rainett Citron écologique - 750ml","p":1.95,"u":"2,60 €/L","img":"https://fd13-photos.leclercdrive.fr/image.ashx?id=2297129&use=l&cat=p&typeid=i","cat":284655},{"id":69280,"n":"Couches bébé Mots d'enfants Midi T3 4/9kg - x50 changes","p":6.35,"u":"0,13 €/P","img":"https://fd13-photos.leclercdrive.fr/image.ashx?id=2699717&use=l&cat=p&typeid=i","cat":284737},{"id":69281,"n":"Couches bébé Mots d'enfants Ultra confort T4 7/18kg - x44","p":6.35,"u":"0,14 €/P","img":"https://fd13-photos.leclercdrive.fr/image.ashx?id=2699720&use=l&cat=p&typeid=i","cat":284737},{"id":69282,"n":"Couches bébé Mots d'enfants Ultra confort T4+  9/20kg - x41","p":6.35,"u":"0,15 €/P","img":"https://fd13-photos.leclercdrive.fr/image.ashx?id=2699723&use=l&cat=p&typeid=i","cat":284737},{"id":69283,"n":"Couches bébé Mots d'enfants Ultra confort T5 11/25kg - x39","p":6.35,"u":"0,16 €/P","img":"https://fd13-photos.leclercdrive.fr/image.ashx?id=2699726&use=l&cat=p&typeid=i","cat":284737},{"id":69284,"n":"Couches bébé Mots d'enfants Ultra confort T6  16/23kg - x33","p":6.35,"u":"0,19 €/P","img":"https://fd13-photos.leclercdrive.fr/image.ashx?id=2699729&use=l&cat=p&typeid=i","cat":284737},{"id":69285,"n":"Couches bébé Mots d'enfants T4 Ultra confort 7/18kg - x144","p":19.85,"u":"0,14 €/P","img":"https://fd13-photos.leclercdrive.fr/image.ashx?id=2689429&use=l&cat=p&typeid=i","cat":284737},{"id":69286,"n":"Couches bébé Mots d'enfants T5 Ultra confort 11/25kg - x136","p":19.85,"u":"0,15 €/P","img":"https://fd13-photos.leclercdrive.fr/image.ashx?id=2691833&use=l&cat=p&typeid=i","cat":284737},{"id":69316,"n":"Pur jus Jafaden Orange mangue citron - 1L","p":2.39,"u":"2,39 €/L","img":"https://fd13-photos.leclercdrive.fr/image.ashx?id=2956759&use=l&cat=p&typeid=i","cat":284917},{"id":69317,"n":"Eau minérale naturelle Vittel 6x1.5L","p":2.86,"u":"0,32 €/L","img":"https://fd13-photos.leclercdrive.fr/image.ashx?id=3000441&use=l&cat=p&typeid=i","cat":284535},{"id":69318,"n":"Pur jus Jafaden Orange pêche abricot - 1L","p":2.39,"u":"2,39 €/L","img":"https://fd13-photos.leclercdrive.fr/image.ashx?id=2956762&use=l&cat=p&typeid=i","cat":284917},{"id":69336,"n":"Piles Ultra Duracell RCR 850 AAA - x4","p":18.6,"img":"https://fd13-photos.leclercdrive.fr/image.ashx?id=2421949&use=l&cat=p&typeid=i","cat":300572},{"id":69379,"n":"From'Chaud Ermitage 50% mg - 200g","p":2.77,"u":"13,85 €/KG","img":"https://fd13-photos.leclercdrive.fr/image.ashx?id=2966002&use=l&cat=p&typeid=i","cat":314037},{"id":69383,"n":"Fromage à Raclette RichesMonts  Duo Classique & Fumée - 420G","p":6.5,"u":"15,48 €/KG","img":"https://fd13-photos.leclercdrive.fr/image.ashx?id=2953815&use=l&cat=p&typeid=i","cat":314037},{"id":69385,"n":"Fromage à Raclette RichesMonts  Duo Classique 3 Poivres - 420G","p":6.3,"u":"15,00 €/KG","img":"https://fd13-photos.leclercdrive.fr/image.ashx?id=2953818&use=l&cat=p&typeid=i","cat":314037},{"id":69395,"n":"Fromage Raclette Entremont Triangle 3 saveurs - 600g","p":9.35,"u":"15,58 €/KG","img":"https://fd13-photos.leclercdrive.fr/image.ashx?id=2951746&use=l&cat=p&typeid=i","cat":314037},{"id":69396,"n":"Fromage à Raclette RichesMonts  Sans croûte 18 Tranches - 420g","p":5.37,"u":"12,79 €/KG","img":"https://fd13-photos.leclercdrive.fr/image.ashx?id=2960765&use=l&cat=p&typeid=i","cat":314037},{"id":69445,"n":"Pralinés extra NRT 200g","p":3.29,"u":"16,45 €/KG","img":"https://fd13-photos.leclercdrive.fr/image.ashx?id=2443194&use=l&cat=p&typeid=i","cat":284504},{"id":69680,"n":"Yaourt à la grecque YAOS Nature lit de pêches 4x125g","p":2.52,"u":"5,04 €/KG","img":"https://fd13-photos.leclercdrive.fr/image.ashx?id=2539533&use=l&cat=p&typeid=i","cat":314999},{"id":69690,"n":"Mascarpone 41.5% mg Galbani 500g","p":5.28,"u":"10,56 €/KG","img":"https://fd13-photos.leclercdrive.fr/image.ashx?id=2832470&use=l&cat=p&typeid=i","cat":314026},{"id":69720,"n":"Gougères au fromage Côté Table x20 - 140g","p":3.76,"u":"26,86 €/KG","img":"https://fd13-photos.leclercdrive.fr/image.ashx?id=2726709&use=l&cat=p&typeid=i","cat":319774},{"id":69737,"n":"AOC Coteaux Varois en Provence vin rosé Terres Ocrées - BIB 3L","p":15.99,"u":"5,33 €/L","img":"https://fd13-photos.leclercdrive.fr/image.ashx?id=2716000&use=l&cat=p&typeid=i","cat":289560},{"id":69738,"n":"AOC Côtes du Marmandais vin  rosé Terrasses d'Autan - BIB 3L","p":9.99,"u":"3,33 €/L","img":"https://fd13-photos.leclercdrive.fr/image.ashx?id=2863069&use=l&cat=p&typeid=i","cat":289560},{"id":69739,"n":"Mini feuilletés Côté Table Apéritifs - x30 - 360g","p":3.72,"u":"10,33 €/KG","img":"https://fd13-photos.leclercdrive.fr/image.ashx?id=2212509&use=l&cat=p&typeid=i","cat":319774},{"id":69740,"n":"Mini-feuilletés Côté Table Apéritifs - x80 - 740g","p":6.83,"u":"9,23 €/KG","img":"https://fd13-photos.leclercdrive.fr/image.ashx?id=2238045&use=l&cat=p&typeid=i","cat":319774},{"id":69741,"n":"Mini-feuilletés Côté Table Apéritifs - x40 - 350g","p":3.37,"u":"9,63 €/KG","img":"https://fd13-photos.leclercdrive.fr/image.ashx?id=2632873&use=l&cat=p&typeid=i","cat":319774},{"id":69803,"n":"Riz provençale Bonduelle Thon - 320g","p":1.93,"u":"6,03 €/KG","img":"https://fd13-photos.leclercdrive.fr/image.ashx?id=2907905&use=l&cat=p&typeid=i","cat":333657},{"id":69879,"n":"Beurre de Savoie 82% MG - 250g","p":2.45,"u":"9,80 €/KG","img":"https://fd13-photos.leclercdrive.fr/image.ashx?id=1988547&use=l&cat=p&typeid=i","cat":284379},{"id":69973,"n":"Baguette 250g","p":0.28,"u":"1,12 €/KG","img":"https://fd13-photos.leclercdrive.fr/image.ashx?id=2063008&use=l&cat=p&typeid=i","cat":284359},{"id":70114,"n":"Biscuits p'tit dèj BN Extra céréales complètes - 200g","p":1.75,"u":"8,75 €/KG","img":"https://fd13-photos.leclercdrive.fr/image.ashx?id=2603471&use=l&cat=p&typeid=i","cat":284491},{"id":70117,"n":"Biscuits Mc Vitie's Original - 400g","p":1.69,"u":"4,23 €/KG","img":"https://fd13-photos.leclercdrive.fr/image.ashx?id=2310182&use=l&cat=p&typeid=i","cat":284487},{"id":70118,"n":"Biscuits Mc Vitie's Chocolat au lait - 300g","p":1.78,"u":"5,93 €/KG","img":"https://fd13-photos.leclercdrive.fr/image.ashx?id=2589491&use=l&cat=p&typeid=i","cat":284488},{"id":70123,"n":"Fromage blanc Danone Nature 3%MG - 8x100g","p":2.66,"u":"3,33 €/KG","img":"https://fd13-photos.leclercdrive.fr/image.ashx?id=2792075&use=l&cat=p&typeid=i","cat":284409},{"id":70334,"n":"Kasteel rouge  8° 75cl","p":4.2,"u":"5,60 €/L","img":"https://fd13-photos.leclercdrive.fr/image.ashx?id=2981325&use=l&cat=p&typeid=i","cat":334872},{"id":70344,"n":"Triple Secret des Moines 8%  - 75cl","p":3.86,"u":"5,15 €/L","img":"https://fd13-photos.leclercdrive.fr/image.ashx?id=2947991&use=l&cat=p&typeid=i","cat":334872},{"id":70389,"n":"Café dosettes Tassimo L'Or Cappuccino x8","p":4.88,"u":"18,28 €/KG","img":"https://fd13-photos.leclercdrive.fr/image.ashx?id=2100305&use=l&cat=p&typeid=i","cat":293240},{"id":70447,"n":"Sachet Célébrations 196g","p":3.8,"u":"19,39 €/KG","img":"https://fd13-photos.leclercdrive.fr/image.ashx?id=2980058&use=l&cat=p&typeid=i","cat":284499},{"id":70460,"n":"Oeufs surprises Barbie Chocolat - x3 - 60g","p":2.35,"u":"39,17 €/KG","img":"https://fd13-photos.leclercdrive.fr/image.ashx?id=2826213&use=l&cat=p&typeid=i","cat":327789},{"id":70558,"n":"Basilic bio Bio Village 11g","p":0.69,"u":"62,73 €/KG","img":"https://fd13-photos.leclercdrive.fr/image.ashx?id=2991458&use=l&cat=p&typeid=i","cat":298297},{"id":70559,"n":"Ciboulette bio Bio Village 4g","p":0.68,"u":"170,00 €/KG","img":"https://fd13-photos.leclercdrive.fr/image.ashx?id=2711704&use=l&cat=p&typeid=i","cat":298297},{"id":70579,"n":"Fromage Caprice des Dieux  200g","p":2.89,"u":"14,45 €/KG","img":"https://fd13-photos.leclercdrive.fr/image.ashx?id=2762438&use=l&cat=p&typeid=i","cat":314033},{"id":70634,"n":"Lentilles Notre Jardin Graisse d'oie - 400g","p":1.05,"u":"2,63 €/KG","img":"https://fd13-photos.leclercdrive.fr/image.ashx?id=3002620&use=l&cat=p&typeid=i","cat":312609},{"id":70914,"n":"Poivre noir grains Rustica 90g","p":2.32,"u":"25,78 €/KG","img":"https://fd13-photos.leclercdrive.fr/image.ashx?id=2870047&use=l&cat=p&typeid=i","cat":284457},{"id":70993,"n":"Coulommiers Président  350g","p":2.76,"u":"7,89 €/KG","img":"https://fd13-photos.leclercdrive.fr/image.ashx?id=2029862&use=l&cat=p&typeid=i","cat":314033},{"id":71009,"n":"Sucre vanillé des Isles Alsa x8 sachets - 60g","p":2.7,"u":"45,00 €/KG","img":"https://fd13-photos.leclercdrive.fr/image.ashx?id=2775053&use=l&cat=p&typeid=i","cat":294686},{"id":71060,"n":"Basilic Rustica 11g","p":0.39,"u":"35,45 €/KG","img":"https://fd13-photos.leclercdrive.fr/image.ashx?id=2772957&use=l&cat=p&typeid=i","cat":298297},{"id":71075,"n":"Vinaigrette biphase Rustica Tomate/ Balsamique - 50cl","p":2.72,"u":"5,44 €/L","img":"https://fd13-photos.leclercdrive.fr/image.ashx?id=1972937&use=l&cat=p&typeid=i","cat":284456},{"id":71077,"n":"Vinaigrette biphase Rustica Ciboulette/Echalote - 50cl","p":2.79,"u":"5,58 €/L","img":"https://fd13-photos.leclercdrive.fr/image.ashx?id=1943241&use=l&cat=p&typeid=i","cat":284456},{"id":71090,"n":"Boisson énergisante Red bull 6x250ml","p":6.69,"u":"4,46 €/L","img":"https://fd13-photos.leclercdrive.fr/image.ashx?id=3011989&use=l&cat=p&typeid=i","cat":284533},{"id":71099,"n":"IGP Pays d'Oc Merlot vin rouge Vieux Carion 12% vol - BIB 3L","p":7.99,"u":"2,66 €/L","img":"https://fd13-photos.leclercdrive.fr/image.ashx?id=2747755&use=l&cat=p&typeid=i","cat":289560},{"id":71100,"n":"IGP Pays d'Oc vin rouge Vieux Carion - BIB 3L","p":7.99,"u":"2,66 €/L","img":"https://fd13-photos.leclercdrive.fr/image.ashx?id=2756879&use=l&cat=p&typeid=i","cat":289560},{"id":71102,"n":"Bière Desperados 65cl","p":2.54,"u":"3,91 €/L","img":"https://fd13-photos.leclercdrive.fr/image.ashx?id=2977960&use=l&cat=p&typeid=i","cat":334878},{"id":71106,"n":"Ail semoule Rustica 110g","p":1.39,"u":"12,64 €/KG","img":"https://fd13-photos.leclercdrive.fr/image.ashx?id=2870038&use=l&cat=p&typeid=i","cat":298297},{"id":71107,"n":"Bouquet garni entier Rustica 17g","p":1.68,"u":"98,82 €/KG","img":"https://fd13-photos.leclercdrive.fr/image.ashx?id=1710608&use=l&cat=p&typeid=i","cat":298297},{"id":71154,"n":"Arôme vanille Tablier Blanc 200ml","p":2.31,"u":"11,55 €/L","img":"https://fd13-photos.leclercdrive.fr/image.ashx?id=2487476&use=l&cat=p&typeid=i","cat":284504},{"id":71155,"n":"Ail semoule Rustica Flacon - 60g","p":0.99,"u":"16,50 €/KG","img":"https://fd13-photos.leclercdrive.fr/image.ashx?id=2797790&use=l&cat=p&typeid=i","cat":298297},{"id":71156,"n":"Moulin 5 baies Rustica Flacon - 24g","p":1.19,"u":"49,58 €/KG","img":"https://fd13-photos.leclercdrive.fr/image.ashx?id=2907231&use=l&cat=p&typeid=i","cat":284457},{"id":71157,"n":"Herbe de provence haché Rustica 40g","p":0.88,"u":"22,00 €/KG","img":"https://fd13-photos.leclercdrive.fr/image.ashx?id=2935226&use=l&cat=p&typeid=i","cat":298297},{"id":71158,"n":"Poivre gris moulu Rustica Boite - 90g","p":2.29,"u":"25,44 €/KG","img":"https://fd13-photos.leclercdrive.fr/image.ashx?id=1239440&use=l&cat=p&typeid=i","cat":284457},{"id":71162,"n":"Assortiment crackers Tokapi 85g","p":0.69,"u":"8,12 €/KG","img":"https://fd13-photos.leclercdrive.fr/image.ashx?id=1926981&use=l&cat=p&typeid=i","cat":297000},{"id":71164,"n":"Gel lavant Bionaïa Abricot bio - 300ml","p":1.79,"u":"5,97 €/L","img":"https://fd13-photos.leclercdrive.fr/image.ashx?id=2935525&use=l&cat=p&typeid=i","cat":284597},{"id":71232,"n":"Scotch Whisky William Peel Edition limitée 40%vol - 1L","p":16.55,"pp":15.6,"u":"15,60 €/L","img":"https://fd13-photos.leclercdrive.fr/image.ashx?id=2867014&use=l&cat=p&typeid=i","cat":284547},{"id":71327,"n":"Whisky Aberlour Triple Cask Single Malt Scotch 40% vol 70cl","p":37.62,"u":"53,74 €/L","img":"https://fd13-photos.leclercdrive.fr/image.ashx?id=2860514&use=l&cat=p&typeid=i","cat":284547},{"id":71351,"n":"Cocktail Pêche Océan Fruits de mer - 500g","p":4.94,"u":"9,88 €/KG","img":"https://fd13-photos.leclercdrive.fr/image.ashx?id=2686347&use=l&cat=p&typeid=i","cat":319787},{"id":71413,"n":"Déodorant Manava Freesia Orchidée - 100ml","p":1.36,"u":"13,60 €/L","img":"https://fd13-photos.leclercdrive.fr/image.ashx?id=2656451&use=l&cat=p&typeid=i","cat":284595},{"id":71419,"n":"Petits pois carottes Eco  530g","p":1.12,"u":"2,11 €/KG","img":"https://fd13-photos.leclercdrive.fr/image.ashx?id=3003714&use=l&cat=p&typeid=i","cat":312607},{"id":71422,"n":"Macedoine de legumes Eco  530g","p":1.11,"u":"2,09 €/KG","img":"https://fd13-photos.leclercdrive.fr/image.ashx?id=2729245&use=l&cat=p&typeid=i","cat":312612},{"id":71423,"n":"Flageolets verts fins Eco  530g","p":1.19,"u":"2,25 €/KG","img":"https://fd13-photos.leclercdrive.fr/image.ashx?id=2720012&use=l&cat=p&typeid=i","cat":312606},{"id":71426,"n":"Lentilles Eco+ 530g","p":1.02,"u":"1,92 €/KG","img":"https://fd13-photos.leclercdrive.fr/image.ashx?id=2699087&use=l&cat=p&typeid=i","cat":312609},{"id":71429,"n":"Haricots verts extra fins Eco  440g","p":1.04,"u":"2,36 €/KG","img":"https://fd13-photos.leclercdrive.fr/image.ashx?id=3003726&use=l&cat=p&typeid=i","cat":312606},{"id":71431,"n":"Tomates entières pelées Eco+ - 480g","p":1.1,"u":"2,29 €/KG","img":"https://fd13-photos.leclercdrive.fr/image.ashx?id=3003729&use=l&cat=p&typeid=i","cat":312608},{"id":71433,"n":"Choux-fleurs Eco+ 1kg","p":1.31,"u":"1,31 €/KG","img":"https://fd13-photos.leclercdrive.fr/image.ashx?id=2892334&use=l&cat=p&typeid=i","cat":319805},{"id":71439,"n":"Filets de colin d'Alaska Eco+ 10x100g","p":5.3,"u":"5,30 €/KG","img":"https://fd13-photos.leclercdrive.fr/image.ashx?id=1668300&use=l&cat=p&typeid=i","cat":319786},{"id":71440,"n":"Curry poudre bio Ducros Flacon - 36g","p":1.75,"u":"48,61 €/KG","img":"https://fd13-photos.leclercdrive.fr/image.ashx?id=2484071&use=l&cat=p&typeid=i","cat":298297},{"id":71441,"n":"Ail bio Ducros Flacon - 52g","p":2.6,"u":"50,00 €/KG","img":"https://fd13-photos.leclercdrive.fr/image.ashx?id=2484077&use=l&cat=p&typeid=i","cat":298297},{"id":71442,"n":"Cassoulet Eco+ 840g","p":1.97,"u":"2,35 €/KG","img":"https://fd13-photos.leclercdrive.fr/image.ashx?id=2847937&use=l&cat=p&typeid=i","cat":284440},{"id":71446,"n":"Biscuits aux oeufs Eco+ x60 - 400g","p":1.57,"u":"3,93 €/KG","img":"https://fd13-photos.leclercdrive.fr/image.ashx?id=2804136&use=l&cat=p&typeid=i","cat":284487},{"id":71447,"n":"Curcuma bio Ducros Flacon - 42g","p":2.37,"u":"56,43 €/KG","img":"https://fd13-photos.leclercdrive.fr/image.ashx?id=2484086&use=l&cat=p&typeid=i","cat":298297},{"id":71448,"n":"Raviolis à la sauce tomate Eco+ 800g","p":1.69,"u":"2,11 €/KG","img":"https://fd13-photos.leclercdrive.fr/image.ashx?id=2688288&use=l&cat=p&typeid=i","cat":284442},{"id":71451,"n":"Serviettes maxi nuit Eco+ x10","p":0.64,"u":"0,06 €/P","img":"https://fd13-photos.leclercdrive.fr/image.ashx?id=2824739&use=l&cat=p&typeid=i","cat":284624},{"id":71454,"n":"Persil bio Ducros Flacon - 7g","p":2.16,"u":"308,57 €/KG","img":"https://fd13-photos.leclercdrive.fr/image.ashx?id=2484062&use=l&cat=p&typeid=i","cat":298297},{"id":71455,"n":"Gélatine feuille bio Vahiné 10g","p":1.3,"u":"130,00 €/KG","img":"https://fd13-photos.leclercdrive.fr/image.ashx?id=2559829&use=l&cat=p&typeid=i","cat":284504},{"id":71457,"n":"Amande poudre bio Vahiné 100g","p":3.26,"u":"32,60 €/KG","img":"https://fd13-photos.leclercdrive.fr/image.ashx?id=2504221&use=l&cat=p&typeid=i","cat":284504},{"id":71459,"n":"Noix coco rapée bio Vahiné 115g","p":2.11,"u":"18,35 €/KG","img":"https://fd13-photos.leclercdrive.fr/image.ashx?id=2559841&use=l&cat=p&typeid=i","cat":284504},{"id":71460,"n":"Poudre à lever bio Vahiné 5 sachets - 35g","p":0.89,"u":"25,43 €/KG","img":"https://fd13-photos.leclercdrive.fr/image.ashx?id=2559832&use=l&cat=p&typeid=i","cat":294686},{"id":71461,"n":"Sucre vanillé bio Vahiné 5 sachets - 35G","p":3.55,"u":"101,43 €/KG","img":"https://fd13-photos.leclercdrive.fr/image.ashx?id=2559835&use=l&cat=p&typeid=i","cat":284504},{"id":71462,"n":"Pépites chocolat noirVahiné Bio - 100g","p":2.39,"u":"23,90 €/KG","img":"https://fd13-photos.leclercdrive.fr/image.ashx?id=2504227&use=l&cat=p&typeid=i","cat":284504},{"id":71463,"n":"Raisins secs bio Vahiné 200g","p":3.05,"u":"15,25 €/KG","img":"https://fd13-photos.leclercdrive.fr/image.ashx?id=2559844&use=l&cat=p&typeid=i","cat":284357},{"id":71469,"n":"DOC Prosecco extra-dry blanc 7% vol - 75cl","p":4.99,"u":"6,65 €/L","img":"https://fd13-photos.leclercdrive.fr/image.ashx?id=2977171&use=l&cat=p&typeid=i","cat":289461},{"id":71473,"n":"Vin d'Espagne blanc Chardonnay Adrien Champaud - BIB 5L","p":11.99,"u":"2,40 €/L","img":"https://fd13-photos.leclercdrive.fr/image.ashx?id=2959617&use=l&cat=p&typeid=i","cat":289557},{"id":71475,"n":"Vin d'Espagne Grenache rosé Adrien Champaud - BIB 5L","p":9.99,"u":"2,00 €/L","img":"https://fd13-photos.leclercdrive.fr/image.ashx?id=2959623&use=l&cat=p&typeid=i","cat":289560},{"id":71479,"n":"Cookies P'tit Déli Paillettes muticolores - 150g","p":1.45,"u":"9,67 €/KG","img":"https://fd13-photos.leclercdrive.fr/image.ashx?id=2939064&use=l&cat=p&typeid=i","cat":325066},{"id":71488,"n":"Mini chinois Epi d'Or Pepites de chocolat x6 - 300g","p":1.85,"u":"6,17 €/KG","img":"https://fd13-photos.leclercdrive.fr/image.ashx?id=2867916&use=l&cat=p&typeid=i","cat":296366},{"id":71489,"n":"Croissants Epi d'Or x8 - 320g","p":1.64,"u":"5,13 €/KG","img":"https://fd13-photos.leclercdrive.fr/image.ashx?id=2860766&use=l&cat=p&typeid=i","cat":296366},{"id":71490,"n":"Vin d'Espagne blanc Sauvignon Adrien Champaud - BIB 5L","p":9.99,"u":"2,00 €/L","img":"https://fd13-photos.leclercdrive.fr/image.ashx?id=2960511&use=l&cat=p&typeid=i","cat":289560},{"id":71491,"n":"Croissants Epi d'Or x14 - 560g","p":2.79,"u":"4,98 €/KG","img":"https://fd13-photos.leclercdrive.fr/image.ashx?id=2860769&use=l&cat=p&typeid=i","cat":296366},{"id":71514,"n":"Sablé pur beurre P'tit Déli Caramel - 100g","p":1.18,"u":"11,80 €/KG","img":"https://fd13-photos.leclercdrive.fr/image.ashx?id=2660574&use=l&cat=p&typeid=i","cat":284487},{"id":71519,"n":"Yaourt Bio Bio Village Aromatisé Citron - 4x125g","p":1.39,"u":"2,78 €/KG","img":"https://fd13-photos.leclercdrive.fr/image.ashx?id=2289666&use=l&cat=p&typeid=i","cat":286006},{"id":71524,"n":"Goûter rectangle P'tit Déli Fourré chocolat - 125g","p":1.19,"u":"9,52 €/KG","img":"https://fd13-photos.leclercdrive.fr/image.ashx?id=2619725&use=l&cat=p&typeid=i","cat":284488},{"id":71531,"n":"Crème fraiche bio Bio village Epaisse - 30% MG  - 50cl","p":2.66,"u":"5,32 €/L","img":"https://fd13-photos.leclercdrive.fr/image.ashx?id=1975050&use=l&cat=p&typeid=i","cat":284381},{"id":71535,"n":"Pommes de terre NRT à l'échirlète - 600g","p":3.55,"u":"5,92 €/KG","img":"https://fd13-photos.leclercdrive.fr/image.ashx?id=2699855&use=l&cat=p&typeid=i","cat":319792},{"id":71553,"n":"Déodorant Manava Freesia Orchidée - 200ml","p":1.34,"u":"6,70 €/L","img":"https://fd13-photos.leclercdrive.fr/image.ashx?id=2656454&use=l&cat=p&typeid=i","cat":284595},{"id":71557,"n":"Mini sables P'tit Déli Chocolat au lait - 160g","p":1.89,"u":"11,81 €/KG","img":"https://fd13-photos.leclercdrive.fr/image.ashx?id=2323295&use=l&cat=p&typeid=i","cat":284488},{"id":71563,"n":"Mayonnaise Rustica A la moutarde de Dijon - 720g","p":2.45,"u":"3,40 €/KG","img":"https://fd13-photos.leclercdrive.fr/image.ashx?id=2954379&use=l&cat=p&typeid=i","cat":298295},{"id":71565,"n":"Pêches Douceur du Verger Sirop léger - 465g","p":1.62,"u":"3,48 €/KG","img":"https://fd13-photos.leclercdrive.fr/image.ashx?id=2666471&use=l&cat=p&typeid=i","cat":284507},{"id":71566,"n":"Sauce Soja Tables Du Monde 125ml","p":0.83,"u":"6,64 €/L","img":"https://fd13-photos.leclercdrive.fr/image.ashx?id=2679765&use=l&cat=p&typeid=i","cat":288992},{"id":71568,"n":"Sauce soja sucrée Table du monde - 125ml","p":0.83,"u":"6,64 €/L","img":"https://fd13-photos.leclercdrive.fr/image.ashx?id=2679762&use=l&cat=p&typeid=i","cat":288992},{"id":71575,"n":"Test de grossesse Primoplast x1","p":0.74,"img":"https://fd13-photos.leclercdrive.fr/image.ashx?id=2832975&use=l&cat=p&typeid=i","cat":324482},{"id":71578,"n":"Crème lavante Manava Surgras - 300ml","p":1.12,"u":"3,73 €/L","img":"https://fd13-photos.leclercdrive.fr/image.ashx?id=2935513&use=l&cat=p&typeid=i","cat":284597},{"id":71579,"n":"Recharge crème lavante Manava Surgras - 250ml","p":0.66,"u":"2,64 €/L","img":"https://fd13-photos.leclercdrive.fr/image.ashx?id=2935516&use=l&cat=p&typeid=i","cat":284597},{"id":71599,"n":"Bicarbonate de soude Clair 500g","p":1.5,"u":"3,00 €/KG","img":"https://fd13-photos.leclercdrive.fr/image.ashx?id=2822129&use=l&cat=p&typeid=i","cat":325365},{"id":71600,"n":"Champignons Notre Jardin Emincés, épais - 230g","p":1.43,"u":"6,22 €/KG","img":"https://fd13-photos.leclercdrive.fr/image.ashx?id=2553917&use=l&cat=p&typeid=i","cat":312610},{"id":71602,"n":"Change bébé Mots d'Enfants Nouveau né - T1 - 2/5kg - x23","p":2.36,"u":"0,10 €/P","img":"https://fd13-photos.leclercdrive.fr/image.ashx?id=2907225&use=l&cat=p&typeid=i","cat":284737},{"id":71627,"n":"Boisson végétale Bio Village Soja chocolat bio - 1l","p":1.5,"u":"1,50 €/L","img":"https://fd13-photos.leclercdrive.fr/image.ashx?id=2352240&use=l&cat=p&typeid=i","cat":316067},{"id":71629,"n":"Boisson végétale Bio Village Lait amande intense bio - 1l","p":2.39,"u":"2,39 €/L","img":"https://fd13-photos.leclercdrive.fr/image.ashx?id=2386185&use=l&cat=p&typeid=i","cat":316067},{"id":71637,"n":"Bâtonnets enrobés bio Bio Village - Chocolat noir - 125g","p":1.99,"u":"15,92 €/KG","img":"https://fd13-photos.leclercdrive.fr/image.ashx?id=1947402&use=l&cat=p&typeid=i","cat":284488},{"id":71642,"n":"Biscuits fourrés Bio Village Figue Bio - x6 - 120g","p":2.99,"u":"24,92 €/KG","img":"https://fd13-photos.leclercdrive.fr/image.ashx?id=2568942&use=l&cat=p&typeid=i","cat":284489},{"id":71647,"n":"Biscuit graine Bio Village Pépites de chocolat Bio - 140g","p":1.85,"u":"13,21 €/KG","img":"https://fd13-photos.leclercdrive.fr/image.ashx?id=1667266&use=l&cat=p&typeid=i","cat":325066},{"id":71650,"n":"Saumon fumé L'Origine du Goût Ecosse x4 - 140g","p":8.04,"u":"57,43 €/KG","img":"https://fd13-photos.leclercdrive.fr/image.ashx?id=2820448&use=l&cat=p&typeid=i","cat":285188},{"id":71653,"n":"Thym bio Bio Village 16g","p":0.88,"u":"55,00 €/KG","img":"https://fd13-photos.leclercdrive.fr/image.ashx?id=2711698&use=l&cat=p&typeid=i","cat":298297},{"id":71698,"n":"Nappe damassée Homeside Jaune - 7m","p":2.96,"u":"0,42 €/MT","img":"https://fd13-photos.leclercdrive.fr/image.ashx?id=1419626&use=l&cat=p&typeid=i","cat":334134},{"id":72032,"n":"Bière blonde Affligem 6.7% vol -  Fût 5L","p":20.29,"u":"4,06 €/L","img":"https://fd13-photos.leclercdrive.fr/image.ashx?id=2672722&use=l&cat=p&typeid=i","cat":334879},{"id":72164,"n":"Soda au cola Pepsi Zéro sucres Le lot de 4x1.5L","p":4.6,"u":"0,77 €/L","img":"https://fd13-photos.leclercdrive.fr/image.ashx?id=2692560&use=l&cat=p&typeid=i","cat":284530},{"id":72734,"n":"Pain de mie Schär - Céréales Sans gluten - 300g","p":3.48,"u":"11,60 €/KG","img":"https://fd13-photos.leclercdrive.fr/image.ashx?id=2659421&use=l&cat=p&typeid=i","cat":318654},{"id":72740,"n":"Crips rolls  Dr Schar 150g","p":3.2,"u":"21,33 €/KG","img":"https://fd13-photos.leclercdrive.fr/image.ashx?id=2439938&use=l&cat=p&typeid=i","cat":284479},{"id":72774,"n":"Mousse Liégeoise Délisse Caramel - 8x80g","p":2.79,"u":"4,36 €/KG","img":"https://fd13-photos.leclercdrive.fr/image.ashx?id=3009520&use=l&cat=p&typeid=i","cat":284417},{"id":72784,"n":"Steak haché Tendre & Plus Maxi burger 15%MG - 400g","p":7.34,"u":"18,35 €/KG","img":"https://fd13-photos.leclercdrive.fr/image.ashx?id=2612162&use=l&cat=p&typeid=i","cat":284332},{"id":72786,"n":"Bière blonde Pelforth Fût pression - 5L","p":15.91,"u":"3,18 €/L","img":"https://fd13-photos.leclercdrive.fr/image.ashx?id=2767249&use=l&cat=p&typeid=i","cat":334879},{"id":72789,"n":"Bière blonde Desperados Fût 5L","p":19.9,"u":"3,98 €/L","img":"https://fd13-photos.leclercdrive.fr/image.ashx?id=2983513&use=l&cat=p&typeid=i","cat":334879},{"id":72815,"n":"Saumon fumé Labeyrie Norvège 12 tranches - 450g","p":16.81,"u":"37,36 €/KG","img":"https://fd13-photos.leclercdrive.fr/image.ashx?id=2916770&use=l&cat=p&typeid=i","cat":285188},{"id":72932,"n":"Spaghetti bolognaise Côté Table 415g","p":2.03,"u":"4,89 €/KG","img":"https://fd13-photos.leclercdrive.fr/image.ashx?id=2977882&use=l&cat=p&typeid=i","cat":284442},{"id":72934,"n":"Sauce nuoc mam Tables du monde 125ml","p":0.91,"u":"7,28 €/L","img":"https://fd13-photos.leclercdrive.fr/image.ashx?id=2679771&use=l&cat=p&typeid=i","cat":288992},{"id":72976,"n":"Vaseline pure Mercurochrome 75ml","p":2.59,"u":"34,53 €/L","img":"https://fd13-photos.leclercdrive.fr/image.ashx?id=2663992&use=l&cat=p&typeid=i","cat":284630},{"id":72988,"n":"Eau Micellaire Biphase Garnier Maquillage Waterproof - 400ml","p":3.99,"u":"9,98 €/L","img":"https://fd13-photos.leclercdrive.fr/image.ashx?id=2286299&use=l&cat=p&typeid=i","cat":284603},{"id":73006,"n":"Sauce pour nems Tables du monde 125ml","p":0.99,"u":"7,92 €/L","img":"https://fd13-photos.leclercdrive.fr/image.ashx?id=2526306&use=l&cat=p&typeid=i","cat":288992},{"id":73064,"n":"Masque tissu hydratant Garnier Repulpant Grenade Hydrabomb","p":2.14,"img":"https://fd13-photos.leclercdrive.fr/image.ashx?id=2401583&use=l&cat=p&typeid=i","cat":325346},{"id":73689,"n":"Pomme jaune bio Bio Village x4","p":1.99,"u":"0,50 €/P","img":"https://fd13-photos.leclercdrive.fr/image.ashx?id=2556544&use=l&cat=p&typeid=i","cat":284356},{"id":73697,"n":"Compote Allégée en sucres Eco+ Bocal pomme - 720g","p":0.85,"u":"1,18 €/KG","img":"https://fd13-photos.leclercdrive.fr/image.ashx?id=2953185&use=l&cat=p&typeid=i","cat":284508},{"id":73705,"n":"AOC Bourgogne Pinot Noir Couvent des Visitandines - 75cl","p":7.99,"u":"10,65 €/L","img":"https://fd13-photos.leclercdrive.fr/image.ashx?id=2870221&use=l&cat=p&typeid=i","cat":289556},{"id":73706,"n":"Riz basmati Eco+ 1kg","p":2.01,"u":"2,01 €/KG","img":"https://fd13-photos.leclercdrive.fr/image.ashx?id=2141651&use=l&cat=p&typeid=i","cat":284428},{"id":73708,"n":"Purée de tomate Eco+ Brique - 500g","p":0.51,"u":"1,02 €/KG","img":"https://fd13-photos.leclercdrive.fr/image.ashx?id=2756576&use=l&cat=p&typeid=i","cat":288384},{"id":73717,"n":"Pommes de terre Eco+ 530g","p":1.15,"u":"2,17 €/KG","img":"https://fd13-photos.leclercdrive.fr/image.ashx?id=2473186&use=l&cat=p&typeid=i","cat":312612},{"id":73727,"n":"Bouchées pour chats  Eco+ Boeuf poulet légumes - 410g","p":0.79,"u":"1,93 €/KG","img":"https://fd13-photos.leclercdrive.fr/image.ashx?id=1292464&use=l&cat=p&typeid=i","cat":285601},{"id":73729,"n":"Tartelettes à la fraise Eco+ x12 - 200g","p":0.8,"u":"4,00 €/KG","img":"https://fd13-photos.leclercdrive.fr/image.ashx?id=2869757&use=l&cat=p&typeid=i","cat":284489},{"id":73732,"n":"Gel WC javel Eco+ 750ml","p":0.57,"u":"0,76 €/L","img":"https://fd13-photos.leclercdrive.fr/image.ashx?id=2768074&use=l&cat=p&typeid=i","cat":284662},{"id":73781,"n":"Maïs doux Eco+ 285g","p":0.78,"u":"2,74 €/KG","img":"https://fd13-photos.leclercdrive.fr/image.ashx?id=3003738&use=l&cat=p&typeid=i","cat":312611},{"id":73783,"n":"Cocktail 4 fruits Eco+ Sirop léger - 500 g","p":1.66,"u":"3,32 €/KG","img":"https://fd13-photos.leclercdrive.fr/image.ashx?id=2783011&use=l&cat=p&typeid=i","cat":284507},{"id":73791,"n":"Chips nature Eco+ 200g","p":1.0,"u":"5,00 €/KG","img":"https://fd13-photos.leclercdrive.fr/image.ashx?id=2943596&use=l&cat=p&typeid=i","cat":284447},{"id":73793,"n":"Goûters ronds Eco+ Fourrés chocolat - 500g","p":1.35,"u":"2,70 €/KG","img":"https://fd13-photos.leclercdrive.fr/image.ashx?id=2222751&use=l&cat=p&typeid=i","cat":284488},{"id":73797,"n":"Pâtes Eco+ Macaroni - 1kg","p":0.99,"u":"0,99 €/KG","img":"https://fd13-photos.leclercdrive.fr/image.ashx?id=2887395&use=l&cat=p&typeid=i","cat":284427},{"id":73798,"n":"Pâtes Eco+ Coquillettes - 1kg","p":1.01,"u":"1,01 €/KG","img":"https://fd13-photos.leclercdrive.fr/image.ashx?id=2885723&use=l&cat=p&typeid=i","cat":284427},{"id":73799,"n":"Pâtes Eco+ Torsades - 1kg","p":1.0,"u":"1,00 €/KG","img":"https://fd13-photos.leclercdrive.fr/image.ashx?id=2885726&use=l&cat=p&typeid=i","cat":284427},{"id":73802,"n":"Riz soufflé Eco+ Au chocolat au lait - 750g","p":2.71,"u":"3,61 €/KG","img":"https://fd13-photos.leclercdrive.fr/image.ashx?id=2943082&use=l&cat=p&typeid=i","cat":309513},{"id":73803,"n":"Shampooing aux oeufs Eco+ 750ml","p":0.52,"u":"0,69 €/L","img":"https://fd13-photos.leclercdrive.fr/image.ashx?id=2779178&use=l&cat=p&typeid=i","cat":284606},{"id":73804,"n":"Lingettes démaquillantes Eco+ x25","p":0.67,"u":"0,03 €/P","img":"https://fd13-photos.leclercdrive.fr/image.ashx?id=2282156&use=l&cat=p&typeid=i","cat":284603},{"id":73805,"n":"Biscuit fourré cacao Eco+ x12 - 225g","p":0.93,"u":"4,13 €/KG","img":"https://fd13-photos.leclercdrive.fr/image.ashx?id=2834223&use=l&cat=p&typeid=i","cat":284488},{"id":73806,"n":"Eau de javel Eco+ 3x250ml","p":0.48,"u":"0,64 €/L","img":"https://fd13-photos.leclercdrive.fr/image.ashx?id=3007612&use=l&cat=p&typeid=i","cat":284661},{"id":73807,"n":"Carré coton bébé Eco+ x60","p":0.99,"u":"0,02 €/P","img":"https://fd13-photos.leclercdrive.fr/image.ashx?id=2987634&use=l&cat=p&typeid=i","cat":284739},{"id":74047,"n":"Parmentier de porc Eco+ 1kg","p":2.6,"u":"2,60 €/KG","img":"https://fd13-photos.leclercdrive.fr/image.ashx?id=2774885&use=l&cat=p&typeid=i","cat":284254},{"id":74048,"n":"Lasagnes à la bolognaise Eco + 1kg","p":2.54,"u":"2,54 €/KG","img":"https://fd13-photos.leclercdrive.fr/image.ashx?id=2779166&use=l&cat=p&typeid=i","cat":284254},{"id":74089,"n":"Batonnets Poissons panés Eco+ x15 - 450g","p":1.6,"u":"3,56 €/KG","img":"https://fd13-photos.leclercdrive.fr/image.ashx?id=2843565&use=l&cat=p&typeid=i","cat":319788},{"id":74090,"n":"Nectar Multifruits Eco+ Brique - 2L","p":1.38,"u":"0,69 €/L","img":"https://fd13-photos.leclercdrive.fr/image.ashx?id=2751853&use=l&cat=p&typeid=i","cat":284917},{"id":74091,"n":"Mozzarella Eco+ 18%mg - 125g","p":0.76,"u":"6,08 €/KG","img":"https://fd13-photos.leclercdrive.fr/image.ashx?id=2754868&use=l&cat=p&typeid=i","cat":314026},{"id":74105,"n":"Pur jus d'orange Eco  1.5L","p":2.46,"u":"1,64 €/L","img":"https://fd13-photos.leclercdrive.fr/image.ashx?id=2720136&use=l&cat=p&typeid=i","cat":284521},{"id":74110,"n":"Chorizo doux Eco+ 250g","p":1.66,"u":"6,64 €/KG","img":"https://fd13-photos.leclercdrive.fr/image.ashx?id=2694082&use=l&cat=p&typeid=i","cat":316006},{"id":74112,"n":"Pommes frites Eco+ 1kg","p":1.68,"u":"1,68 €/KG","img":"https://fd13-photos.leclercdrive.fr/image.ashx?id=2958302&use=l&cat=p&typeid=i","cat":319791},{"id":74115,"n":"Petit Brie Eco+ 32%mg - 500g","p":3.39,"u":"6,78 €/KG","img":"https://fd13-photos.leclercdrive.fr/image.ashx?id=2938403&use=l&cat=p&typeid=i","cat":314033},{"id":74116,"n":"Bière blonde de luxe 4% - 50cl","p":0.57,"u":"1,14 €/L","img":"https://fd13-photos.leclercdrive.fr/image.ashx?id=2955599&use=l&cat=p&typeid=i","cat":334853},{"id":74123,"n":"Citron jaune Rustica 200ml","p":0.79,"u":"3,95 €/L","img":"https://fd13-photos.leclercdrive.fr/image.ashx?id=2627652&use=l&cat=p&typeid=i","cat":288383},{"id":74124,"n":"Citron vert Rustica 200ml","p":0.89,"u":"4,45 €/L","img":"https://fd13-photos.leclercdrive.fr/image.ashx?id=2635768&use=l&cat=p&typeid=i","cat":288383},{"id":74133,"n":"Bâtonnets de Surimi Pêche Océan MSC - x18 bâtonnets - 300g","p":2.05,"u":"6,83 €/KG","img":"https://fd13-photos.leclercdrive.fr/image.ashx?id=2981894&use=l&cat=p&typeid=i","cat":285189},{"id":74344,"n":"Shampooing Naturé Moi Nourrissant - 250ml","p":2.3,"u":"9,20 €/L","img":"https://fd13-photos.leclercdrive.fr/image.ashx?id=2741472&use=l&cat=p&typeid=i","cat":284606},{"id":74354,"n":"Brosse à dents Elmex Sensitive Souple - x1","p":2.14,"img":"https://fd13-photos.leclercdrive.fr/image.ashx?id=2099486&use=l&cat=p&typeid=i","cat":284614},{"id":74381,"n":"Mousse de canard Madrange Au porto - 180g","p":1.65,"u":"9,17 €/KG","img":"https://fd13-photos.leclercdrive.fr/image.ashx?id=2865704&use=l&cat=p&typeid=i","cat":316008},{"id":74436,"n":"AOC Champagne Brut Montaudon Réserve première - 75cl","p":22.8,"u":"30,40 €/L","img":"https://fd13-photos.leclercdrive.fr/image.ashx?id=2504803&use=l&cat=p&typeid=i","cat":284542},{"id":74697,"n":"Fondue aux 3 fromages Président 16%mg - 600g","p":7.8,"u":"13,00 €/KG","img":"https://fd13-photos.leclercdrive.fr/image.ashx?id=2632996&use=l&cat=p&typeid=i","cat":314037},{"id":74857,"n":"Gateaux P'tit Déli Tout chocolat x7 - 210g","p":2.2,"u":"10,48 €/KG","img":"https://fd13-photos.leclercdrive.fr/image.ashx?id=1947372&use=l&cat=p&typeid=i","cat":294776},{"id":74860,"n":"Champignons Notre Jardin A la grecque - 400g","p":1.56,"u":"3,90 €/KG","img":"https://fd13-photos.leclercdrive.fr/image.ashx?id=2531101&use=l&cat=p&typeid=i","cat":312610},{"id":74999,"n":"Filet mignon de porc Ecrasé de pommes de terre 300g","p":2.88,"u":"9,60 €/KG","img":"https://fd13-photos.leclercdrive.fr/image.ashx?id=2962335&use=l&cat=p&typeid=i","cat":284953},{"id":75017,"n":"Maquereaux Pêche Océan Grillé nature - 97g","p":1.81,"u":"18,66 €/KG","img":"https://fd13-photos.leclercdrive.fr/image.ashx?id=2394681&use=l&cat=p&typeid=i","cat":303868},{"id":75337,"n":"Café en grains Méo L'original Bio - 500g","p":8.8,"u":"17,60 €/KG","img":"https://fd13-photos.leclercdrive.fr/image.ashx?id=2798533&use=l&cat=p&typeid=i","cat":293237},{"id":75338,"n":"Sachets Infusion bio Clipper Mes belles gambettes - 40g","p":2.21,"u":"55,25 €/KG","img":"https://fd13-photos.leclercdrive.fr/image.ashx?id=2908300&use=l&cat=p&typeid=i","cat":293234},{"id":75359,"n":"Soupe mouliné bio Knorr Tomates oignons et herbes - 1L","p":3.28,"u":"3,28 €/L","img":"https://fd13-photos.leclercdrive.fr/image.ashx?id=2312949&use=l&cat=p&typeid=i","cat":284462},{"id":75402,"n":"Chorizo Tranché Justin Bridou Doux - 20 Tranches - 150g","p":2.99,"u":"19,93 €/KG","img":"https://fd13-photos.leclercdrive.fr/image.ashx?id=2549747&use=l&cat=p&typeid=i","cat":316007},{"id":75421,"n":"Avoine cuisiné bio Bjorg 200ml","p":1.09,"u":"5,45 €/L","img":"https://fd13-photos.leclercdrive.fr/image.ashx?id=2757292&use=l&cat=p&typeid=i","cat":288383},{"id":75426,"n":"Tofu fumé bio Bjorg - 2x100g","p":2.78,"u":"13,90 €/KG","img":"https://fd13-photos.leclercdrive.fr/image.ashx?id=2928531&use=l&cat=p&typeid=i","cat":284953},{"id":75428,"n":"Terrines d'olives Bio Bjorg 125g","p":2.68,"u":"21,44 €/KG","img":"https://fd13-photos.leclercdrive.fr/image.ashx?id=2786060&use=l&cat=p&typeid=i","cat":315999},{"id":75475,"n":"Biscuits Oréo Format familial 440g","p":3.5,"u":"7,95 €/KG","img":"https://fd13-photos.leclercdrive.fr/image.ashx?id=2903827&use=l&cat=p&typeid=i","cat":284488},{"id":75491,"n":"Tablette chocolat au lait Lindt Praliné noisettes - 225g","p":3.95,"u":"17,56 €/KG","img":"https://fd13-photos.leclercdrive.fr/image.ashx?id=2423756&use=l&cat=p&typeid=i","cat":284497},{"id":75539,"n":"Saucisse cockail Tradilege Bacon - 300g","p":2.82,"u":"9,40 €/KG","img":"https://fd13-photos.leclercdrive.fr/image.ashx?id=2930784&use=l&cat=p&typeid=i","cat":316012},{"id":75557,"n":"Tablette de chocolat noir Lindt Praliné Noisettes - 225g","p":3.97,"u":"17,64 €/KG","img":"https://fd13-photos.leclercdrive.fr/image.ashx?id=2606912&use=l&cat=p&typeid=i","cat":284956},{"id":75572,"n":"Yaourts nature bifidus Activia 16x125g","p":4.51,"u":"2,26 €/KG","img":"https://fd13-photos.leclercdrive.fr/image.ashx?id=2741700&use=l&cat=p&typeid=i","cat":315000},{"id":75593,"n":"Ail blanc bio Bio Village 250g","p":3.79,"u":"15,16 €/KG","img":"https://fd13-photos.leclercdrive.fr/image.ashx?id=2922457&use=l&cat=p&typeid=i","cat":284352},{"id":75604,"n":"Effilés viandes Plénima  Chat adulte - 4x85g","p":1.56,"u":"4,59 €/KG","img":"https://fd13-photos.leclercdrive.fr/image.ashx?id=2361122&use=l&cat=p&typeid=i","cat":285286},{"id":75629,"n":"Liégeois chocolat Bio Bio village - 4x100g","p":1.89,"u":"4,73 €/KG","img":"https://fd13-photos.leclercdrive.fr/image.ashx?id=2992639&use=l&cat=p&typeid=i","cat":285042},{"id":75984,"n":"Crevettes Bio Bio Village 100g","p":3.28,"u":"32,80 €/KG","img":"https://fd13-photos.leclercdrive.fr/image.ashx?id=2121564&use=l&cat=p&typeid=i","cat":284343},{"id":75986,"n":"Pizza Feu de bois Bio Village Bio Margharita - 350g","p":3.29,"u":"9,40 €/KG","img":"https://fd13-photos.leclercdrive.fr/image.ashx?id=2943668&use=l&cat=p&typeid=i","cat":284256},{"id":76008,"n":"Chocolat au lait Lindt Création La Crème brûlée - 150g","p":3.04,"u":"20,27 €/KG","img":"https://fd13-photos.leclercdrive.fr/image.ashx?id=2685802&use=l&cat=p&typeid=i","cat":284497},{"id":76011,"n":"Chocolat noir Lindt Création Le Rocher noir - 150g","p":3.04,"u":"20,27 €/KG","img":"https://fd13-photos.leclercdrive.fr/image.ashx?id=2685808&use=l&cat=p&typeid=i","cat":284956},{"id":76015,"n":"Biscuit Speculoos Lotus Biscoff Original - 250g (2x125g)","p":1.52,"u":"6,08 €/KG","img":"https://fd13-photos.leclercdrive.fr/image.ashx?id=2854735&use=l&cat=p&typeid=i","cat":284487},{"id":76024,"n":"Pain de mie seigle Epi d'Or 800g","p":2.6,"u":"3,25 €/KG","img":"https://fd13-photos.leclercdrive.fr/image.ashx?id=2209285&use=l&cat=p&typeid=i","cat":284477},{"id":76025,"n":"Cookies chocolat Eco+ Pépites de chocolat - 200g","p":0.97,"u":"4,85 €/KG","img":"https://fd13-photos.leclercdrive.fr/image.ashx?id=2821872&use=l&cat=p&typeid=i","cat":325066},{"id":76026,"n":"Biscuit tablette Eco+ Chocolat noir - 150g","p":1.07,"u":"7,13 €/KG","img":"https://fd13-photos.leclercdrive.fr/image.ashx?id=2698135&use=l&cat=p&typeid=i","cat":284488},{"id":76113,"n":"Fromage de Chèvre rapé  Les Croisés -  150g","p":2.69,"u":"17,93 €/KG","img":"https://fd13-photos.leclercdrive.fr/image.ashx?id=2897799&use=l&cat=p&typeid=i","cat":314035},{"id":76119,"n":"Secret de mousse La Laitière Chocolat au lait - 4x59g","p":1.47,"u":"6,23 €/KG","img":"https://fd13-photos.leclercdrive.fr/image.ashx?id=2729740&use=l&cat=p&typeid=i","cat":284417},{"id":76120,"n":"Secret de mousse la Laitière Chocolat noir - 4x59g","p":1.48,"u":"6,27 €/KG","img":"https://fd13-photos.leclercdrive.fr/image.ashx?id=2616835&use=l&cat=p&typeid=i","cat":284417},{"id":76147,"n":"Yaourt Nature Panier de Yoplait Lit de Fruits Rouges - 6x140g","p":2.87,"u":"3,42 €/KG","img":"https://fd13-photos.leclercdrive.fr/image.ashx?id=2884423&use=l&cat=p&typeid=i","cat":284410},{"id":76211,"n":"L'ours d'or Haribo Sachet bonbons - 300g","p":1.81,"u":"6,03 €/KG","img":"https://fd13-photos.leclercdrive.fr/image.ashx?id=2805201&use=l&cat=p&typeid=i","cat":304250},{"id":76212,"n":"Tutti Candi Haribo Sachet bonbons - 250g","p":1.67,"u":"6,68 €/KG","img":"https://fd13-photos.leclercdrive.fr/image.ashx?id=2984910&use=l&cat=p&typeid=i","cat":304250},{"id":76214,"n":"Chamallows Choco Haribo Sachet bonbons guimauve - 160g","p":1.85,"u":"11,56 €/KG","img":"https://fd13-photos.leclercdrive.fr/image.ashx?id=2984919&use=l&cat=p&typeid=i","cat":304250},{"id":76219,"n":"Cannelloni Côté Table 800g","p":2.99,"u":"3,74 €/KG","img":"https://fd13-photos.leclercdrive.fr/image.ashx?id=2977897&use=l&cat=p&typeid=i","cat":284442},{"id":76220,"n":"Raviolis Côté Table Aux 6 légumes - 800g","p":2.29,"u":"2,86 €/KG","img":"https://fd13-photos.leclercdrive.fr/image.ashx?id=2977903&use=l&cat=p&typeid=i","cat":284442},{"id":76221,"n":"Pur jus Bio Village Bio Citron Sicile - 25cl","p":1.29,"u":"5,16 €/L","img":"https://fd13-photos.leclercdrive.fr/image.ashx?id=3010446&use=l&cat=p&typeid=i","cat":288383},{"id":76224,"n":"Maoam Stripes Haribo Sachet bonbons - 250g","p":2.06,"u":"8,24 €/KG","img":"https://fd13-photos.leclercdrive.fr/image.ashx?id=2953561&use=l&cat=p&typeid=i","cat":304250},{"id":76272,"n":"Lasagnes bolognaises Côté Table Viande de boeuf français - 600g","p":2.99,"u":"4,98 €/KG","img":"https://fd13-photos.leclercdrive.fr/image.ashx?id=2597324&use=l&cat=p&typeid=i","cat":284254},{"id":76313,"n":"Hygiène parfaite Dr Beckmann Lave-linge - 250g","p":2.8,"u":"11,20 €/KG","img":"https://fd13-photos.leclercdrive.fr/image.ashx?id=2569821&use=l&cat=p&typeid=i","cat":284653},{"id":76322,"n":"Mini crackers Tokapi Salés - 4x75g","p":3.11,"u":"10,37 €/KG","img":"https://fd13-photos.leclercdrive.fr/image.ashx?id=2691438&use=l&cat=p&typeid=i","cat":297000},{"id":76360,"n":"Soda Schweppes Indian Tonic - 1L","p":1.47,"u":"1,47 €/L","img":"https://fd13-photos.leclercdrive.fr/image.ashx?id=2852399&use=l&cat=p&typeid=i","cat":284531},{"id":76397,"n":"Tablette chocolat au lait Lindt Noisettes 34% - 150g","p":3.87,"u":"25,80 €/KG","img":"https://fd13-photos.leclercdrive.fr/image.ashx?id=1877960&use=l&cat=p&typeid=i","cat":284497},{"id":76403,"n":"Tablette Chocolat Blanc Crunch 2x100g","p":3.34,"u":"16,70 €/KG","img":"https://fd13-photos.leclercdrive.fr/image.ashx?id=2899734&use=l&cat=p&typeid=i","cat":284957},{"id":76454,"n":"Dos de Colin d'Alaska Findus MSC - x6 - 660g","p":8.46,"u":"12,82 €/KG","img":"https://fd13-photos.leclercdrive.fr/image.ashx?id=2735341&use=l&cat=p&typeid=i","cat":319786},{"id":76501,"n":"Chips Tortilla Old El Paso Nachips - 185g","p":2.26,"u":"12,22 €/KG","img":"https://fd13-photos.leclercdrive.fr/image.ashx?id=2444519&use=l&cat=p&typeid=i","cat":288993},{"id":76515,"n":"AOP Petit-Chablis blanc Union Vignerons - 75 cl","p":9.97,"u":"13,29 €/L","img":"https://fd13-photos.leclercdrive.fr/image.ashx?id=2417884&use=l&cat=p&typeid=i","cat":289557},{"id":76599,"n":"Lait UHT C'est Qui Le Patron Demi-écrémé - Brique 6x1L","p":7.62,"u":"1,27 €/L","img":"https://fd13-photos.leclercdrive.fr/image.ashx?id=2763274&use=l&cat=p&typeid=i","cat":284377},{"id":76647,"n":"Sauce vinaigrette Tête Noire  Aux tomates séchées - 55cl","p":4.18,"u":"7,60 €/L","img":"https://fd13-photos.leclercdrive.fr/image.ashx?id=2851713&use=l&cat=p&typeid=i","cat":284456},{"id":76687,"n":"Citronnade pétillante Pulco Citron - 1L","p":1.99,"u":"1,99 €/L","img":"https://fd13-photos.leclercdrive.fr/image.ashx?id=2850482&use=l&cat=p&typeid=i","cat":284532},{"id":76719,"n":"Serviette papier Aqua Homeside Triple épaisseur 40x40cm - x20","p":1.39,"u":"0,07 €/P","img":"https://fd13-photos.leclercdrive.fr/image.ashx?id=2711710&use=l&cat=p&typeid=i","cat":334134},{"id":76721,"n":"Serviette papier Olive Homeside Triple épaisseur 40x40cm - x20","p":1.39,"u":"0,07 €/P","img":"https://fd13-photos.leclercdrive.fr/image.ashx?id=2712337&use=l&cat=p&typeid=i","cat":334134},{"id":76725,"n":"Serviette papier Rouge Homeside Triple épaisseur 40x40cm - x20","p":1.39,"u":"0,07 €/P","img":"https://fd13-photos.leclercdrive.fr/image.ashx?id=1659735&use=l&cat=p&typeid=i","cat":334134},{"id":76728,"n":"Serviette papier Homeside Bleu ciel 40x40cm - x20","p":1.39,"u":"0,07 €/P","img":"https://fd13-photos.leclercdrive.fr/image.ashx?id=2738985&use=l&cat=p&typeid=i","cat":334134},{"id":76731,"n":"Sachet mini burger Trolli 100g","p":2.33,"u":"23,30 €/KG","img":"https://fd13-photos.leclercdrive.fr/image.ashx?id=2651179&use=l&cat=p&typeid=i","cat":304250},{"id":76776,"n":"Eau de toilette Daniel Hechter  Homme Caractère - 50ml","p":14.29,"pp":10.0,"u":"200,00 €/L","img":"https://fd13-photos.leclercdrive.fr/image.ashx?id=2526953&use=l&cat=p&typeid=i","cat":287740},{"id":76778,"n":"Eau micellaire Skinactive Peaux sèches visage - 100ml","p":2.39,"u":"23,90 €/L","img":"https://fd13-photos.leclercdrive.fr/image.ashx?id=2367811&use=l&cat=p&typeid=i","cat":284603},{"id":76780,"n":"Eau micellaire Mixa  Bio peaux sensibles - 200ml","p":3.18,"u":"15,90 €/L","img":"https://fd13-photos.leclercdrive.fr/image.ashx?id=2421853&use=l&cat=p&typeid=i","cat":284603},{"id":76783,"n":"Eau de Toilette Femme Eau Jeune Echappée Belle - 75ml","p":6.87,"pp":4.81,"u":"64,13 €/L","img":"https://fd13-photos.leclercdrive.fr/image.ashx?id=2458745&use=l&cat=p&typeid=i","cat":291525},{"id":76802,"n":"Biscuits cacao Kinder Cards Au lait et au cacao x5 - 128g","p":1.88,"u":"14,69 €/KG","img":"https://fd13-photos.leclercdrive.fr/image.ashx?id=2673328&use=l&cat=p&typeid=i","cat":284488},{"id":76859,"n":"Pâté de boeuf pour chat Eco+ Barquette - 100g","p":0.24,"u":"2,40 €/KG","img":"https://fd13-photos.leclercdrive.fr/image.ashx?id=2052724&use=l&cat=p&typeid=i","cat":285286},{"id":76861,"n":"Pâté au poisson pour chat Eco+ Barquette - 100g","p":0.24,"u":"2,40 €/KG","img":"https://fd13-photos.leclercdrive.fr/image.ashx?id=2052742&use=l&cat=p&typeid=i","cat":285286},{"id":76864,"n":"Gelée Bonne Maman Mûres - 370g","p":2.48,"u":"6,70 €/KG","img":"https://fd13-photos.leclercdrive.fr/image.ashx?id=2476305&use=l&cat=p&typeid=i","cat":284480},{"id":76870,"n":"Sachet fraîcheur chien Pedigree  Mixte en gelée - 12x100g","p":5.01,"u":"4,18 €/KG","img":"https://fd13-photos.leclercdrive.fr/image.ashx?id=2870239&use=l&cat=p&typeid=i","cat":284673},{"id":76875,"n":"Confiture Bonne Maman Fraise intense - 335g","p":1.95,"u":"5,82 €/KG","img":"https://fd13-photos.leclercdrive.fr/image.ashx?id=2341008&use=l&cat=p&typeid=i","cat":284480},{"id":76876,"n":"Confiture Bonne Maman Abricot intense - 335g","p":2.04,"u":"6,09 €/KG","img":"https://fd13-photos.leclercdrive.fr/image.ashx?id=2341011&use=l&cat=p&typeid=i","cat":284480},{"id":76877,"n":"Confiture Bonne Maman Framboise intense - 335g","p":2.59,"u":"7,73 €/KG","img":"https://fd13-photos.leclercdrive.fr/image.ashx?id=2341017&use=l&cat=p&typeid=i","cat":284480},{"id":76878,"n":"Confiture Bonne Maman Fruits rouges intense - 335g","p":2.13,"u":"6,36 €/KG","img":"https://fd13-photos.leclercdrive.fr/image.ashx?id=2900977&use=l&cat=p&typeid=i","cat":284480},{"id":76879,"n":"Confiture Bonne Maman Orange amère intense - 335g","p":2.2,"u":"6,57 €/KG","img":"https://fd13-photos.leclercdrive.fr/image.ashx?id=3005128&use=l&cat=p&typeid=i","cat":284480},{"id":76880,"n":"Confiture Bonne Maman Myrtille intense - 335g","p":2.48,"u":"7,40 €/KG","img":"https://fd13-photos.leclercdrive.fr/image.ashx?id=2341020&use=l&cat=p&typeid=i","cat":284480},{"id":76883,"n":"Sachet chat stérilisé Perfect Fit poissons sauce - 4x85g","p":2.69,"u":"7,91 €/KG","img":"https://fd13-photos.leclercdrive.fr/image.ashx?id=2759724&use=l&cat=p&typeid=i","cat":285286},{"id":76886,"n":"Sachet chat stérilisé Perfect  Fit poulet saumon sauce - 4x85g","p":2.74,"u":"8,06 €/KG","img":"https://fd13-photos.leclercdrive.fr/image.ashx?id=2759727&use=l&cat=p&typeid=i","cat":285286},{"id":76887,"n":"Friandises chien Pedigree  Récompense poulet canard - 130g","p":1.86,"u":"14,31 €/KG","img":"https://fd13-photos.leclercdrive.fr/image.ashx?id=2985555&use=l&cat=p&typeid=i","cat":294527},{"id":76888,"n":"Compotes Pom'Potes Gourdes  Multivariétés - 12x90g","p":4.94,"u":"4,57 €/KG","img":"https://fd13-photos.leclercdrive.fr/image.ashx?id=2986143&use=l&cat=p&typeid=i","cat":284508},{"id":76889,"n":"Compotes Pom'Potes Gourdes  Pomme Nature - 20x90g","p":7.24,"u":"4,02 €/KG","img":"https://fd13-photos.leclercdrive.fr/image.ashx?id=2889220&use=l&cat=p&typeid=i","cat":284508},{"id":76893,"n":"Gousse vanille bourbon Vahiné De Madagascar Bio - x1","p":4.67,"img":"https://fd13-photos.leclercdrive.fr/image.ashx?id=2559847&use=l&cat=p&typeid=i","cat":284504},{"id":76895,"n":"Lait croissance Bio Guigoz En poudre - dès 12 mois - 800g","p":15.12,"u":"18,90 €/KG","img":"https://fd13-photos.leclercdrive.fr/image.ashx?id=2740289&use=l&cat=p&typeid=i","cat":290219},{"id":76999,"n":"Vinaigre de vin rouge Maille 50cl","p":1.99,"u":"3,98 €/L","img":"https://fd13-photos.leclercdrive.fr/image.ashx?id=2812747&use=l&cat=p&typeid=i","cat":298543},{"id":77005,"n":"Haricots verts Rochefontaine Extra fin bocal carré bio 180g","p":2.5,"u":"13,89 €/KG","img":"https://fd13-photos.leclercdrive.fr/image.ashx?id=2985102&use=l&cat=p&typeid=i","cat":312606},{"id":77008,"n":"Petits pains grillés Epi d'Or Briochés - 225g","p":1.45,"u":"6,44 €/KG","img":"https://fd13-photos.leclercdrive.fr/image.ashx?id=2496416&use=l&cat=p&typeid=i","cat":284479},{"id":77010,"n":"Lait concentré sucré Nestlé 8% MG - 397g","p":1.7,"u":"4,28 €/KG","img":"https://fd13-photos.leclercdrive.fr/image.ashx?id=2906832&use=l&cat=p&typeid=i","cat":299162},{"id":77017,"n":"Vinaigrette Maille Huile sésame/soja - 36cl","p":3.0,"u":"8,33 €/L","img":"https://fd13-photos.leclercdrive.fr/image.ashx?id=2985657&use=l&cat=p&typeid=i","cat":284456},{"id":77213,"n":"Eau minérale Mont Blanc 6x1L","p":3.36,"u":"0,56 €/L","img":"https://fd13-photos.leclercdrive.fr/image.ashx?id=2650327&use=l&cat=p&typeid=i","cat":284535},{"id":77289,"n":"Friandises chats  Félix Poulet, foie, dinde  - 200g","p":2.58,"u":"12,90 €/KG","img":"https://fd13-photos.leclercdrive.fr/image.ashx?id=2740859&use=l&cat=p&typeid=i","cat":285285},{"id":77290,"n":"Friandises chats Félix Saveur ocean Saumon,truite 200g","p":2.58,"u":"12,90 €/KG","img":"https://fd13-photos.leclercdrive.fr/image.ashx?id=2940465&use=l&cat=p&typeid=i","cat":285285},{"id":77359,"n":"Ravioli pur boeuf Côté Table Sauce italienne - 800g","p":2.19,"u":"2,74 €/KG","img":"https://fd13-photos.leclercdrive.fr/image.ashx?id=3015102&use=l&cat=p&typeid=i","cat":284442},{"id":77360,"n":"Ravioli bolognaise Côté Table 800g","p":2.89,"u":"3,61 €/KG","img":"https://fd13-photos.leclercdrive.fr/image.ashx?id=3015099&use=l&cat=p&typeid=i","cat":284442},{"id":77461,"n":"Lait UHT C'est Qui Le Patron Demi-écrémé - Brique 1L","p":1.19,"u":"1,19 €/L","img":"https://fd13-photos.leclercdrive.fr/image.ashx?id=2936455&use=l&cat=p&typeid=i","cat":284377},{"id":77465,"n":"Fromages râpé spécial Pizza Les Croisés familial - 350g","p":3.94,"u":"11,26 €/KG","img":"https://fd13-photos.leclercdrive.fr/image.ashx?id=2897805&use=l&cat=p&typeid=i","cat":314035},{"id":77562,"n":"AOC Champagne de Cazanove Réserve brut - 75cl","p":18.9,"u":"25,20 €/L","img":"https://fd13-photos.leclercdrive.fr/image.ashx?id=2106814&use=l&cat=p&typeid=i","cat":284542},{"id":77683,"n":"Gousses vanille Vahiné x2","p":6.97,"u":"3,49 €/P","img":"https://fd13-photos.leclercdrive.fr/image.ashx?id=2524317&use=l&cat=p&typeid=i","cat":284504},{"id":77731,"n":"Pâte à sucre Vahiné 250g","p":2.78,"u":"11,12 €/KG","img":"https://fd13-photos.leclercdrive.fr/image.ashx?id=2559874&use=l&cat=p&typeid=i","cat":284504},{"id":77735,"n":"IGP Vinaigrette à l'orange Maille 36cl","p":2.58,"u":"7,17 €/L","img":"https://fd13-photos.leclercdrive.fr/image.ashx?id=2082855&use=l&cat=p&typeid=i","cat":284456},{"id":77739,"n":"Crème sans rinçage Elsève Cheveu Abimé, Cassant - 200ml","p":5.28,"u":"26,40 €/L","img":"https://fd13-photos.leclercdrive.fr/image.ashx?id=2948980&use=l&cat=p&typeid=i","cat":284608},{"id":77746,"n":"Sauce Gourmet Amora Burger - 188g","p":1.63,"u":"8,67 €/KG","img":"https://fd13-photos.leclercdrive.fr/image.ashx?id=2387879&use=l&cat=p&typeid=i","cat":318430},{"id":77754,"n":"Pain grillé Pelletier Goût brioche - 500g","p":3.19,"u":"6,38 €/KG","img":"https://fd13-photos.leclercdrive.fr/image.ashx?id=3002246&use=l&cat=p&typeid=i","cat":284479},{"id":77755,"n":"Vinaigrette Légère MAILLE Vin Rouge & Echalotes - 36cl","p":2.46,"u":"6,83 €/L","img":"https://fd13-photos.leclercdrive.fr/image.ashx?id=2788154&use=l&cat=p&typeid=i","cat":284456},{"id":77791,"n":"Lingettes Lait Demak'up 3x23","p":6.1,"u":"0,09 €/P","img":"https://fd13-photos.leclercdrive.fr/image.ashx?id=2398691&use=l&cat=p&typeid=i","cat":284603},{"id":77811,"n":"Roll-On EasyWax Expert Veet Appareil + Recharge Cire 50ml","p":11.31,"u":"Dont 0,07 € d'éco-part.","img":"https://fd13-photos.leclercdrive.fr/image.ashx?id=2854345&use=l&cat=p&typeid=i","cat":325351},{"id":77855,"n":"Huile à barbe L'Oréal Paris Men Expert bois de cèdre - 30ml","p":8.31,"u":"277,00 €/L","img":"https://fd13-photos.leclercdrive.fr/image.ashx?id=3008770&use=l&cat=p&typeid=i","cat":284622},{"id":77871,"n":"Brosse à dent Aquafresh Flex Medium x3","p":3.99,"u":"1,33 €/P","img":"https://fd13-photos.leclercdrive.fr/image.ashx?id=2303855&use=l&cat=p&typeid=i","cat":284614},{"id":77890,"n":"Cake fourré fraise  Sans Gluten - x6 - 210g","p":3.01,"u":"14,33 €/KG","img":"https://fd13-photos.leclercdrive.fr/image.ashx?id=2568828&use=l&cat=p&typeid=i","cat":318654},{"id":77919,"n":"Dentifrice Email Diamant Blancheur absolue tube - 75ml","p":4.13,"u":"55,07 €/L","img":"https://fd13-photos.leclercdrive.fr/image.ashx?id=1781300&use=l&cat=p&typeid=i","cat":284612},{"id":77946,"n":"Soin visage L'Oréal Paris Revitalift anti-âge - 50ml","p":14.03,"u":"280,60 €/L","img":"https://fd13-photos.leclercdrive.fr/image.ashx?id=2867527&use=l&cat=p&typeid=i","cat":325345},{"id":77986,"n":"Houmous Blini 200g","p":1.98,"u":"9,90 €/KG","img":"https://fd13-photos.leclercdrive.fr/image.ashx?id=2487716&use=l&cat=p&typeid=i","cat":315999},{"id":77998,"n":"Yaourt Mini max Délisse Framboise - 8x100g","p":2.21,"u":"2,76 €/KG","img":"https://fd13-photos.leclercdrive.fr/image.ashx?id=2762507&use=l&cat=p&typeid=i","cat":284415},{"id":78005,"n":"Feta AOP Casa Azzurra Portion - 150g","p":3.19,"u":"21,27 €/KG","img":"https://fd13-photos.leclercdrive.fr/image.ashx?id=1620610&use=l&cat=p&typeid=i","cat":314026},{"id":78060,"n":"Spaghetti Chaque Jour  Sans gluten - 400g","p":1.6,"u":"4,00 €/KG","img":"https://fd13-photos.leclercdrive.fr/image.ashx?id=2872712&use=l&cat=p&typeid=i","cat":284427},{"id":78071,"n":"Café moulu L'Or Doux 100% Arabica - 2x250g","p":9.11,"u":"18,22 €/KG","img":"https://fd13-photos.leclercdrive.fr/image.ashx?id=1876661&use=l&cat=p&typeid=i","cat":284750},{"id":78075,"n":"Café moulu L'Or Intense 100% Arabica - 250g","p":4.66,"u":"18,64 €/KG","img":"https://fd13-photos.leclercdrive.fr/image.ashx?id=2289927&use=l&cat=p&typeid=i","cat":284750},{"id":78083,"n":"Capsules café L'Or Espresso Lungo Profondo N°8 x10","p":3.64,"u":"70,00 €/KG","img":"https://fd13-photos.leclercdrive.fr/image.ashx?id=2100281&use=l&cat=p&typeid=i","cat":284749},{"id":78084,"n":"Café moulu Carte Noire Décaféiné - 2x250g","p":10.52,"u":"21,04 €/KG","img":"https://fd13-photos.leclercdrive.fr/image.ashx?id=1624998&use=l&cat=p&typeid=i","cat":284750},{"id":78087,"n":"Café solubleMaxwell House Qualité Filtre Jarre - 100g","p":5.3,"u":"53,00 €/KG","img":"https://fd13-photos.leclercdrive.fr/image.ashx?id=1793910&use=l&cat=p&typeid=i","cat":284843},{"id":78097,"n":"Ail Ducros Flacon moulin - 40g","p":3.25,"u":"81,25 €/KG","img":"https://fd13-photos.leclercdrive.fr/image.ashx?id=2486569&use=l&cat=p&typeid=i","cat":298297},{"id":78098,"n":"Sauce Épicée TABASCO Piment Rouge - 60ml","p":2.38,"u":"39,67 €/L","img":"https://fd13-photos.leclercdrive.fr/image.ashx?id=2961317&use=l&cat=p&typeid=i","cat":298298},{"id":78105,"n":"Capsules café L'Or Espresso Splendente N°7 x10","p":3.08,"u":"59,23 €/KG","img":"https://fd13-photos.leclercdrive.fr/image.ashx?id=3000465&use=l&cat=p&typeid=i","cat":284749},{"id":78106,"n":"Capsules café L'Or Espresso Supremo N°10 x10","p":3.51,"u":"67,50 €/KG","img":"https://fd13-photos.leclercdrive.fr/image.ashx?id=2393756&use=l&cat=p&typeid=i","cat":284749},{"id":78107,"n":"Capsules café L'Or Espresso Decaffeinato N°6 x10","p":3.16,"u":"60,77 €/KG","img":"https://fd13-photos.leclercdrive.fr/image.ashx?id=2100275&use=l&cat=p&typeid=i","cat":284749},{"id":78108,"n":"Capsules café L'Or Espresso Or Absolu N°9 x10","p":3.63,"u":"69,81 €/KG","img":"https://fd13-photos.leclercdrive.fr/image.ashx?id=2100287&use=l&cat=p&typeid=i","cat":284749},{"id":78131,"n":"Penne Chaque Jour  Sans gluten - 400g","p":1.62,"u":"4,05 €/KG","img":"https://fd13-photos.leclercdrive.fr/image.ashx?id=2866247&use=l&cat=p&typeid=i","cat":284427},{"id":78135,"n":"Safran filament Ducros 0.35g","p":5.68,"img":"https://fd13-photos.leclercdrive.fr/image.ashx?id=2474296&use=l&cat=p&typeid=i","cat":298297},{"id":78137,"n":"Coquillettes Chaque Jour  Sans gluten - 400g","p":1.57,"u":"3,93 €/KG","img":"https://fd13-photos.leclercdrive.fr/image.ashx?id=2872715&use=l&cat=p&typeid=i","cat":284427},{"id":78138,"n":"Sablé de Retz Saint Michel Oter Bahlsen - 2x120g","p":1.35,"u":"5,63 €/KG","img":"https://fd13-photos.leclercdrive.fr/image.ashx?id=2935684&use=l&cat=p&typeid=i","cat":284487},{"id":78140,"n":"Tagliatelles Chaque Jour  Sans gluten - 250g","p":1.69,"u":"6,76 €/KG","img":"https://fd13-photos.leclercdrive.fr/image.ashx?id=2885771&use=l&cat=p&typeid=i","cat":284427},{"id":78154,"n":"Fusilli Chaque Jour  Sans gluten - 400g","p":1.75,"u":"4,38 €/KG","img":"https://fd13-photos.leclercdrive.fr/image.ashx?id=2885774&use=l&cat=p&typeid=i","cat":284427},{"id":78159,"n":"Barres céréales chocolat Chaque jour sans gluten - 132g","p":3.56,"u":"26,97 €/KG","img":"https://fd13-photos.leclercdrive.fr/image.ashx?id=2764395&use=l&cat=p&typeid=i","cat":318654},{"id":78160,"n":"Petits cookies Bonne Maman Pépites de chocolat - 250g","p":2.49,"u":"9,96 €/KG","img":"https://fd13-photos.leclercdrive.fr/image.ashx?id=2936170&use=l&cat=p&typeid=i","cat":325066},{"id":78162,"n":"Fondant chocolat Chaque jour sans Gluten - 500g","p":4.63,"u":"9,26 €/KG","img":"https://fd13-photos.leclercdrive.fr/image.ashx?id=2656457&use=l&cat=p&typeid=i","cat":318654},{"id":78176,"n":"Mini cônes Extrême Vanille Chocolat x8 - 312g","p":3.62,"u":"11,60 €/KG","img":"https://fd13-photos.leclercdrive.fr/image.ashx?id=2737030&use=l&cat=p&typeid=i","cat":284264},{"id":78188,"n":"Amandes grillées Wonderful En sachet - salées - 200g","p":5.14,"u":"25,70 €/KG","img":"https://fd13-photos.leclercdrive.fr/image.ashx?id=2659825&use=l&cat=p&typeid=i","cat":284357},{"id":78192,"n":"Pizza extrème Marie L'américaine - 530g","p":3.84,"u":"7,25 €/KG","img":"https://fd13-photos.leclercdrive.fr/image.ashx?id=2996767&use=l&cat=p&typeid=i","cat":284256},{"id":78204,"n":"Biscuits Palmito LU 100g","p":0.83,"u":"8,30 €/KG","img":"https://fd13-photos.leclercdrive.fr/image.ashx?id=3001949&use=l&cat=p&typeid=i","cat":284487},{"id":78210,"n":"Biscuits Nutella B-ready 6x22g","p":1.9,"u":"14,39 €/KG","img":"https://fd13-photos.leclercdrive.fr/image.ashx?id=2770602&use=l&cat=p&typeid=i","cat":284488},{"id":78212,"n":"Biscuits Mini Prince Fourré chocolat - 160g","p":1.83,"u":"11,44 €/KG","img":"https://fd13-photos.leclercdrive.fr/image.ashx?id=1864026&use=l&cat=p&typeid=i","cat":284488},{"id":78214,"n":"Cookies mini Granola Pépites de chocolat - 160g","p":1.7,"u":"10,63 €/KG","img":"https://fd13-photos.leclercdrive.fr/image.ashx?id=3002252&use=l&cat=p&typeid=i","cat":325066},{"id":78258,"n":"Repas bébé 6 mois Good Goût Bio Carottes poulet - 190g","p":3.9,"u":"20,53 €/KG","img":"https://fd13-photos.leclercdrive.fr/image.ashx?id=2968430&use=l&cat=p&typeid=i","cat":312236},{"id":78259,"n":"Repas bébé Good Goût Bio 6 mois Patate douces / Porc - 190g","p":3.32,"u":"17,47 €/KG","img":"https://fd13-photos.leclercdrive.fr/image.ashx?id=2633130&use=l&cat=p&typeid=i","cat":312236},{"id":78267,"n":"Gourdes bébé Good Goût - 6 mois bio Petit déj - Poire - 70g","p":1.34,"u":"19,14 €/KG","img":"https://fd13-photos.leclercdrive.fr/image.ashx?id=2736085&use=l&cat=p&typeid=i","cat":312393},{"id":78269,"n":"Gourde bébé Good Goût Bio 6Mois Petit déj - Fraise - 70g","p":1.3,"u":"18,57 €/KG","img":"https://fd13-photos.leclercdrive.fr/image.ashx?id=2736088&use=l&cat=p&typeid=i","cat":312393},{"id":78270,"n":"Gourde bébé Good Goût Bio 6Mois Petit déj : Myrtille - 70g","p":1.34,"u":"19,14 €/KG","img":"https://fd13-photos.leclercdrive.fr/image.ashx?id=2736091&use=l&cat=p&typeid=i","cat":312393},{"id":78271,"n":"Gourde bébé Good Goût Bio 6mois Petit déj - Pomme - 70g","p":1.46,"u":"20,86 €/KG","img":"https://fd13-photos.leclercdrive.fr/image.ashx?id=2736094&use=l&cat=p&typeid=i","cat":312393},{"id":78274,"n":"Mini galette de riz Good Goût Bio - pomme - 40g","p":1.76,"u":"44,00 €/KG","img":"https://fd13-photos.leclercdrive.fr/image.ashx?id=2633133&use=l&cat=p&typeid=i","cat":312227},{"id":78275,"n":"Mini galette de riz Good Goût Myrtille bio - 40g","p":1.81,"u":"45,25 €/KG","img":"https://fd13-photos.leclercdrive.fr/image.ashx?id=2532135&use=l&cat=p&typeid=i","cat":312227},{"id":78276,"n":"Biscuit tout ronds Good Goût Bio - vanille dès 10 mois - 80g","p":2.64,"u":"33,00 €/KG","img":"https://fd13-photos.leclercdrive.fr/image.ashx?id=2736097&use=l&cat=p&typeid=i","cat":312227},{"id":78277,"n":"Céréales Bio Good Goût - 6 mois Avoine Blé Riz - 200g","p":3.26,"u":"16,30 €/KG","img":"https://fd13-photos.leclercdrive.fr/image.ashx?id=2640049&use=l&cat=p&typeid=i","cat":312225},{"id":78278,"n":"Muesli BIO Good Goût  - 8 mois Fraise - 200g","p":3.43,"u":"17,15 €/KG","img":"https://fd13-photos.leclercdrive.fr/image.ashx?id=2586980&use=l&cat=p&typeid=i","cat":312225},{"id":78430,"n":"Coquilles St Jacques  à la bretonne - 2x110g","p":5.52,"u":"25,09 €/KG","img":"https://fd13-photos.leclercdrive.fr/image.ashx?id=2604620&use=l&cat=p&typeid=i","cat":319775},{"id":78447,"n":"Café soluble Nescafé Spécial filtre décaféiné - 200g","p":8.32,"u":"41,60 €/KG","img":"https://fd13-photos.leclercdrive.fr/image.ashx?id=2864071&use=l&cat=p&typeid=i","cat":284843},{"id":78454,"n":"Biscuits petit déjeuner Belvita Chocolat - 600g","p":3.79,"u":"6,32 €/KG","img":"https://fd13-photos.leclercdrive.fr/image.ashx?id=2345484&use=l&cat=p&typeid=i","cat":284491},{"id":78488,"n":"Cacahuètes Menguy's Grillées salées - 450g","p":3.74,"u":"8,31 €/KG","img":"https://fd13-photos.leclercdrive.fr/image.ashx?id=2979794&use=l&cat=p&typeid=i","cat":284448},{"id":78496,"n":"Boudoirs Brossard x30 - 175g","p":1.52,"u":"8,69 €/KG","img":"https://fd13-photos.leclercdrive.fr/image.ashx?id=2964995&use=l&cat=p&typeid=i","cat":284487},{"id":78544,"n":"Ravioli pur boeuf Côté Table  400g","p":1.35,"u":"3,38 €/KG","img":"https://fd13-photos.leclercdrive.fr/image.ashx?id=3014281&use=l&cat=p&typeid=i","cat":284442},{"id":78546,"n":"Ravioli bolognaise Côté Table 400g","p":1.99,"u":"4,98 €/KG","img":"https://fd13-photos.leclercdrive.fr/image.ashx?id=3014275&use=l&cat=p&typeid=i","cat":284442},{"id":78574,"n":"Biscuits Choc'land Magie BN Chocolat au lait - 150g","p":1.88,"u":"12,53 €/KG","img":"https://fd13-photos.leclercdrive.fr/image.ashx?id=1739699&use=l&cat=p&typeid=i","cat":284488},{"id":78577,"n":"Gaufrettes Brun  Chocolat - 146g","p":0.92,"u":"6,30 €/KG","img":"https://fd13-photos.leclercdrive.fr/image.ashx?id=2842543&use=l&cat=p&typeid=i","cat":284487},{"id":78580,"n":"Gaufrettes Brun  Vanille - 146g","p":0.92,"u":"6,30 €/KG","img":"https://fd13-photos.leclercdrive.fr/image.ashx?id=2354320&use=l&cat=p&typeid=i","cat":284487},{"id":78586,"n":"Biscuits cuillers Brossard Pâtissier -300g","p":3.83,"u":"12,77 €/KG","img":"https://fd13-photos.leclercdrive.fr/image.ashx?id=2983384&use=l&cat=p&typeid=i","cat":284487},{"id":78594,"n":"Biscuits croquants Délichoc Chocolat noir - 150g","p":1.72,"u":"11,47 €/KG","img":"https://fd13-photos.leclercdrive.fr/image.ashx?id=2956307&use=l&cat=p&typeid=i","cat":284488},{"id":78614,"n":"Acetone Mieuxa 1L","p":5.3,"u":"5,30 €/L","img":"https://fd13-photos.leclercdrive.fr/image.ashx?id=2276996&use=l&cat=p&typeid=i","cat":300576},{"id":78618,"n":"Assiettes en carton Eco+ x100","p":3.09,"img":"https://fd13-photos.leclercdrive.fr/image.ashx?id=1307672&use=l&cat=p&typeid=i","cat":334134},{"id":78628,"n":"Serviettes blanches Homeside x30 - 38cmx38cm - 2 plis","p":1.31,"u":"0,04 €/P","img":"https://fd13-photos.leclercdrive.fr/image.ashx?id=1659693&use=l&cat=p&typeid=i","cat":334134},{"id":78634,"n":"Pétrole désaromatisé Mieuxa 1L","p":6.5,"u":"6,50 €/L","img":"https://fd13-photos.leclercdrive.fr/image.ashx?id=2277035&use=l&cat=p&typeid=i","cat":300576},{"id":78642,"n":"Nappe damassée Homeside Turquoise - 7m","p":2.96,"img":"https://fd13-photos.leclercdrive.fr/image.ashx?id=2713581&use=l&cat=p&typeid=i","cat":334134},{"id":78643,"n":"Serviettes 2 plis Ardence Aqua - 38x38cm - x30","p":1.7,"u":"0,06 €/P","img":"https://fd13-photos.leclercdrive.fr/image.ashx?id=2744125&use=l&cat=p&typeid=i","cat":334134},{"id":78645,"n":"Nappe damassée Homeside Bleu ciel - 7m","p":2.96,"u":"0,42 €/MT","img":"https://fd13-photos.leclercdrive.fr/image.ashx?id=2693144&use=l&cat=p&typeid=i","cat":334134},{"id":78667,"n":"Confiture Lucien Georgelin Rhubarbe - 320g","p":2.18,"u":"6,81 €/KG","img":"https://fd13-photos.leclercdrive.fr/image.ashx?id=1638865&use=l&cat=p&typeid=i","cat":284480},{"id":78674,"n":"Préparation Ananas/Kiwi Lucien Georgelin - 320g","p":2.4,"u":"7,50 €/KG","img":"https://fd13-photos.leclercdrive.fr/image.ashx?id=1638397&use=l&cat=p&typeid=i","cat":284480},{"id":78680,"n":"Champagne brut demie Rothschild 37.5cl","p":11.66,"u":"31,09 €/L","img":"https://fd13-photos.leclercdrive.fr/image.ashx?id=2686603&use=l&cat=p&typeid=i","cat":284542},{"id":78714,"n":"Mayonnaise Eco+ Flacon souple - 450g","p":1.27,"u":"2,82 €/KG","img":"https://fd13-photos.leclercdrive.fr/image.ashx?id=1293846&use=l&cat=p&typeid=i","cat":298295},{"id":78715,"n":"Gaufrettes vanille Eco+ 190g","p":0.69,"u":"3,63 €/KG","img":"https://fd13-photos.leclercdrive.fr/image.ashx?id=2760786&use=l&cat=p&typeid=i","cat":284487},{"id":78716,"n":"Gaufrettes chocolat Eco+ 190g","p":0.69,"u":"3,63 €/KG","img":"https://fd13-photos.leclercdrive.fr/image.ashx?id=2843036&use=l&cat=p&typeid=i","cat":284487},{"id":78719,"n":"Goûter fourré rond Eco+ Vanille - 500g","p":1.43,"u":"2,86 €/KG","img":"https://fd13-photos.leclercdrive.fr/image.ashx?id=3014341&use=l&cat=p&typeid=i","cat":284489},{"id":78723,"n":"Petits beurre Eco+ x24 - 175g","p":0.58,"u":"3,31 €/KG","img":"https://fd13-photos.leclercdrive.fr/image.ashx?id=2758782&use=l&cat=p&typeid=i","cat":284487},{"id":78726,"n":"Biscuits petit déjeuner Eco+ x25 - 350g","p":0.73,"u":"2,09 €/KG","img":"https://fd13-photos.leclercdrive.fr/image.ashx?id=2550821&use=l&cat=p&typeid=i","cat":284491},{"id":78728,"n":"Goûter fourré Eco+ Chocolat - 300g","p":1.07,"u":"3,57 €/KG","img":"https://fd13-photos.leclercdrive.fr/image.ashx?id=2775884&use=l&cat=p&typeid=i","cat":284488},{"id":78729,"n":"Biscuits sablés Sprits Eco+ 400g","p":1.14,"u":"2,85 €/KG","img":"https://fd13-photos.leclercdrive.fr/image.ashx?id=2196367&use=l&cat=p&typeid=i","cat":284487},{"id":78732,"n":"Guacamole Old El Paso Doux - 320g","p":2.31,"u":"7,22 €/KG","img":"https://fd13-photos.leclercdrive.fr/image.ashx?id=2737612&use=l&cat=p&typeid=i","cat":288993},{"id":78734,"n":"Boisson gourmande PAGO Red ACE Orange sang carotte ctrn - 75cl","p":1.97,"u":"2,63 €/L","img":"https://fd13-photos.leclercdrive.fr/image.ashx?id=2861234&use=l&cat=p&typeid=i","cat":284915},{"id":78744,"n":"Pain de mie Schär - Classic Sans gluten - 300g","p":3.47,"u":"11,57 €/KG","img":"https://fd13-photos.leclercdrive.fr/image.ashx?id=2659418&use=l&cat=p&typeid=i","cat":318654},{"id":78766,"n":"Coeur de palmier Rochefontaine Bio - 425ml","p":2.75,"u":"12,50 €/KG","img":"https://fd13-photos.leclercdrive.fr/image.ashx?id=2101465&use=l&cat=p&typeid=i","cat":312611},{"id":78767,"n":"Chocolat noir Bio Ethiquable Côte d'Ivoire/Bolivie - 100g","p":3.39,"u":"33,90 €/KG","img":"https://fd13-photos.leclercdrive.fr/image.ashx?id=3003378&use=l&cat=p&typeid=i","cat":284956},{"id":78771,"n":"Galette Bonne Maman x12 - 170g","p":1.75,"u":"10,29 €/KG","img":"https://fd13-photos.leclercdrive.fr/image.ashx?id=2935792&use=l&cat=p&typeid=i","cat":284487},{"id":78773,"n":"Tablette de chocolat noir Lindt Noir 78% cacao - 100g","p":2.41,"u":"24,10 €/KG","img":"https://fd13-photos.leclercdrive.fr/image.ashx?id=2689481&use=l&cat=p&typeid=i","cat":284956},{"id":78837,"n":"Fromage blanc Danone Nature 3%MG - 825g","p":2.69,"u":"3,26 €/KG","img":"https://fd13-photos.leclercdrive.fr/image.ashx?id=2813878&use=l&cat=p&typeid=i","cat":284409},{"id":78909,"n":"Boîte rectangulaire Pyrex Cook&Go avec couvercle 20x15cm","p":9.99,"img":"https://fd13-photos.leclercdrive.fr/image.ashx?id=2556605&use=l&cat=p&typeid=i","cat":284710},{"id":78911,"n":"Boîte carrée Pyrex Cook&Go avec couvercle 16cm","p":11.5,"img":"https://fd13-photos.leclercdrive.fr/image.ashx?id=1893610&use=l&cat=p&typeid=i","cat":284710},{"id":78937,"n":"Knacki végétal Herta x6 - 210g","p":2.31,"u":"11,00 €/KG","img":"https://fd13-photos.leclercdrive.fr/image.ashx?id=2992323&use=l&cat=p&typeid=i","cat":316036},{"id":78953,"n":"Savon solide Bionaïa Abricot bio - 100g","p":1.39,"u":"13,90 €/KG","img":"https://fd13-photos.leclercdrive.fr/image.ashx?id=2331324&use=l&cat=p&typeid=i","cat":284597},{"id":78965,"n":"Xtrem Box Sodebo Radiatori à la Bolognaise -400g","p":3.15,"u":"7,88 €/KG","img":"https://fd13-photos.leclercdrive.fr/image.ashx?id=2638760&use=l&cat=p&typeid=i","cat":334983},{"id":79092,"n":"Adoucissant peaux sensibles 40 lavages - 750 ml - UNI VERT","p":1.78,"u":"2,37 €/L","img":"https://fd13-photos.leclercdrive.fr/image.ashx?id=2893334&use=l&cat=p&typeid=i","cat":284650},{"id":79220,"n":"Petit pot bébé bio Blédina 6m  Légumes veau - 2x200g","p":3.13,"u":"7,83 €/KG","img":"https://fd13-photos.leclercdrive.fr/image.ashx?id=2974291&use=l&cat=p&typeid=i","cat":312236},{"id":79221,"n":"Petit pot bébé bio Blédina 6m  Légumes poulet - 2x200g","p":2.73,"u":"6,83 €/KG","img":"https://fd13-photos.leclercdrive.fr/image.ashx?id=2951578&use=l&cat=p&typeid=i","cat":312236},{"id":79233,"n":"Petit pot bébé bio Blédina 4-6m Haricots pomme de terre -2x130g","p":1.77,"u":"6,81 €/KG","img":"https://fd13-photos.leclercdrive.fr/image.ashx?id=2831699&use=l&cat=p&typeid=i","cat":312234},{"id":79243,"n":"Petit pot bébé bio Blédina 4-6m Patate douce - 2x130g","p":1.69,"u":"6,50 €/KG","img":"https://fd13-photos.leclercdrive.fr/image.ashx?id=2848581&use=l&cat=p&typeid=i","cat":312234},{"id":79252,"n":"Compote bébé bio Blédina 6 mois Pomme banane kiwi - 2x130g","p":1.76,"u":"6,77 €/KG","img":"https://fd13-photos.leclercdrive.fr/image.ashx?id=2848560&use=l&cat=p&typeid=i","cat":312388},{"id":79260,"n":"Compote bébé bio Blédina 6 mois Pomme banane nectarine - 2x130g","p":1.76,"u":"6,77 €/KG","img":"https://fd13-photos.leclercdrive.fr/image.ashx?id=2848572&use=l&cat=p&typeid=i","cat":312388},{"id":79311,"n":"Après-Shampooing Sobio Etic Lait d'amande Bio - 200ml","p":3.79,"u":"18,95 €/L","img":"https://fd13-photos.leclercdrive.fr/image.ashx?id=2787065&use=l&cat=p&typeid=i","cat":284607},{"id":79319,"n":"Shampooing Bio Sobio Etic Cheveux Doux - 250ml","p":3.39,"u":"13,56 €/L","img":"https://fd13-photos.leclercdrive.fr/image.ashx?id=2787068&use=l&cat=p&typeid=i","cat":284606},{"id":79323,"n":"Shampooing Bio Sobio Etic Cheveux nourris - 250ml","p":3.39,"u":"13,56 €/L","img":"https://fd13-photos.leclercdrive.fr/image.ashx?id=2792681&use=l&cat=p&typeid=i","cat":284606},{"id":79402,"n":"Chorizo espagnol fort x30 - 150g","p":2.19,"u":"14,60 €/KG","img":"https://fd13-photos.leclercdrive.fr/image.ashx?id=1873728&use=l&cat=p&typeid=i","cat":316007},{"id":79404,"n":"P'tit max Délisse Vanille - 6x180g","p":2.03,"u":"1,88 €/KG","img":"https://fd13-photos.leclercdrive.fr/image.ashx?id=2757933&use=l&cat=p&typeid=i","cat":284415},{"id":79406,"n":"P'tit max Délisse Framboise - 6x180g","p":2.03,"u":"1,88 €/KG","img":"https://fd13-photos.leclercdrive.fr/image.ashx?id=2757936&use=l&cat=p&typeid=i","cat":284415},{"id":79517,"n":"Soupe velouté Knorr 9 légumes - 1L","p":1.78,"u":"1,78 €/L","img":"https://fd13-photos.leclercdrive.fr/image.ashx?id=2408273&use=l&cat=p&typeid=i","cat":284462},{"id":79519,"n":"Soupe mouliné Knorr Légumes variés - 1L","p":1.77,"u":"1,77 €/L","img":"https://fd13-photos.leclercdrive.fr/image.ashx?id=2408276&use=l&cat=p&typeid=i","cat":284462},{"id":79528,"n":"Nouilles Tables du Monde Asiatiques Boeuf cup - 61.5g","p":0.74,"u":"11,94 €/KG","img":"https://fd13-photos.leclercdrive.fr/image.ashx?id=1297258&use=l&cat=p&typeid=i","cat":288992},{"id":79529,"n":"Nouille Tables du Monde Asiatique Poulet cup - 61.5g","p":0.74,"u":"11,94 €/KG","img":"https://fd13-photos.leclercdrive.fr/image.ashx?id=1297261&use=l&cat=p&typeid=i","cat":288992},{"id":79532,"n":"Nouilles Table du Monde Asiatiques Curry cup - 61.5g","p":0.79,"u":"12,74 €/KG","img":"https://fd13-photos.leclercdrive.fr/image.ashx?id=1297264&use=l&cat=p&typeid=i","cat":288992},{"id":79534,"n":"Nouilles Tables du Monde Asiatiques crevette cup - 61.5g","p":0.74,"u":"11,94 €/KG","img":"https://fd13-photos.leclercdrive.fr/image.ashx?id=2920208&use=l&cat=p&typeid=i","cat":288992},{"id":79545,"n":"Pâtes Collezione Barilla Tortellini jambon fromage -250g","p":2.64,"u":"10,56 €/KG","img":"https://fd13-photos.leclercdrive.fr/image.ashx?id=2588624&use=l&cat=p&typeid=i","cat":284427},{"id":79551,"n":"Pâtes Collezione Barilla Trofie - 500g","p":1.55,"u":"3,10 €/KG","img":"https://fd13-photos.leclercdrive.fr/image.ashx?id=2651714&use=l&cat=p&typeid=i","cat":284427},{"id":79552,"n":"Pâtes Barilla Spaghettoni n°7 - 1kg","p":1.9,"u":"1,90 €/KG","img":"https://fd13-photos.leclercdrive.fr/image.ashx?id=2392233&use=l&cat=p&typeid=i","cat":284427},{"id":79555,"n":"Sauce Tomates Barilla Basilic - 200g","p":1.32,"u":"6,60 €/KG","img":"https://fd13-photos.leclercdrive.fr/image.ashx?id=2834044&use=l&cat=p&typeid=i","cat":287599},{"id":79556,"n":"Couscous parfumé Tipiak Epice - 510g","p":2.05,"u":"4,02 €/KG","img":"https://fd13-photos.leclercdrive.fr/image.ashx?id=2882866&use=l&cat=p&typeid=i","cat":284429},{"id":79623,"n":"Barre de céréales Nature Valley  Crunchy avoine miel X5-210g","p":2.25,"u":"10,71 €/KG","img":"https://fd13-photos.leclercdrive.fr/image.ashx?id=2844472&use=l&cat=p&typeid=i","cat":285869},{"id":79624,"n":"Barre de céréales Nature Valley Crunchy avoine chocolat x5-210g","p":2.47,"u":"11,76 €/KG","img":"https://fd13-photos.leclercdrive.fr/image.ashx?id=2844475&use=l&cat=p&typeid=i","cat":285869},{"id":79625,"n":"Barre de céréales Nature Valley  Sweet & Salty chocolat x5-150g","p":2.8,"u":"18,67 €/KG","img":"https://fd13-photos.leclercdrive.fr/image.ashx?id=2737714&use=l&cat=p&typeid=i","cat":285869},{"id":79668,"n":"Bouillon cubes Knorr Légumes réduit en sel x12- 109g","p":1.41,"u":"12,94 €/KG","img":"https://fd13-photos.leclercdrive.fr/image.ashx?id=2793068&use=l&cat=p&typeid=i","cat":288379},{"id":79674,"n":"Mascara Maybelline  Colossal Big Shot volume Noir","p":8.39,"img":"https://fd13-photos.leclercdrive.fr/image.ashx?id=2422734&use=l&cat=p&typeid=i","cat":287029},{"id":79682,"n":"Poudre fondante L'Oréal Paris Accord Parfait 3D Beige doré","p":10.99,"img":"https://fd13-photos.leclercdrive.fr/image.ashx?id=2395544&use=l&cat=p&typeid=i","cat":287029},{"id":79692,"n":"Mascara L'Oréal Paris Millions de Cils Noir","p":10.79,"pp":7.12,"img":"https://fd13-photos.leclercdrive.fr/image.ashx?id=2419167&use=l&cat=p&typeid=i","cat":287029},{"id":79694,"n":"Fond de Teint L'Oréal Paris Accord Parfait 2.R Vanille Rosé","p":11.56,"img":"https://fd13-photos.leclercdrive.fr/image.ashx?id=2937355&use=l&cat=p&typeid=i","cat":287029},{"id":79743,"n":"Liquide vaisselle Rainett Aloé véra - 500ml","p":1.55,"u":"3,10 €/L","img":"https://fd13-photos.leclercdrive.fr/image.ashx?id=2297126&use=l&cat=p&typeid=i","cat":284655},{"id":79797,"n":"Fond de Teint L'Oréal Paris Accord Parfait 3.R Beige Rosé","p":11.56,"img":"https://fd13-photos.leclercdrive.fr/image.ashx?id=2900971&use=l&cat=p&typeid=i","cat":287029},{"id":79798,"n":"Fond de Teint L'Oréal Paris Accord Parfait 3.D Beige Doré","p":11.54,"img":"https://fd13-photos.leclercdrive.fr/image.ashx?id=2900974&use=l&cat=p&typeid=i","cat":287029},{"id":79822,"n":"Repas bébé Good Goût - 6 mois  bio Maïs canard fermier - 190g","p":3.84,"u":"20,21 €/KG","img":"https://fd13-photos.leclercdrive.fr/image.ashx?id=2736175&use=l&cat=p&typeid=i","cat":312236},{"id":79823,"n":"Fondue poireaux cabillaud bio Good Goût - Dès 6 mois - 190g","p":3.42,"u":"18,00 €/KG","img":"https://fd13-photos.leclercdrive.fr/image.ashx?id=2736079&use=l&cat=p&typeid=i","cat":312236},{"id":79832,"n":"Gourde bébé Good Goût Bio 4mois Prune - 120g","p":1.64,"u":"13,67 €/KG","img":"https://fd13-photos.leclercdrive.fr/image.ashx?id=2381270&use=l&cat=p&typeid=i","cat":312393},{"id":79833,"n":"Gourde bébé Good Goût Bio 6mois Purée de Pomme/Coing - 120g","p":1.59,"u":"13,25 €/KG","img":"https://fd13-photos.leclercdrive.fr/image.ashx?id=2736181&use=l&cat=p&typeid=i","cat":312393},{"id":79873,"n":"Fond de teint Maybelline Dream Radiant 21 Beige Doré","p":8.83,"img":"https://fd13-photos.leclercdrive.fr/image.ashx?id=2434455&use=l&cat=p&typeid=i","cat":287029},{"id":79875,"n":"Fond de teint Maybelline  Dream Radiant Eclat 30 Sable","p":8.83,"img":"https://fd13-photos.leclercdrive.fr/image.ashx?id=2248561&use=l&cat=p&typeid=i","cat":287029},{"id":79877,"n":"Correcteur anticerne Maybelline Instant Anti-Age 01 Beige Rose","p":8.29,"img":"https://fd13-photos.leclercdrive.fr/image.ashx?id=2770542&use=l&cat=p&typeid=i","cat":287029},{"id":79904,"n":"Mascara waterproof Maybelline  Volum'Express noir","p":6.0,"img":"https://fd13-photos.leclercdrive.fr/image.ashx?id=2470285&use=l&cat=p&typeid=i","cat":287029},{"id":79908,"n":"Eyeliner express Maybelline Liner liquide Noir","p":7.56,"img":"https://fd13-photos.leclercdrive.fr/image.ashx?id=2670854&use=l&cat=p&typeid=i","cat":287029},{"id":79909,"n":"Mascara Maybelline  Cils Sensational Intense Noir","p":8.09,"img":"https://fd13-photos.leclercdrive.fr/image.ashx?id=2278154&use=l&cat=p&typeid=i","cat":287029},{"id":79940,"n":"Bière blonde Grimbergen 6,7° - 50cl canette","p":1.86,"u":"3,72 €/L","img":"https://fd13-photos.leclercdrive.fr/image.ashx?id=2605458&use=l&cat=p&typeid=i","cat":334853},{"id":79960,"n":"Joker Le Fruit Jus de pomme - 1L","p":1.87,"u":"1,87 €/L","img":"https://fd13-photos.leclercdrive.fr/image.ashx?id=2846601&use=l&cat=p&typeid=i","cat":284522},{"id":79961,"n":"Nectar Bio Pressade Multifruits - 1L","p":2.06,"u":"2,06 €/L","img":"https://fd13-photos.leclercdrive.fr/image.ashx?id=2732530&use=l&cat=p&typeid=i","cat":284917},{"id":79965,"n":"Mini ruban correcteur Esquisse Bleu, vert et gris - x3","p":1.99,"img":"https://fd13-photos.leclercdrive.fr/image.ashx?id=2943268&use=l&cat=p&typeid=i","cat":334133},{"id":79966,"n":"Joker Pur Jus Engagé Orange sans pulpe - 1,5L","p":3.59,"u":"2,39 €/L","img":"https://fd13-photos.leclercdrive.fr/image.ashx?id=3001290&use=l&cat=p&typeid=i","cat":284521},{"id":79967,"n":"Joker Pur Jus Engagé Orange  avec pulpe - 1,5L","p":4.09,"u":"2,73 €/L","img":"https://fd13-photos.leclercdrive.fr/image.ashx?id=3008140&use=l&cat=p&typeid=i","cat":284521},{"id":79971,"n":"Boisson Citronnade Pulco Citron - 1L","p":1.99,"u":"1,99 €/L","img":"https://fd13-photos.leclercdrive.fr/image.ashx?id=2942263&use=l&cat=p&typeid=i","cat":295018},{"id":79972,"n":"Soda rouge Orangina Orange Sanguine - 1,5L","p":1.94,"u":"1,29 €/L","img":"https://fd13-photos.leclercdrive.fr/image.ashx?id=2539833&use=l&cat=p&typeid=i","cat":284532},{"id":80008,"n":"Chocolat noir Bio Ethiquable  Gingembre confit - 100g","p":3.04,"u":"30,40 €/KG","img":"https://fd13-photos.leclercdrive.fr/image.ashx?id=2870911&use=l&cat=p&typeid=i","cat":284956},{"id":80009,"n":"Chocolat noir bio Ethiquable Equateur/Nicaragua 98% - 100g","p":2.95,"u":"29,50 €/KG","img":"https://fd13-photos.leclercdrive.fr/image.ashx?id=2870899&use=l&cat=p&typeid=i","cat":284956},{"id":80020,"n":"Purée de tomate Panzani Tomacouli nature bio - 500g","p":1.57,"u":"3,14 €/KG","img":"https://fd13-photos.leclercdrive.fr/image.ashx?id=2870209&use=l&cat=p&typeid=i","cat":288384},{"id":80128,"n":"Rosette de Lyon Saint-Azay 12 tranches - 100g","p":1.44,"u":"14,40 €/KG","img":"https://fd13-photos.leclercdrive.fr/image.ashx?id=2728264&use=l&cat=p&typeid=i","cat":316007},{"id":80130,"n":"Alèses absorbantes DryNites 78x88cm - x12","p":13.04,"u":"1,09 €/P","img":"https://fd13-photos.leclercdrive.fr/image.ashx?id=2883717&use=l&cat=p&typeid=i","cat":290633},{"id":80186,"n":"Rhum tradition Rivière du Mat Blanc - 40%vol - 70cl","p":11.38,"u":"16,26 €/L","img":"https://fd13-photos.leclercdrive.fr/image.ashx?id=2616117&use=l&cat=p&typeid=i","cat":284550},{"id":80264,"n":"Joker Pur Jus Engagé  Multifruits - 2L","p":5.05,"u":"2,53 €/L","img":"https://fd13-photos.leclercdrive.fr/image.ashx?id=2846358&use=l&cat=p&typeid=i","cat":284917},{"id":80266,"n":"Joker Pur Jus Engagé Orange  sans Pulpe - 2L","p":5.99,"u":"3,00 €/L","img":"https://fd13-photos.leclercdrive.fr/image.ashx?id=2731186&use=l&cat=p&typeid=i","cat":284521},{"id":80275,"n":"Joker Pur Jus Engagé Mandarine Orange du matin - 1L","p":2.75,"u":"2,75 €/L","img":"https://fd13-photos.leclercdrive.fr/image.ashx?id=2731183&use=l&cat=p&typeid=i","cat":284521},{"id":80302,"n":"Eau minérale naturelle Volvic 6x1,5L","p":3.04,"u":"0,34 €/L","img":"https://fd13-photos.leclercdrive.fr/image.ashx?id=2730244&use=l&cat=p&typeid=i","cat":284535},{"id":80346,"n":"yaourt aux fruits bifidus activia cerise - 4x125g","p":1.87,"u":"3,74 €/KG","img":"https://fd13-photos.leclercdrive.fr/image.ashx?id=2885327&use=l&cat=p&typeid=i","cat":315000},{"id":80352,"n":"Cannelloni Côté Table  - 400g","p":2.07,"u":"5,18 €/KG","img":"https://fd13-photos.leclercdrive.fr/image.ashx?id=2977900&use=l&cat=p&typeid=i","cat":284442},{"id":80380,"n":"Tablette De Chocolat Poulain Noir Extra - 200g","p":2.09,"u":"10,45 €/KG","img":"https://fd13-photos.leclercdrive.fr/image.ashx?id=2890262&use=l&cat=p&typeid=i","cat":284956},{"id":80382,"n":"Tablette De Chocolat Poulain Noir Extra - 2x100g","p":2.47,"u":"12,35 €/KG","img":"https://fd13-photos.leclercdrive.fr/image.ashx?id=2867566&use=l&cat=p&typeid=i","cat":284956},{"id":80383,"n":"Tablette KINDER Chocolat Chocolat au Lait x12 - 150g","p":2.83,"u":"18,87 €/KG","img":"https://fd13-photos.leclercdrive.fr/image.ashx?id=1904474&use=l&cat=p&typeid=i","cat":284498},{"id":80385,"n":"Barres Chocolatées KINDER BUENO  Chocolat au Lait x5 - 215g","p":3.88,"u":"18,05 €/KG","img":"https://fd13-photos.leclercdrive.fr/image.ashx?id=2679621&use=l&cat=p&typeid=i","cat":284498},{"id":80386,"n":"Barres KINDER BUENO White  Chocolat Blanc x6 - 234g","p":4.19,"u":"17,91 €/KG","img":"https://fd13-photos.leclercdrive.fr/image.ashx?id=2679639&use=l&cat=p&typeid=i","cat":284498},{"id":80391,"n":"Mascara L'Oréal Paris  Lash Paradise Noir","p":10.63,"img":"https://fd13-photos.leclercdrive.fr/image.ashx?id=2580158&use=l&cat=p&typeid=i","cat":287029},{"id":80396,"n":"Eau Micellaire visage Nivea Peaux sèches - 400ml","p":3.04,"u":"7,60 €/L","img":"https://fd13-photos.leclercdrive.fr/image.ashx?id=3014599&use=l&cat=p&typeid=i","cat":284603},{"id":80398,"n":"Eau Micellaire visage Nivea Peaux sensibles - 400ml","p":3.63,"u":"9,08 €/L","img":"https://fd13-photos.leclercdrive.fr/image.ashx?id=2800965&use=l&cat=p&typeid=i","cat":284603},{"id":80479,"n":"Bières Blondes Chouffe 6x33cl","p":12.05,"u":"6,09 €/L","img":"https://fd13-photos.leclercdrive.fr/image.ashx?id=2877079&use=l&cat=p&typeid=i","cat":334872},{"id":80506,"n":"Bière bio Bio Village Blonde - 6x25cl","p":4.99,"u":"3,33 €/L","img":"https://fd13-photos.leclercdrive.fr/image.ashx?id=2517718&use=l&cat=p&typeid=i","cat":334873},{"id":80630,"n":"Purée de tomates Bio Village Bio  - 72cl","p":1.54,"u":"2,14 €/L","img":"https://fd13-photos.leclercdrive.fr/image.ashx?id=2077475&use=l&cat=p&typeid=i","cat":288384},{"id":80840,"n":"Bouillon Cube Maggi Pot au feu - Dégraissé - 120g","p":1.6,"u":"13,33 €/KG","img":"https://fd13-photos.leclercdrive.fr/image.ashx?id=2212327&use=l&cat=p&typeid=i","cat":288379},{"id":80841,"n":"Bouillon Cube Maggi Volaille - Degraissé - 120g","p":1.62,"u":"13,50 €/KG","img":"https://fd13-photos.leclercdrive.fr/image.ashx?id=2737087&use=l&cat=p&typeid=i","cat":288379},{"id":80842,"n":"Bouillon Cube Maggi Dégraissé - 120g","p":1.47,"u":"12,25 €/KG","img":"https://fd13-photos.leclercdrive.fr/image.ashx?id=2737090&use=l&cat=p&typeid=i","cat":288379},{"id":80927,"n":"Fromage chèvre chaud Soignon Nature - 21% MG - 4x25g","p":1.94,"u":"19,40 €/KG","img":"https://fd13-photos.leclercdrive.fr/image.ashx?id=2844951&use=l&cat=p&typeid=i","cat":314027},{"id":80939,"n":"Préparation orange  Lucien Georgelin - 320g","p":1.95,"u":"6,09 €/KG","img":"https://fd13-photos.leclercdrive.fr/image.ashx?id=2445202&use=l&cat=p&typeid=i","cat":284480},{"id":81188,"n":"Flan aromatisé vanille Flanby nappé de caramel - 12x100g","p":2.58,"u":"2,15 €/KG","img":"https://fd13-photos.leclercdrive.fr/image.ashx?id=2744584&use=l&cat=p&typeid=i","cat":284420},{"id":81193,"n":"Compotes Douceur du Verger Pomme Châtaigne - 4x100g","p":1.46,"u":"3,65 €/KG","img":"https://fd13-photos.leclercdrive.fr/image.ashx?id=2389560&use=l&cat=p&typeid=i","cat":284416},{"id":81196,"n":"Flan aromatisé vanille Flanby nappé de caramel - 6x100g","p":1.47,"u":"2,45 €/KG","img":"https://fd13-photos.leclercdrive.fr/image.ashx?id=2483786&use=l&cat=p&typeid=i","cat":284420},{"id":81199,"n":"Yaourt La Laitière  Vanille - 8x125g","p":3.2,"u":"3,20 €/KG","img":"https://fd13-photos.leclercdrive.fr/image.ashx?id=2613981&use=l&cat=p&typeid=i","cat":286006},{"id":81222,"n":"Pizza La pizz Sodebo Chorizo - 470g","p":3.43,"u":"7,30 €/KG","img":"https://fd13-photos.leclercdrive.fr/image.ashx?id=2868389&use=l&cat=p&typeid=i","cat":333679},{"id":81234,"n":"Les carrés Good Goût Dès 8 mois - banane bio - 50g","p":2.77,"u":"55,40 €/KG","img":"https://fd13-photos.leclercdrive.fr/image.ashx?id=2640052&use=l&cat=p&typeid=i","cat":312227},{"id":81236,"n":"Fromage à tartiner Boursin Ail et fines herbes 10 portions","p":2.42,"u":"15,13 €/KG","img":"https://fd13-photos.leclercdrive.fr/image.ashx?id=2964682&use=l&cat=p&typeid=i","cat":314029},{"id":81243,"n":"Bière blonde Heineken Sans alcool - 12x25cl","p":8.2,"u":"2,73 €/L","img":"https://fd13-photos.leclercdrive.fr/image.ashx?id=2795944&use=l&cat=p&typeid=i","cat":334877},{"id":81246,"n":"Bière blonde Pelforth 12x25cl","p":7.22,"u":"2,41 €/L","img":"https://fd13-photos.leclercdrive.fr/image.ashx?id=2645146&use=l&cat=p&typeid=i","cat":334873},{"id":81254,"n":"Bière blonde Grimbergen 6,7° - 12x25cl","p":8.83,"u":"2,94 €/L","img":"https://fd13-photos.leclercdrive.fr/image.ashx?id=2872865&use=l&cat=p&typeid=i","cat":334852},{"id":81268,"n":"Bière blonde Grimbergen 6,7° - 6x25cl","p":4.94,"u":"3,29 €/L","img":"https://fd13-photos.leclercdrive.fr/image.ashx?id=2294381&use=l&cat=p&typeid=i","cat":334852},{"id":81272,"n":"Vin mousseux brut blanc  Produit en Allemagne - 75cl","p":1.57,"u":"2,09 €/L","img":"https://fd13-photos.leclercdrive.fr/image.ashx?id=2720133&use=l&cat=p&typeid=i","cat":284544},{"id":81277,"n":"Vin mousseux demi-sec blanc  Produit en Allemagne - 75cl","p":1.59,"u":"2,12 €/L","img":"https://fd13-photos.leclercdrive.fr/image.ashx?id=2720130&use=l&cat=p&typeid=i","cat":284544},{"id":81278,"n":"Vinaigre IGP Toscoro Balsamique de Modène - 50cl","p":3.07,"u":"6,14 €/L","img":"https://fd13-photos.leclercdrive.fr/image.ashx?id=2758150&use=l&cat=p&typeid=i","cat":289010},{"id":81280,"n":"Fromage La Vache qui rit Toastinette nature 10 tranches","p":1.69,"u":"8,45 €/KG","img":"https://fd13-photos.leclercdrive.fr/image.ashx?id=2342776&use=l&cat=p&typeid=i","cat":314028},{"id":81281,"n":"Fromage La Vache qui rit Toastinette cheddar 10 tranches","p":1.69,"u":"8,45 €/KG","img":"https://fd13-photos.leclercdrive.fr/image.ashx?id=2342773&use=l&cat=p&typeid=i","cat":314028},{"id":81291,"n":"Bière sans alcool Tourtel Twist Citron Vert Menthe 0,0° -6x27cl","p":4.48,"u":"2,72 €/L","img":"https://fd13-photos.leclercdrive.fr/image.ashx?id=2896567&use=l&cat=p&typeid=i","cat":334877},{"id":81316,"n":"Tablette KINDER Chocolat Chocolat au Lait x24 - 300g","p":4.22,"u":"14,07 €/KG","img":"https://fd13-photos.leclercdrive.fr/image.ashx?id=2868167&use=l&cat=p&typeid=i","cat":284498},{"id":81318,"n":"Bonbons KINDER Schoko-Bons Chocolat au lait - 500G","p":7.8,"u":"15,60 €/KG","img":"https://fd13-photos.leclercdrive.fr/image.ashx?id=2402925&use=l&cat=p&typeid=i","cat":304238},{"id":81322,"n":"Huile de Tournesol Eco+ 3L","p":4.89,"u":"1,63 €/L","img":"https://fd13-photos.leclercdrive.fr/image.ashx?id=3002506&use=l&cat=p&typeid=i","cat":284453},{"id":81323,"n":"Huile d'olive Bio Carapelli Extra-vierge - 75cl","p":11.97,"u":"15,96 €/L","img":"https://fd13-photos.leclercdrive.fr/image.ashx?id=2737447&use=l&cat=p&typeid=i","cat":284453},{"id":81352,"n":"Dosettes Bio Village Bio Amérique latine  x36 - 252g","p":4.49,"u":"17,82 €/KG","img":"https://fd13-photos.leclercdrive.fr/image.ashx?id=3003070&use=l&cat=p&typeid=i","cat":293238},{"id":81354,"n":"Confiture Eco+ Abricot - 1kg","p":2.17,"u":"2,17 €/KG","img":"https://fd13-photos.leclercdrive.fr/image.ashx?id=2953194&use=l&cat=p&typeid=i","cat":284480},{"id":81371,"n":"Tartine de pain Pasquier Au blé complet - 240g","p":1.55,"u":"6,46 €/KG","img":"https://fd13-photos.leclercdrive.fr/image.ashx?id=2927339&use=l&cat=p&typeid=i","cat":284479},{"id":81374,"n":"Vodka Zubrowka Biala 37.5%vol - 1L","p":14.95,"pp":13.45,"u":"13,45 €/L","img":"https://fd13-photos.leclercdrive.fr/image.ashx?id=2955510&use=l&cat=p&typeid=i","cat":284550},{"id":81379,"n":"Jambon cru -25%  de Sel Aoste 6 tranches - 100g","p":3.82,"u":"38,20 €/KG","img":"https://fd13-photos.leclercdrive.fr/image.ashx?id=2359507&use=l&cat=p&typeid=i","cat":316007},{"id":81382,"n":"Pastis Ricard Plantes Fraiches Anisé 45% vol - 70cl","p":19.11,"u":"27,30 €/L","img":"https://fd13-photos.leclercdrive.fr/image.ashx?id=2870302&use=l&cat=p&typeid=i","cat":284548},{"id":81384,"n":"Vodka Zubrowska Biala 37.5%vol - 70cl","p":12.34,"u":"17,63 €/L","img":"https://fd13-photos.leclercdrive.fr/image.ashx?id=2961227&use=l&cat=p&typeid=i","cat":284550},{"id":81450,"n":"Bière Blonde Duvel 6x33cl","p":9.68,"u":"4,89 €/L","img":"https://fd13-photos.leclercdrive.fr/image.ashx?id=2314587&use=l&cat=p&typeid=i","cat":334872},{"id":81462,"n":"Fromage Apéritif Apérivrais  Ail et Fines Herbes - 100g","p":2.08,"u":"20,80 €/KG","img":"https://fd13-photos.leclercdrive.fr/image.ashx?id=2854612&use=l&cat=p&typeid=i","cat":314027},{"id":81547,"n":"Capsules Nescafé Dolce Gusto  Cappuccino - x8 - 186g","p":4.57,"u":"24,57 €/KG","img":"https://fd13-photos.leclercdrive.fr/image.ashx?id=2838809&use=l&cat=p&typeid=i","cat":293239},{"id":81548,"n":"Pain de mie Harrys 100% mie Nature Sans croûte Maxi - 650g","p":2.1,"u":"3,23 €/KG","img":"https://fd13-photos.leclercdrive.fr/image.ashx?id=2517468&use=l&cat=p&typeid=i","cat":284477},{"id":81558,"n":"Pain de mie 100% Mie Harrys Nature petites tranches - 500g","p":1.71,"u":"3,42 €/KG","img":"https://fd13-photos.leclercdrive.fr/image.ashx?id=2517453&use=l&cat=p&typeid=i","cat":284477},{"id":81559,"n":"Yaourt Enfant Petits Filous Fruits Mixés Panaché - 12x50g","p":2.25,"u":"3,75 €/KG","img":"https://fd13-photos.leclercdrive.fr/image.ashx?id=2767359&use=l&cat=p&typeid=i","cat":284414},{"id":81564,"n":"AOP Champagne Canard-Duchêne Brut - 75cl","p":22.97,"u":"30,63 €/L","img":"https://fd13-photos.leclercdrive.fr/image.ashx?id=2756909&use=l&cat=p&typeid=i","cat":284542},{"id":81565,"n":"AOP Champagne Canard Duchêne Brut - 37.5cl","p":12.84,"u":"34,24 €/L","img":"https://fd13-photos.leclercdrive.fr/image.ashx?id=2104372&use=l&cat=p&typeid=i","cat":284542},{"id":81567,"n":"Biscuits Good Goût - 8 mois Bio - Mangue - 50g","p":2.33,"u":"46,60 €/KG","img":"https://fd13-photos.leclercdrive.fr/image.ashx?id=2762256&use=l&cat=p&typeid=i","cat":312227},{"id":81596,"n":"Huile d'olive extra vierge BIO 1L","p":12.39,"u":"12,39 €/L","img":"https://fd13-photos.leclercdrive.fr/image.ashx?id=2604665&use=l&cat=p&typeid=i","cat":284453},{"id":81700,"n":"Compote bébé bio BabyBio Pomme châtaigne - 6 mois - 260g","p":3.15,"u":"12,12 €/KG","img":"https://fd13-photos.leclercdrive.fr/image.ashx?id=2838338&use=l&cat=p&typeid=i","cat":312388},{"id":81701,"n":"Repas bébé bio BabyBio 12 mois Patate douce Pintade - 230g","p":2.27,"u":"9,87 €/KG","img":"https://fd13-photos.leclercdrive.fr/image.ashx?id=2827410&use=l&cat=p&typeid=i","cat":312237},{"id":81702,"n":"Gourde bébé Babybio - 6 mois Bio Pomme / Framboise - 360g","p":5.5,"u":"15,28 €/KG","img":"https://fd13-photos.leclercdrive.fr/image.ashx?id=2827542&use=l&cat=p&typeid=i","cat":312393},{"id":81703,"n":"Gourde bébé Babybio - 6 mois Bio Orange / Banane - 360g","p":3.58,"u":"9,94 €/KG","img":"https://fd13-photos.leclercdrive.fr/image.ashx?id=2832017&use=l&cat=p&typeid=i","cat":312393},{"id":81735,"n":"Bière Blonde Delirium Tremens 33cl","p":2.46,"u":"7,45 €/L","img":"https://fd13-photos.leclercdrive.fr/image.ashx?id=2363111&use=l&cat=p&typeid=i","cat":334872},{"id":81740,"n":"Bière Saint Omer Forte - 8%vol - 50cl","p":1.03,"u":"2,06 €/L","img":"https://fd13-photos.leclercdrive.fr/image.ashx?id=2412570&use=l&cat=p&typeid=i","cat":334853},{"id":81768,"n":"Brioche tranchée La Boulangère Bio - 400g","p":2.29,"u":"5,73 €/KG","img":"https://fd13-photos.leclercdrive.fr/image.ashx?id=2912194&use=l&cat=p&typeid=i","cat":284478},{"id":81779,"n":"Thé noir Bio Ethiquable  Tchaï aux épices x20 - 36g","p":2.3,"u":"63,89 €/KG","img":"https://fd13-photos.leclercdrive.fr/image.ashx?id=2870833&use=l&cat=p&typeid=i","cat":293233},{"id":81781,"n":"Thé noir Bio Ethiquable  Earl grey Darjeeling x20 - 36g","p":2.3,"u":"63,89 €/KG","img":"https://fd13-photos.leclercdrive.fr/image.ashx?id=2870836&use=l&cat=p&typeid=i","cat":293233},{"id":81825,"n":"\"Saucisson Fuet ibérico AOSTE   150g","p":3.4,"u":"22,67 €/KG","img":"https://fd13-photos.leclercdrive.fr/image.ashx?id=2462110&use=l&cat=p&typeid=i","cat":316006},{"id":81909,"n":"Café moulu Grand Mère Familial - 250g","p":3.47,"u":"13,88 €/KG","img":"https://fd13-photos.leclercdrive.fr/image.ashx?id=1755046&use=l&cat=p&typeid=i","cat":284750},{"id":81927,"n":"Rhum Blanc Agricole AOC Martinique 40° - 2 L","p":25.71,"u":"12,86 €/L","img":"https://fd13-photos.leclercdrive.fr/image.ashx?id=1558483&use=l&cat=p&typeid=i","cat":284550},{"id":81971,"n":"Sauce Andalouse Halal Samia - 350ml","p":2.64,"u":"7,54 €/L","img":"https://fd13-photos.leclercdrive.fr/image.ashx?id=2732989&use=l&cat=p&typeid=i","cat":318431},{"id":82008,"n":"Emmental râpé fondant Président 3x70g","p":2.65,"u":"12,62 €/KG","img":"https://fd13-photos.leclercdrive.fr/image.ashx?id=2462741&use=l&cat=p&typeid=i","cat":314035},{"id":82099,"n":"Steak haché Eco+ x10 - 1kg","p":8.74,"u":"8,74 €/KG","img":"https://fd13-photos.leclercdrive.fr/image.ashx?id=2966532&use=l&cat=p&typeid=i","cat":319778},{"id":82102,"n":"Lanières Trio de poivrons Bio Bio village - 600g","p":2.99,"u":"4,98 €/KG","img":"https://fd13-photos.leclercdrive.fr/image.ashx?id=2996024&use=l&cat=p&typeid=i","cat":319805},{"id":82127,"n":"Vin Italie rouge Chianti DOCG Piccini - 75cl","p":4.53,"u":"6,04 €/L","img":"https://fd13-photos.leclercdrive.fr/image.ashx?id=2794637&use=l&cat=p&typeid=i","cat":289556},{"id":82145,"n":"Bière blonde La G de Goudale 7.9%vol - 75cl","p":3.98,"u":"5,31 €/L","img":"https://fd13-photos.leclercdrive.fr/image.ashx?id=2861566&use=l&cat=p&typeid=i","cat":334872},{"id":82152,"n":"Compote Andros Abricot Morceaux - 4x100g","p":2.27,"u":"5,68 €/KG","img":"https://fd13-photos.leclercdrive.fr/image.ashx?id=2853566&use=l&cat=p&typeid=i","cat":284416},{"id":82157,"n":"Dessert fruitier pêche Andros En morceaux - 4x100g","p":1.91,"u":"4,78 €/KG","img":"https://fd13-photos.leclercdrive.fr/image.ashx?id=2845470&use=l&cat=p&typeid=i","cat":284416},{"id":82159,"n":"Compotes Andros Pomme/chataigne - 4x100g","p":1.69,"u":"4,23 €/KG","img":"https://fd13-photos.leclercdrive.fr/image.ashx?id=2937361&use=l&cat=p&typeid=i","cat":284416},{"id":82167,"n":"Compotes Andros Pomme Banane - 4x100g","p":1.49,"u":"3,73 €/KG","img":"https://fd13-photos.leclercdrive.fr/image.ashx?id=2883997&use=l&cat=p&typeid=i","cat":284416},{"id":82172,"n":"Mini cônes Extrême  Vanille Caramel x8 - 312g","p":4.2,"u":"13,46 €/KG","img":"https://fd13-photos.leclercdrive.fr/image.ashx?id=2737033&use=l&cat=p&typeid=i","cat":284264},{"id":82174,"n":"Extrême  Citron Framboise - 6x71g","p":3.71,"u":"8,71 €/KG","img":"https://fd13-photos.leclercdrive.fr/image.ashx?id=2866076&use=l&cat=p&typeid=i","cat":284264},{"id":82177,"n":"Bière blonde Duvel 8.5%vol - 75cl","p":4.21,"u":"5,61 €/L","img":"https://fd13-photos.leclercdrive.fr/image.ashx?id=2111139&use=l&cat=p&typeid=i","cat":334872},{"id":82179,"n":"Bière blonde 3 Monts 75cl","p":2.34,"u":"3,12 €/L","img":"https://fd13-photos.leclercdrive.fr/image.ashx?id=2550553&use=l&cat=p&typeid=i","cat":334852},{"id":82181,"n":"Bière Mort Subite Kriek A la cerise - 33cl","p":1.47,"u":"4,45 €/L","img":"https://fd13-photos.leclercdrive.fr/image.ashx?id=2796414&use=l&cat=p&typeid=i","cat":334872},{"id":82184,"n":"Barres KINDER BUENO White  Chocolat Blanc x12 - 468g","p":8.33,"u":"17,80 €/KG","img":"https://fd13-photos.leclercdrive.fr/image.ashx?id=2679642&use=l&cat=p&typeid=i","cat":284498},{"id":82217,"n":"Gin Hendrick's 41.1%vol - 70cl","p":36.81,"u":"52,59 €/L","img":"https://fd13-photos.leclercdrive.fr/image.ashx?id=2225594&use=l&cat=p&typeid=i","cat":284550},{"id":82218,"n":"Emmental fromage rapé Les Croisés - 750g","p":5.98,"u":"7,97 €/KG","img":"https://fd13-photos.leclercdrive.fr/image.ashx?id=2900665&use=l&cat=p&typeid=i","cat":314035},{"id":82234,"n":"Liniment Corine de Farme Bio - 500ml","p":4.28,"u":"8,56 €/L","img":"https://fd13-photos.leclercdrive.fr/image.ashx?id=2424449&use=l&cat=p&typeid=i","cat":284741},{"id":82245,"n":"Boisson aux fruits Fruit Shoot  Au jus de pomme - 4x20cl","p":2.05,"u":"2,56 €/L","img":"https://fd13-photos.leclercdrive.fr/image.ashx?id=2551641&use=l&cat=p&typeid=i","cat":295018},{"id":82247,"n":"Boisson aux fruits Fruit Shoot Au jus de fraise - 4x20cl","p":2.19,"u":"2,74 €/L","img":"https://fd13-photos.leclercdrive.fr/image.ashx?id=2915739&use=l&cat=p&typeid=i","cat":295018},{"id":82250,"n":"Thon au Naturel Petit Navire Démarche Responsable 140g","p":2.22,"u":"15,86 €/KG","img":"https://fd13-photos.leclercdrive.fr/image.ashx?id=2928360&use=l&cat=p&typeid=i","cat":303867},{"id":82251,"n":"Thon MSC Naturel Petit Navire Entier -  112g","p":2.97,"u":"26,52 €/KG","img":"https://fd13-photos.leclercdrive.fr/image.ashx?id=2928357&use=l&cat=p&typeid=i","cat":303867},{"id":82253,"n":"Biscuits Thé LU 350g","p":1.47,"u":"4,20 €/KG","img":"https://fd13-photos.leclercdrive.fr/image.ashx?id=2977738&use=l&cat=p&typeid=i","cat":284487},{"id":82260,"n":"Filet de maquereaux Connetable Muscadet - Label Rouge - 176g","p":3.27,"u":"18,58 €/KG","img":"https://fd13-photos.leclercdrive.fr/image.ashx?id=2167982&use=l&cat=p&typeid=i","cat":303868},{"id":82265,"n":"Céréales Quaker Cruesli Chocolat - 450g","p":2.79,"u":"6,20 €/KG","img":"https://fd13-photos.leclercdrive.fr/image.ashx?id=2382791&use=l&cat=p&typeid=i","cat":309512},{"id":82267,"n":"Céréales Quaker Cruesli Chocolat au lait - 900g","p":5.44,"u":"6,04 €/KG","img":"https://fd13-photos.leclercdrive.fr/image.ashx?id=2212150&use=l&cat=p&typeid=i","cat":309512},{"id":82281,"n":"Boulettes de boeuf Eco+ x30 - 900g","p":6.85,"u":"7,61 €/KG","img":"https://fd13-photos.leclercdrive.fr/image.ashx?id=2966529&use=l&cat=p&typeid=i","cat":319779},{"id":82309,"n":"yaourt fruits bio les 2 vaches brassé poire - 4x115g","p":1.99,"u":"4,33 €/KG","img":"https://fd13-photos.leclercdrive.fr/image.ashx?id=2571527&use=l&cat=p&typeid=i","cat":284410},{"id":82350,"n":"Frites fines McCain Côté Comptoir - 650g","p":2.67,"u":"4,11 €/KG","img":"https://fd13-photos.leclercdrive.fr/image.ashx?id=2693887&use=l&cat=p&typeid=i","cat":319791},{"id":82353,"n":"Biscuits Oréo enrobé chocolat Au lait - 246g","p":2.46,"u":"10,00 €/KG","img":"https://fd13-photos.leclercdrive.fr/image.ashx?id=2908333&use=l&cat=p&typeid=i","cat":284488},{"id":82433,"n":"Cordons Bleus Côté Croc Poulet x4 - 400g","p":3.14,"u":"7,85 €/KG","img":"https://fd13-photos.leclercdrive.fr/image.ashx?id=2801052&use=l&cat=p&typeid=i","cat":333683},{"id":82520,"n":"Fromage Croque emmental Président - 12 tranches - 200g","p":1.69,"u":"8,45 €/KG","img":"https://fd13-photos.leclercdrive.fr/image.ashx?id=2446356&use=l&cat=p&typeid=i","cat":314028},{"id":82575,"n":"Bière ambrée La Goudale 7.2%vol - 6x25cl","p":5.26,"u":"3,51 €/L","img":"https://fd13-photos.leclercdrive.fr/image.ashx?id=2915521&use=l&cat=p&typeid=i","cat":334852},{"id":82611,"n":"L'Ortolan portions Fromagerie Milleret - 8 x 30 g","p":3.28,"u":"13,67 €/KG","img":"https://fd13-photos.leclercdrive.fr/image.ashx?id=1857850&use=l&cat=p&typeid=i","cat":314030},{"id":82647,"n":"Garniture :bouchées à la reine Petit Jean 2+1 offert - 3x400g","p":4.1,"u":"3,42 €/KG","img":"https://fd13-photos.leclercdrive.fr/image.ashx?id=2185286&use=l&cat=p&typeid=i","cat":284441},{"id":82663,"n":"Arrangé Rivière du Mât Banane Vanillé - 70cl - 35%vol","p":16.31,"u":"23,30 €/L","img":"https://fd13-photos.leclercdrive.fr/image.ashx?id=2731300&use=l&cat=p&typeid=i","cat":284551},{"id":82664,"n":"Arrangé Rivière du Mât Coco Torréfiée - 35%vol - 70cl","p":15.48,"u":"22,11 €/L","img":"https://fd13-photos.leclercdrive.fr/image.ashx?id=3002045&use=l&cat=p&typeid=i","cat":284551},{"id":82665,"n":"Arrangé Rivière du Mât Vanille des Tropiques - 70cl","p":16.19,"u":"23,13 €/L","img":"https://fd13-photos.leclercdrive.fr/image.ashx?id=2731291&use=l&cat=p&typeid=i","cat":284551},{"id":82667,"n":"Yaourt aux fruits bifidus Activia poire - 4x125g","p":1.87,"u":"3,74 €/KG","img":"https://fd13-photos.leclercdrive.fr/image.ashx?id=2885330&use=l&cat=p&typeid=i","cat":315000},{"id":82669,"n":"Yaourt aux fruits bifidus Activia mangue - 4x125g","p":1.87,"u":"3,74 €/KG","img":"https://fd13-photos.leclercdrive.fr/image.ashx?id=2886642&use=l&cat=p&typeid=i","cat":315000},{"id":82670,"n":"Yaourt aux fruits bifidus Activia ananas - 4x125g","p":1.87,"u":"3,74 €/KG","img":"https://fd13-photos.leclercdrive.fr/image.ashx?id=2886639&use=l&cat=p&typeid=i","cat":315000},{"id":82676,"n":"Yaourt aux fruits bifidus Activia figue - 4x125g","p":1.93,"u":"3,86 €/KG","img":"https://fd13-photos.leclercdrive.fr/image.ashx?id=2886630&use=l&cat=p&typeid=i","cat":315000},{"id":82677,"n":"yaourt aux fruits bifidus activia fraise - 4x125g","p":1.86,"u":"3,72 €/KG","img":"https://fd13-photos.leclercdrive.fr/image.ashx?id=2886627&use=l&cat=p&typeid=i","cat":315000},{"id":82688,"n":"Brandade de Morue Tipiak 1.050kg","p":6.08,"u":"5,79 €/KG","img":"https://fd13-photos.leclercdrive.fr/image.ashx?id=2944023&use=l&cat=p&typeid=i","cat":284254},{"id":82717,"n":"Arrangé Rivière du Mât Ananas Caramélisé 35% vol 70cl","p":16.19,"u":"23,13 €/L","img":"https://fd13-photos.leclercdrive.fr/image.ashx?id=2731297&use=l&cat=p&typeid=i","cat":284551},{"id":82739,"n":"Poisson pané Croustibat Findus Petit trésor MSC - x15 - 450g","p":3.09,"u":"6,87 €/KG","img":"https://fd13-photos.leclercdrive.fr/image.ashx?id=3008758&use=l&cat=p&typeid=i","cat":319788},{"id":82741,"n":"Poisson pané Findus Colin  Alaska Fish and Chips x13- 364g","p":2.84,"u":"7,80 €/KG","img":"https://fd13-photos.leclercdrive.fr/image.ashx?id=3008761&use=l&cat=p&typeid=i","cat":319788},{"id":82745,"n":"Couches Activ+ Mots d'enfants  Taille 5 : 11/25kg - x35","p":12.99,"u":"0,37 €/P","img":"https://fd13-photos.leclercdrive.fr/image.ashx?id=2922424&use=l&cat=p&typeid=i","cat":284737},{"id":82748,"n":"Couches Activ+ Mots d'enfants  Taille 4+ 9/20kg - x37 changes","p":12.99,"u":"0,35 €/P","img":"https://fd13-photos.leclercdrive.fr/image.ashx?id=2699747&use=l&cat=p&typeid=i","cat":284737},{"id":82924,"n":"Bière Heineken 6x33cl","p":4.63,"u":"2,34 €/L","img":"https://fd13-photos.leclercdrive.fr/image.ashx?id=3008113&use=l&cat=p&typeid=i","cat":334853},{"id":83005,"n":"Vinaigrette Melfor 50cl","p":2.59,"u":"5,18 €/L","img":"https://fd13-photos.leclercdrive.fr/image.ashx?id=2339547&use=l&cat=p&typeid=i","cat":284456},{"id":83107,"n":"Bière La G de Goudale 7.9% vol - 33cl","p":1.72,"u":"5,21 €/L","img":"https://fd13-photos.leclercdrive.fr/image.ashx?id=1736938&use=l&cat=p&typeid=i","cat":334872},{"id":83109,"n":"Bières Rince Cochon rouge 75cl","p":4.23,"u":"5,64 €/L","img":"https://fd13-photos.leclercdrive.fr/image.ashx?id=2021238&use=l&cat=p&typeid=i","cat":334872},{"id":83120,"n":"Bière brune Pelforth 12x25cl","p":8.09,"u":"2,70 €/L","img":"https://fd13-photos.leclercdrive.fr/image.ashx?id=2646182&use=l&cat=p&typeid=i","cat":334852},{"id":83132,"n":"Boisson lactée Tous mes amis pour chats - 3x200ml","p":2.13,"u":"3,55 €/L","img":"https://fd13-photos.leclercdrive.fr/image.ashx?id=1944634&use=l&cat=p&typeid=i","cat":285285},{"id":83303,"n":"Happy Cola Haribo Sachet bonbons - 300g","p":1.88,"u":"6,27 €/KG","img":"https://fd13-photos.leclercdrive.fr/image.ashx?id=2806087&use=l&cat=p&typeid=i","cat":304250},{"id":83350,"n":"Bonbons Haribo Moam Happy fruttis - 200g","p":1.62,"u":"8,10 €/KG","img":"https://fd13-photos.leclercdrive.fr/image.ashx?id=2984916&use=l&cat=p&typeid=i","cat":304250},{"id":83375,"n":"Galette Karéléa Sans sucre - 125g","p":2.33,"u":"18,64 €/KG","img":"https://fd13-photos.leclercdrive.fr/image.ashx?id=2921945&use=l&cat=p&typeid=i","cat":318653},{"id":83377,"n":"Pâte à tartiner Karéléa Noisette sans sucre ajouté-400g","p":4.46,"u":"11,15 €/KG","img":"https://fd13-photos.leclercdrive.fr/image.ashx?id=2888013&use=l&cat=p&typeid=i","cat":284481},{"id":83382,"n":"Coeurs d'Artichauts Florelli A la paysanne - 280g","p":2.94,"u":"10,50 €/KG","img":"https://fd13-photos.leclercdrive.fr/image.ashx?id=2594533&use=l&cat=p&typeid=i","cat":289010},{"id":83474,"n":"Sauce pour pâtes Florelli Asperges tomates parmesan -190g","p":2.28,"u":"12,00 €/KG","img":"https://fd13-photos.leclercdrive.fr/image.ashx?id=3011665&use=l&cat=p&typeid=i","cat":289010},{"id":83476,"n":"Tapenade d'Olives vertes Les Tartinables Florelli 190g","p":2.13,"u":"11,21 €/KG","img":"https://fd13-photos.leclercdrive.fr/image.ashx?id=2904347&use=l&cat=p&typeid=i","cat":289010},{"id":83698,"n":"IGP Pays d'Oc Grenache vin rosé Vieux Carion 12.5% vol - 75cl","p":2.25,"u":"3,00 €/L","img":"https://fd13-photos.leclercdrive.fr/image.ashx?id=2722823&use=l&cat=p&typeid=i","cat":289558},{"id":83820,"n":"Chips Pom'Lisse  Saveur Chèvre miel - 135g","p":1.35,"u":"10,00 €/KG","img":"https://fd13-photos.leclercdrive.fr/image.ashx?id=2654474&use=l&cat=p&typeid=i","cat":284447},{"id":83935,"n":"Thon mariné au piment d\"espelette Petit Navire - 110g","p":2.43,"u":"22,09 €/KG","img":"https://fd13-photos.leclercdrive.fr/image.ashx?id=2682863&use=l&cat=p&typeid=i","cat":303867},{"id":83944,"n":"Vin d'Espagne rouge Merlot Bernard Cordelier - 75cl","p":1.75,"u":"2,33 €/L","img":"https://fd13-photos.leclercdrive.fr/image.ashx?id=2756855&use=l&cat=p&typeid=i","cat":289556},{"id":83947,"n":"Vin d'Espagne vin rouge Bernard Cordelier - 75cl","p":1.75,"u":"2,33 €/L","img":"https://fd13-photos.leclercdrive.fr/image.ashx?id=2760789&use=l&cat=p&typeid=i","cat":289556},{"id":83951,"n":"IGP Pays d'Oc rouge Merlot J-P Chenet 13% vol BIB 3L","p":10.4,"u":"3,47 €/L","img":"https://fd13-photos.leclercdrive.fr/image.ashx?id=2941709&use=l&cat=p&typeid=i","cat":289560},{"id":83953,"n":"Vin d'Union Européenne rosé François D'Aubigné - 75 cl","p":1.46,"u":"1,95 €/L","img":"https://fd13-photos.leclercdrive.fr/image.ashx?id=2699550&use=l&cat=p&typeid=i","cat":289558},{"id":83974,"n":"IGP  Pays d'Hérault vin rosé Bernard Cordelier - 75cl","p":1.99,"u":"2,65 €/L","img":"https://fd13-photos.leclercdrive.fr/image.ashx?id=2891908&use=l&cat=p&typeid=i","cat":289558},{"id":83979,"n":"Vin de l'Union Européenne Vieux Papes 12.5%vol - 75cl","p":2.25,"u":"3,00 €/L","img":"https://fd13-photos.leclercdrive.fr/image.ashx?id=2093388&use=l&cat=p&typeid=i","cat":289556},{"id":83985,"n":"IGP Pays d'Oc rouge Merlot Grand Sud 13% vol - 1L","p":3.91,"u":"3,91 €/L","img":"https://fd13-photos.leclercdrive.fr/image.ashx?id=2941583&use=l&cat=p&typeid=i","cat":289556},{"id":83986,"n":"IGP Pays d'Oc rosé Merlot Grand Sud 12.5% vol - 1L","p":3.91,"u":"3,91 €/L","img":"https://fd13-photos.leclercdrive.fr/image.ashx?id=2941580&use=l&cat=p&typeid=i","cat":289558},{"id":83988,"n":"IGP Pays d'Oc rosé Merlot Les Ormes de Cambras 12% BIB 5L","p":14.03,"u":"2,81 €/L","img":"https://fd13-photos.leclercdrive.fr/image.ashx?id=1587084&use=l&cat=p&typeid=i","cat":289560},{"id":84002,"n":"Vin Blanc La villageoise  Union européenne - 1.5L","p":3.07,"u":"2,05 €/L","img":"https://fd13-photos.leclercdrive.fr/image.ashx?id=2414133&use=l&cat=p&typeid=i","cat":289557},{"id":84011,"n":"IGP  Pays d'Hérault vin rosé Bernard Cordelier - BIB 3L","p":5.99,"u":"2,00 €/L","img":"https://fd13-photos.leclercdrive.fr/image.ashx?id=2891911&use=l&cat=p&typeid=i","cat":289560},{"id":84028,"n":"IGP Méditerranée rosé Les Calandières 12% vol BIB 3L","p":10.29,"u":"3,43 €/L","img":"https://fd13-photos.leclercdrive.fr/image.ashx?id=2997766&use=l&cat=p&typeid=i","cat":289560},{"id":84057,"n":"Sommeil mélatonine  30 gélules","p":6.2,"u":"0,21 €/P","img":"https://fd13-photos.leclercdrive.fr/image.ashx?id=2744722&use=l&cat=p&typeid=i","cat":313217},{"id":84152,"n":"Pain pour Panini La Boulangère x4 - 300g","p":1.73,"u":"5,77 €/KG","img":"https://fd13-photos.leclercdrive.fr/image.ashx?id=2937457&use=l&cat=p&typeid=i","cat":284985},{"id":84154,"n":"Bonbons VICHY Menthe 230g","p":1.07,"u":"4,65 €/KG","img":"https://fd13-photos.leclercdrive.fr/image.ashx?id=2806342&use=l&cat=p&typeid=i","cat":304252},{"id":84155,"n":"Michoko La pie qui chante 280g","p":2.83,"u":"10,11 €/KG","img":"https://fd13-photos.leclercdrive.fr/image.ashx?id=2862560&use=l&cat=p&typeid=i","cat":284499},{"id":84156,"n":"Carambar mini mix 220g","p":1.91,"u":"8,68 €/KG","img":"https://fd13-photos.leclercdrive.fr/image.ashx?id=2817845&use=l&cat=p&typeid=i","cat":304250},{"id":84158,"n":"Bonbons CARAMBAR Fruits Assortiment - 320g","p":1.71,"u":"5,34 €/KG","img":"https://fd13-photos.leclercdrive.fr/image.ashx?id=2964499&use=l&cat=p&typeid=i","cat":304250},{"id":84159,"n":"Bonbons CARAMBAR Family Assortiment - 450g","p":2.68,"u":"5,96 €/KG","img":"https://fd13-photos.leclercdrive.fr/image.ashx?id=2903446&use=l&cat=p&typeid=i","cat":304250},{"id":84160,"n":"Bonbons CARAMBAR Caramel 320g","p":1.71,"u":"5,34 €/KG","img":"https://fd13-photos.leclercdrive.fr/image.ashx?id=2770124&use=l&cat=p&typeid=i","cat":304250},{"id":84161,"n":"Bonbons LA PIE QUI CHANTE Michoko Noir - 280g","p":2.38,"u":"8,50 €/KG","img":"https://fd13-photos.leclercdrive.fr/image.ashx?id=2817842&use=l&cat=p&typeid=i","cat":304250},{"id":84163,"n":"Break P'tit Déli 135g","p":1.33,"u":"9,85 €/KG","img":"https://fd13-photos.leclercdrive.fr/image.ashx?id=1419312&use=l&cat=p&typeid=i","cat":284488},{"id":84186,"n":"Lait bébé en poudre Bio Guigoz 2ème âge - 6-12 mois - 800g","p":18.4,"u":"23,00 €/KG","img":"https://fd13-photos.leclercdrive.fr/image.ashx?id=2740286&use=l&cat=p&typeid=i","cat":284727},{"id":84249,"n":"Crème Bio Hydratante Sobio Etic Aloe Vera - 100ml","p":6.98,"u":"69,80 €/L","img":"https://fd13-photos.leclercdrive.fr/image.ashx?id=2787074&use=l&cat=p&typeid=i","cat":325345},{"id":84253,"n":"Crème de Douche Bio Sobio Etic Peaux Sensibles Aloe Vera-650ml","p":5.48,"u":"8,43 €/L","img":"https://fd13-photos.leclercdrive.fr/image.ashx?id=2891577&use=l&cat=p&typeid=i","cat":284594},{"id":84327,"n":"Chicorée en grains Leroux  nature - 520g","p":2.18,"u":"4,19 €/KG","img":"https://fd13-photos.leclercdrive.fr/image.ashx?id=2730496&use=l&cat=p&typeid=i","cat":284843},{"id":84385,"n":"Croc'Choc Lucien Georgelin Noisette - 375g","p":3.41,"u":"9,09 €/KG","img":"https://fd13-photos.leclercdrive.fr/image.ashx?id=2561811&use=l&cat=p&typeid=i","cat":309513},{"id":84386,"n":"Croc'Tou Choc Lucien Georgelin 375g - Lucien Georgelin","p":2.95,"u":"7,87 €/KG","img":"https://fd13-photos.leclercdrive.fr/image.ashx?id=2561808&use=l&cat=p&typeid=i","cat":309513},{"id":84392,"n":"Sauce tomate de Marmande 300g - Lucien Georgelin","p":2.29,"u":"7,63 €/KG","img":"https://fd13-photos.leclercdrive.fr/image.ashx?id=2015660&use=l&cat=p&typeid=i","cat":288384},{"id":84437,"n":"Yaourt à boire Mini Yop Aromatisé Framboise - 8x100g","p":2.48,"u":"3,10 €/KG","img":"https://fd13-photos.leclercdrive.fr/image.ashx?id=2320000&use=l&cat=p&typeid=i","cat":284415},{"id":84441,"n":"Trio saucissons Cévennes  Nos Régions ont du Talent 345g","p":6.84,"u":"19,83 €/KG","img":"https://fd13-photos.leclercdrive.fr/image.ashx?id=2776301&use=l&cat=p&typeid=i","cat":316006},{"id":84486,"n":"Mousse forestière Supérieure Médaille d'or CGA 2017 - 170g","p":2.09,"u":"12,29 €/KG","img":"https://fd13-photos.leclercdrive.fr/image.ashx?id=2989261&use=l&cat=p&typeid=i","cat":316008},{"id":84488,"n":"La ballottine Prunier Belle Epoque de volaille - 160g","p":2.4,"u":"15,00 €/KG","img":"https://fd13-photos.leclercdrive.fr/image.ashx?id=2950228&use=l&cat=p&typeid=i","cat":316009},{"id":84763,"n":"Chipolatas supérieures La Nouvelle Agriculture x6-330g","p":5.17,"u":"15,67 €/KG","img":"https://fd13-photos.leclercdrive.fr/image.ashx?id=2831939&use=l&cat=p&typeid=i","cat":284334},{"id":84784,"n":"Filet de poulet Le Gaulois x2 - 300g","p":4.65,"u":"15,50 €/KG","img":"https://fd13-photos.leclercdrive.fr/image.ashx?id=2732761&use=l&cat=p&typeid=i","cat":284336},{"id":84789,"n":"Filet de poulet blanc Le Gaulois x2 - 300g","p":4.99,"u":"16,63 €/KG","img":"https://fd13-photos.leclercdrive.fr/image.ashx?id=2633989&use=l&cat=p&typeid=i","cat":284336},{"id":84790,"n":"Cuisse de poulet blanc Le Gaulois - 500g","p":3.09,"u":"6,18 €/KG","img":"https://fd13-photos.leclercdrive.fr/image.ashx?id=2732752&use=l&cat=p&typeid=i","cat":284336},{"id":84794,"n":"Coton Lotus Baby Peau nette - x85","p":2.55,"u":"0,03 €/P","img":"https://fd13-photos.leclercdrive.fr/image.ashx?id=2981355&use=l&cat=p&typeid=i","cat":284739},{"id":84819,"n":"Cerneaux de noix Seeberger 150g","p":5.96,"u":"39,73 €/KG","img":"https://fd13-photos.leclercdrive.fr/image.ashx?id=2950615&use=l&cat=p&typeid=i","cat":284357},{"id":85022,"n":"Shampooing Naturé Moi Extra-doux - 250ml","p":2.32,"u":"9,28 €/L","img":"https://fd13-photos.leclercdrive.fr/image.ashx?id=2740673&use=l&cat=p&typeid=i","cat":284606},{"id":85040,"n":"Shampooing sec Batiste Cherry - 200ml","p":3.53,"u":"17,65 €/L","img":"https://fd13-photos.leclercdrive.fr/image.ashx?id=2983459&use=l&cat=p&typeid=i","cat":289143},{"id":85051,"n":"Endives Panier du Primeur x5","p":2.49,"u":"0,50 €/P","img":"https://fd13-photos.leclercdrive.fr/image.ashx?id=2655607&use=l&cat=p&typeid=i","cat":284352},{"id":85052,"n":"Croquettes petit chien Ultima  Nature Poulet - 1,25kg","p":6.71,"u":"5,37 €/KG","img":"https://fd13-photos.leclercdrive.fr/image.ashx?id=2593164&use=l&cat=p&typeid=i","cat":294526},{"id":85059,"n":"Protection auditive Quies En mousse fluo - x16","p":6.2,"u":"0,39 €/P","img":"https://fd13-photos.leclercdrive.fr/image.ashx?id=2159511&use=l&cat=p&typeid=i","cat":284630},{"id":85069,"n":"Dentifrice Sensodyne Blancheur multiprotect - 75ml","p":4.33,"u":"57,73 €/L","img":"https://fd13-photos.leclercdrive.fr/image.ashx?id=2630730&use=l&cat=p&typeid=i","cat":284612},{"id":85106,"n":"Mayonnaise American Style Heinz  - 395g","p":2.48,"u":"6,28 €/KG","img":"https://fd13-photos.leclercdrive.fr/image.ashx?id=2927059&use=l&cat=p&typeid=i","cat":298295},{"id":85187,"n":"Les Crackers Heudebert Blé complet - 250g","p":1.88,"u":"7,52 €/KG","img":"https://fd13-photos.leclercdrive.fr/image.ashx?id=3001973&use=l&cat=p&typeid=i","cat":284479},{"id":85194,"n":"Tartine briochée Heudebert 320g","p":2.96,"u":"9,25 €/KG","img":"https://fd13-photos.leclercdrive.fr/image.ashx?id=2346663&use=l&cat=p&typeid=i","cat":284479},{"id":85206,"n":"Génoises fourrées Pim's LU Fraise des bois - 150g","p":1.66,"u":"11,07 €/KG","img":"https://fd13-photos.leclercdrive.fr/image.ashx?id=3002204&use=l&cat=p&typeid=i","cat":284489},{"id":85207,"n":"Génoise fourrées Pim's LU Poire - 150g","p":1.64,"u":"10,93 €/KG","img":"https://fd13-photos.leclercdrive.fr/image.ashx?id=2145202&use=l&cat=p&typeid=i","cat":284489},{"id":85278,"n":"Barres Têtes Brûlées Fraise/pomme - 200g","p":1.85,"u":"9,25 €/KG","img":"https://fd13-photos.leclercdrive.fr/image.ashx?id=2917882&use=l&cat=p&typeid=i","cat":304250},{"id":85368,"n":"Tampons Nett Original Digitaux - Super+ - x24","p":2.65,"u":"0,11 €/P","img":"https://fd13-photos.leclercdrive.fr/image.ashx?id=2685132&use=l&cat=p&typeid=i","cat":284626},{"id":85398,"n":"Réchaud Woodsun 1 feu - 1 pièce","p":17.9,"img":"https://fd13-photos.leclercdrive.fr/image.ashx?id=1429060&use=l&cat=p&typeid=i","cat":335920},{"id":85445,"n":"Serpillères jetables St Marc  Anti-Bactériennes - x20","p":2.39,"u":"0,12 €/P","img":"https://fd13-photos.leclercdrive.fr/image.ashx?id=2228552&use=l&cat=p&typeid=i","cat":325358},{"id":85532,"n":"Tenders de Poulet Père Dodu  Aiguillettes - 380g","p":5.61,"u":"14,76 €/KG","img":"https://fd13-photos.leclercdrive.fr/image.ashx?id=2957200&use=l&cat=p&typeid=i","cat":333684},{"id":85666,"n":"IGP Ardeche rosé Pont d'Arc 12.5% vol - BIB 5L","p":11.18,"u":"2,24 €/L","img":"https://fd13-photos.leclercdrive.fr/image.ashx?id=2527922&use=l&cat=p&typeid=i","cat":289560},{"id":85693,"n":"Donut de poulet Maître Coq 800g","p":5.98,"u":"7,48 €/KG","img":"https://fd13-photos.leclercdrive.fr/image.ashx?id=2426941&use=l&cat=p&typeid=i","cat":333684},{"id":85739,"n":"Soda Pepsi Saveur cola sans sucres - 1L","p":0.96,"u":"0,96 €/L","img":"https://fd13-photos.leclercdrive.fr/image.ashx?id=2682300&use=l&cat=p&typeid=i","cat":284530},{"id":85960,"n":"AOP Bordeaux rosé Mouton Cadet - 75cl","p":5.59,"u":"7,45 €/L","img":"https://fd13-photos.leclercdrive.fr/image.ashx?id=2943987&use=l&cat=p&typeid=i","cat":289558},{"id":85992,"n":"Bière Ambrée Ninkasi 75cl","p":4.2,"u":"5,60 €/L","img":"https://fd13-photos.leclercdrive.fr/image.ashx?id=2462831&use=l&cat=p&typeid=i","cat":334872},{"id":85993,"n":"Bière blanche ninkasi 75cl","p":4.21,"u":"5,61 €/L","img":"https://fd13-photos.leclercdrive.fr/image.ashx?id=2458778&use=l&cat=p&typeid=i","cat":334872},{"id":85995,"n":"Bière triple Ninkasi 75cl","p":4.94,"u":"6,59 €/L","img":"https://fd13-photos.leclercdrive.fr/image.ashx?id=2458784&use=l&cat=p&typeid=i","cat":334872},{"id":85998,"n":"Sauce Curry Mango Heinz - 225g","p":1.99,"u":"8,84 €/KG","img":"https://fd13-photos.leclercdrive.fr/image.ashx?id=2927050&use=l&cat=p&typeid=i","cat":318431},{"id":86017,"n":"Chocolat Nougatti Côte d'Or Nougat/chocolat au lait - 180g","p":3.9,"u":"21,67 €/KG","img":"https://fd13-photos.leclercdrive.fr/image.ashx?id=3002273&use=l&cat=p&typeid=i","cat":284498},{"id":86020,"n":"Champagne Alfred Rothschild Brut - 75cl","p":26.44,"u":"35,25 €/L","img":"https://fd13-photos.leclercdrive.fr/image.ashx?id=2628473&use=l&cat=p&typeid=i","cat":284542},{"id":86071,"n":"AOP Prosecco Perlino Extra Dry - 75cl","p":6.39,"u":"8,52 €/L","img":"https://fd13-photos.leclercdrive.fr/image.ashx?id=2612778&use=l&cat=p&typeid=i","cat":289461},{"id":86208,"n":"Pâte à tartiner Nutella 1kg","p":6.62,"u":"6,62 €/KG","img":"https://fd13-photos.leclercdrive.fr/image.ashx?id=2935648&use=l&cat=p&typeid=i","cat":284481},{"id":86375,"n":"Rochers Suchard  Lait - 7x35g","p":4.23,"u":"17,27 €/KG","img":"https://fd13-photos.leclercdrive.fr/image.ashx?id=2950372&use=l&cat=p&typeid=i","cat":284499},{"id":86376,"n":"Rochers Suchard Noir - 7x35g","p":4.23,"u":"17,27 €/KG","img":"https://fd13-photos.leclercdrive.fr/image.ashx?id=2950375&use=l&cat=p&typeid=i","cat":284499},{"id":86395,"n":"Brioche tranchée Pasquier Familiale - 650g","p":2.79,"u":"4,29 €/KG","img":"https://fd13-photos.leclercdrive.fr/image.ashx?id=2850949&use=l&cat=p&typeid=i","cat":284478},{"id":86403,"n":"Capsules café L'Or Espresso Delizioso N°5 x10","p":3.12,"u":"60,00 €/KG","img":"https://fd13-photos.leclercdrive.fr/image.ashx?id=3000462&use=l&cat=p&typeid=i","cat":284749},{"id":86411,"n":"Biscuit bio Bjorg Avoine pépites chocolat - 130g","p":2.05,"u":"15,77 €/KG","img":"https://fd13-photos.leclercdrive.fr/image.ashx?id=2999985&use=l&cat=p&typeid=i","cat":325066},{"id":86438,"n":"Dentifrice Integral 8 Signal Nature Elements Coco 75ml","p":1.76,"u":"23,47 €/L","img":"https://fd13-photos.leclercdrive.fr/image.ashx?id=2974659&use=l&cat=p&typeid=i","cat":284612},{"id":86451,"n":"Lessive gel Génie Lavage main - 200ml","p":1.59,"u":"7,95 €/L","img":"https://fd13-photos.leclercdrive.fr/image.ashx?id=2664142&use=l&cat=p&typeid=i","cat":284643},{"id":86462,"n":"Gratte éponge Spontex Mosaik - x3","p":2.64,"u":"0,88 €/P","img":"https://fd13-photos.leclercdrive.fr/image.ashx?id=2393224&use=l&cat=p&typeid=i","cat":284667},{"id":86470,"n":"Bonbons KREMA Festival Assortiment - 360g","p":2.38,"u":"6,61 €/KG","img":"https://fd13-photos.leclercdrive.fr/image.ashx?id=2817875&use=l&cat=p&typeid=i","cat":304250},{"id":86474,"n":"Bonbons KREMA Batna Réglisse & Anis - 360g","p":2.26,"u":"6,28 €/KG","img":"https://fd13-photos.leclercdrive.fr/image.ashx?id=2817878&use=l&cat=p&typeid=i","cat":304250},{"id":86482,"n":"Bonbons KREMA Régal'ad Assortiment Fruits - 360g","p":2.46,"u":"6,83 €/KG","img":"https://fd13-photos.leclercdrive.fr/image.ashx?id=2855295&use=l&cat=p&typeid=i","cat":304250},{"id":86483,"n":"Bonbons La pie qui chante Menthe claire - 360g","p":2.2,"u":"6,11 €/KG","img":"https://fd13-photos.leclercdrive.fr/image.ashx?id=2817869&use=l&cat=p&typeid=i","cat":304252},{"id":86488,"n":"Bonbons La pie qui chante Stoptou à la réglisse - 450g","p":2.68,"u":"5,96 €/KG","img":"https://fd13-photos.leclercdrive.fr/image.ashx?id=2817872&use=l&cat=p&typeid=i","cat":304250},{"id":86489,"n":"Chocolat en poudre Poulain Grand arôme 32% cacao - 250g","p":1.98,"u":"7,92 €/KG","img":"https://fd13-photos.leclercdrive.fr/image.ashx?id=2859071&use=l&cat=p&typeid=i","cat":293235},{"id":86570,"n":"Chewing gum Malabar Tutti Frutti - 214g","p":1.82,"u":"8,50 €/KG","img":"https://fd13-photos.leclercdrive.fr/image.ashx?id=2817848&use=l&cat=p&typeid=i","cat":304251},{"id":86586,"n":"Pain de mie Harrys Nature extra moelleux - 500g","p":1.3,"u":"2,60 €/KG","img":"https://fd13-photos.leclercdrive.fr/image.ashx?id=2660730&use=l&cat=p&typeid=i","cat":284477},{"id":86591,"n":"AOP Champagne Pommery Brut Royal étui- 75cl","p":33.37,"u":"44,49 €/L","img":"https://fd13-photos.leclercdrive.fr/image.ashx?id=2791500&use=l&cat=p&typeid=i","cat":284542},{"id":86656,"n":"Bouillon cubes légumes Knorr Méditerranéens x12- 132g","p":1.41,"u":"10,68 €/KG","img":"https://fd13-photos.leclercdrive.fr/image.ashx?id=2940636&use=l&cat=p&typeid=i","cat":288379},{"id":86658,"n":"Thé vert Twinings Simplement pur - x25 - 37g","p":2.46,"u":"66,49 €/KG","img":"https://fd13-photos.leclercdrive.fr/image.ashx?id=2893015&use=l&cat=p&typeid=i","cat":293233},{"id":86660,"n":"Farine bio Mon Fournil Blé semi complète - 1kg","p":2.15,"u":"2,15 €/KG","img":"https://fd13-photos.leclercdrive.fr/image.ashx?id=2861677&use=l&cat=p&typeid=i","cat":284503},{"id":86661,"n":"Farine bio Mon Fournil Maïs sans gluten - 500g","p":3.43,"u":"6,86 €/KG","img":"https://fd13-photos.leclercdrive.fr/image.ashx?id=2378039&use=l&cat=p&typeid=i","cat":318654},{"id":86663,"n":"Farine complète bio Mon Fournil Riz sans gluten - 400g","p":2.67,"u":"6,68 €/KG","img":"https://fd13-photos.leclercdrive.fr/image.ashx?id=2378045&use=l&cat=p&typeid=i","cat":318654},{"id":86665,"n":"Dosettes café Senseo Grand Mère Classique x54","p":5.27,"u":"14,80 €/KG","img":"https://fd13-photos.leclercdrive.fr/image.ashx?id=2769837&use=l&cat=p&typeid=i","cat":293238},{"id":86669,"n":"Huile vierge Bio village  Sésame grillé bio - 25cl","p":2.67,"u":"10,68 €/L","img":"https://fd13-photos.leclercdrive.fr/image.ashx?id=3005715&use=l&cat=p&typeid=i","cat":284453},{"id":86671,"n":"Flocon avoine bio Mon Fournil Complet sans gluten - 500g","p":3.8,"u":"7,60 €/KG","img":"https://fd13-photos.leclercdrive.fr/image.ashx?id=2748590&use=l&cat=p&typeid=i","cat":318654},{"id":86725,"n":"Poudre de cacao bio Bio Village 500g - 32% de cacao","p":3.95,"u":"7,90 €/KG","img":"https://fd13-photos.leclercdrive.fr/image.ashx?id=2441516&use=l&cat=p&typeid=i","cat":293235},{"id":86732,"n":"Chips Barbecue Pom'lisse Maxi format - 270g","p":1.81,"u":"6,70 €/KG","img":"https://fd13-photos.leclercdrive.fr/image.ashx?id=2710837&use=l&cat=p&typeid=i","cat":284447},{"id":86734,"n":"Cookies P'tit Déli Triple chocolat - 200g","p":1.44,"u":"7,20 €/KG","img":"https://fd13-photos.leclercdrive.fr/image.ashx?id=2529608&use=l&cat=p&typeid=i","cat":325066},{"id":86740,"n":"Eau aromatisée  O'Fresh Fraise - sans sucres - 50cl","p":0.5,"u":"1,00 €/L","img":"https://fd13-photos.leclercdrive.fr/image.ashx?id=3002818&use=l&cat=p&typeid=i","cat":284537},{"id":86748,"n":"Adoucissant Hyperdou Lingettes Rêve de fraîcheur - x20","p":1.71,"u":"0,09 €/P","img":"https://fd13-photos.leclercdrive.fr/image.ashx?id=2489203&use=l&cat=p&typeid=i","cat":325302},{"id":86753,"n":"Spray nettoyant Uni Vert Désinfectant écocert - 750ml","p":2.19,"u":"2,92 €/L","img":"https://fd13-photos.leclercdrive.fr/image.ashx?id=2569050&use=l&cat=p&typeid=i","cat":325357},{"id":86779,"n":"Colin d'Alaska Pêche Océan Beurre citron - MSC - 400g","p":3.39,"u":"8,48 €/KG","img":"https://fd13-photos.leclercdrive.fr/image.ashx?id=2930126&use=l&cat=p&typeid=i","cat":319786},{"id":86781,"n":"Trio de poissons nordiques  Pêche Océan - 600g","p":11.49,"u":"19,15 €/KG","img":"https://fd13-photos.leclercdrive.fr/image.ashx?id=2175714&use=l&cat=p&typeid=i","cat":319786},{"id":86784,"n":"Frites au four Pom'Lisse Pom'Steak - 600g","p":1.46,"u":"2,43 €/KG","img":"https://fd13-photos.leclercdrive.fr/image.ashx?id=2770687&use=l&cat=p&typeid=i","cat":319791},{"id":86788,"n":"Tartinable thon Fromage frais MSC Ronde des mers - 140g","p":1.99,"u":"14,21 €/KG","img":"https://fd13-photos.leclercdrive.fr/image.ashx?id=2823084&use=l&cat=p&typeid=i","cat":285191},{"id":86884,"n":"Amande en poudre Vahiné 200g","p":4.14,"u":"20,70 €/KG","img":"https://fd13-photos.leclercdrive.fr/image.ashx?id=2559850&use=l&cat=p&typeid=i","cat":284504},{"id":86885,"n":"Pralin Vahiné 200g","p":3.77,"u":"18,85 €/KG","img":"https://fd13-photos.leclercdrive.fr/image.ashx?id=2524320&use=l&cat=p&typeid=i","cat":284504},{"id":86905,"n":"Bière blonde 1664 5,5° - 12x33cl canettes","p":10.25,"u":"2,59 €/L","img":"https://fd13-photos.leclercdrive.fr/image.ashx?id=2246617&use=l&cat=p&typeid=i","cat":334853},{"id":86907,"n":"Lait en poudre Modilac Bébé : 2ème âge - 820g","p":15.62,"u":"19,05 €/KG","img":"https://fd13-photos.leclercdrive.fr/image.ashx?id=2873393&use=l&cat=p&typeid=i","cat":284727},{"id":86909,"n":"Lait en poudre Modilac Doucéa Bébé 0-6mois - 820g","p":17.33,"u":"21,13 €/KG","img":"https://fd13-photos.leclercdrive.fr/image.ashx?id=2997031&use=l&cat=p&typeid=i","cat":284726},{"id":86916,"n":"Lames de rasoir Carré Homme 2 lames - x10","p":1.29,"u":"0,13 €/P","img":"https://fd13-photos.leclercdrive.fr/image.ashx?id=2591721&use=l&cat=p&typeid=i","cat":284616},{"id":86940,"n":"Emmental fromage râpé bio Bio village - 400g","p":4.45,"u":"11,13 €/KG","img":"https://fd13-photos.leclercdrive.fr/image.ashx?id=2501688&use=l&cat=p&typeid=i","cat":314035},{"id":86947,"n":"Parmesan rapé AOP 30% MG Bio Bio village - 50g","p":1.66,"u":"33,20 €/KG","img":"https://fd13-photos.leclercdrive.fr/image.ashx?id=2887422&use=l&cat=p&typeid=i","cat":314035},{"id":86986,"n":"Sachet fraicheur chat Sheba Thon saumon en gelée - 6x50g","p":2.99,"u":"9,97 €/KG","img":"https://fd13-photos.leclercdrive.fr/image.ashx?id=2850162&use=l&cat=p&typeid=i","cat":285286},{"id":86996,"n":"Muesli Chaque jour sans Gluten  Croustillant fruit sec bio-375g","p":3.49,"u":"9,31 €/KG","img":"https://fd13-photos.leclercdrive.fr/image.ashx?id=2554520&use=l&cat=p&typeid=i","cat":318654},{"id":87001,"n":"Petits Pois Notre Jardin 600g","p":1.69,"u":"2,82 €/KG","img":"https://fd13-photos.leclercdrive.fr/image.ashx?id=2873156&use=l&cat=p&typeid=i","cat":319805},{"id":87025,"n":"yaourt aux fruits bifidus activia - 8x125g","p":3.47,"u":"3,47 €/KG","img":"https://fd13-photos.leclercdrive.fr/image.ashx?id=2741751&use=l&cat=p&typeid=i","cat":315000},{"id":87038,"n":"Yaourt nature Danone 8x125g","p":1.83,"u":"1,83 €/KG","img":"https://fd13-photos.leclercdrive.fr/image.ashx?id=3001985&use=l&cat=p&typeid=i","cat":284409},{"id":87061,"n":"Boisson gourmande PAGO ACE Orange carotte citron - 75cl","p":1.73,"u":"2,31 €/L","img":"https://fd13-photos.leclercdrive.fr/image.ashx?id=2861237&use=l&cat=p&typeid=i","cat":284916},{"id":87067,"n":"Yaourt à boire P'tit max  Délisse Fraise - 6x180g","p":2.03,"u":"1,88 €/KG","img":"https://fd13-photos.leclercdrive.fr/image.ashx?id=2762510&use=l&cat=p&typeid=i","cat":284415},{"id":87076,"n":"Serviettes en papier Ardence Olive - 3 plis - 33x33cm","p":1.99,"u":"0,04 €/P","img":"https://fd13-photos.leclercdrive.fr/image.ashx?id=2726068&use=l&cat=p&typeid=i","cat":334134},{"id":87078,"n":"Serviettes en papier Homeside Aqua - 33x33cm - 3 plis","p":1.99,"img":"https://fd13-photos.leclercdrive.fr/image.ashx?id=1659729&use=l&cat=p&typeid=i","cat":334134},{"id":87079,"n":"Serviettes en papier Homeside Gris - 33x33cm - x50","p":1.99,"img":"https://fd13-photos.leclercdrive.fr/image.ashx?id=1659726&use=l&cat=p&typeid=i","cat":334134},{"id":87084,"n":"Rhum ambré Bacardi Carta Oro 37,5° - 70cl","p":17.22,"u":"24,60 €/L","img":"https://fd13-photos.leclercdrive.fr/image.ashx?id=2858171&use=l&cat=p&typeid=i","cat":284550},{"id":87089,"n":"Pavé Gourmand Garden Gourmet Epinards et Fromage 180g","p":2.38,"u":"13,22 €/KG","img":"https://fd13-photos.leclercdrive.fr/image.ashx?id=2971389&use=l&cat=p&typeid=i","cat":316036},{"id":87091,"n":"St Jacques Marie Fondue de poireaux riz - 280g","p":3.88,"u":"13,86 €/KG","img":"https://fd13-photos.leclercdrive.fr/image.ashx?id=2317531&use=l&cat=p&typeid=i","cat":333665},{"id":87093,"n":"Eau coiffante Vitanove 150ml","p":1.99,"u":"13,27 €/L","img":"https://fd13-photos.leclercdrive.fr/image.ashx?id=2496419&use=l&cat=p&typeid=i","cat":284609},{"id":87100,"n":"Gel lavant Manava Purifiant mandarine - 300ml","p":1.25,"u":"4,17 €/L","img":"https://fd13-photos.leclercdrive.fr/image.ashx?id=2935519&use=l&cat=p&typeid=i","cat":284597},{"id":87101,"n":"Spray nettoyant Vitroclen  Induction - 250ml","p":2.75,"u":"11,00 €/L","img":"https://fd13-photos.leclercdrive.fr/image.ashx?id=2294767&use=l&cat=p&typeid=i","cat":325363},{"id":87133,"n":"Thé vert Bio Ethiquable  Menthe x20 - 36g","p":2.5,"u":"69,44 €/KG","img":"https://fd13-photos.leclercdrive.fr/image.ashx?id=2870875&use=l&cat=p&typeid=i","cat":293233},{"id":87348,"n":"IGP Pays d'Oc rosé Merlot Grand Sud 12.5% vol - 5L","p":15.63,"u":"3,13 €/L","img":"https://fd13-photos.leclercdrive.fr/image.ashx?id=2837454&use=l&cat=p&typeid=i","cat":289558},{"id":87375,"n":"Serviettes Doulys Ultra mince Nuit + large - x9","p":2.2,"u":"0,24 €/P","img":"https://fd13-photos.leclercdrive.fr/image.ashx?id=2839927&use=l&cat=p&typeid=i","cat":284624},{"id":87377,"n":"Shampooing douceur L'Arbre Vert 250ml","p":1.83,"u":"7,32 €/L","img":"https://fd13-photos.leclercdrive.fr/image.ashx?id=2886118&use=l&cat=p&typeid=i","cat":284606},{"id":87379,"n":"Shampooing L'Arbre Vert Nutrition cheveux secs - 250ml","p":1.79,"u":"7,16 €/L","img":"https://fd13-photos.leclercdrive.fr/image.ashx?id=2885390&use=l&cat=p&typeid=i","cat":284606},{"id":87701,"n":"Carrés feuilletés Croustipate x4 - 240g","p":1.43,"u":"5,96 €/KG","img":"https://fd13-photos.leclercdrive.fr/image.ashx?id=2875069&use=l&cat=p&typeid=i","cat":333681},{"id":87742,"n":"Yaourt bifidus Activia vanille - 16x125g","p":4.51,"u":"2,26 €/KG","img":"https://fd13-photos.leclercdrive.fr/image.ashx?id=2741757&use=l&cat=p&typeid=i","cat":315000},{"id":87746,"n":"Yaourt bifidus Activia Citron - 16x125g","p":4.51,"u":"2,26 €/KG","img":"https://fd13-photos.leclercdrive.fr/image.ashx?id=2741781&use=l&cat=p&typeid=i","cat":315000},{"id":87747,"n":"Yaourts natures brassés bifidus Activia - 16x125g","p":4.51,"u":"2,26 €/KG","img":"https://fd13-photos.leclercdrive.fr/image.ashx?id=2741790&use=l&cat=p&typeid=i","cat":315000},{"id":87849,"n":"Boisson végétale Alpro lait de coco riz - 1l","p":2.19,"u":"2,19 €/L","img":"https://fd13-photos.leclercdrive.fr/image.ashx?id=2790243&use=l&cat=p&typeid=i","cat":316067},{"id":87869,"n":"Moule à tarte Homeside 27cm","p":6.29,"img":"https://fd13-photos.leclercdrive.fr/image.ashx?id=2856639&use=l&cat=p&typeid=i","cat":298490},{"id":87894,"n":"Boisson énergisante Crazy Tiger Bouteille - 1L","p":2.07,"u":"2,07 €/L","img":"https://fd13-photos.leclercdrive.fr/image.ashx?id=2927555&use=l&cat=p&typeid=i","cat":284533},{"id":87923,"n":"Compotes  gourdes Pom'Potes Multivariétés - 12x90g","p":5.19,"u":"4,81 €/KG","img":"https://fd13-photos.leclercdrive.fr/image.ashx?id=3010942&use=l&cat=p&typeid=i","cat":284508},{"id":87924,"n":"Dosettes café Senseo Classique x40","p":6.32,"u":"22,82 €/KG","img":"https://fd13-photos.leclercdrive.fr/image.ashx?id=2876326&use=l&cat=p&typeid=i","cat":293238},{"id":87925,"n":"Dosettes café Senseo Corsé x40","p":6.36,"u":"22,96 €/KG","img":"https://fd13-photos.leclercdrive.fr/image.ashx?id=2393581&use=l&cat=p&typeid=i","cat":293238},{"id":87926,"n":"Dosettes café Senseo Doux x40","p":6.37,"u":"23,00 €/KG","img":"https://fd13-photos.leclercdrive.fr/image.ashx?id=2337567&use=l&cat=p&typeid=i","cat":293238},{"id":87927,"n":"Dosettes café Senseo Décaféiné x40","p":6.36,"u":"22,96 €/KG","img":"https://fd13-photos.leclercdrive.fr/image.ashx?id=2324921&use=l&cat=p&typeid=i","cat":293238},{"id":87929,"n":"Dosettes café Senseo Classique x54","p":8.51,"u":"22,69 €/KG","img":"https://fd13-photos.leclercdrive.fr/image.ashx?id=2391798&use=l&cat=p&typeid=i","cat":293238},{"id":87931,"n":"Dosettes café Senseo Doux x54","p":8.38,"u":"22,35 €/KG","img":"https://fd13-photos.leclercdrive.fr/image.ashx?id=2289951&use=l&cat=p&typeid=i","cat":293238},{"id":87950,"n":"Snacks chats Tous mes amis Liquide - 90g","p":1.45,"u":"16,11 €/KG","img":"https://fd13-photos.leclercdrive.fr/image.ashx?id=2520041&use=l&cat=p&typeid=i","cat":285285},{"id":88038,"n":"Wraps Dr Schär Sans gluten - 160g","p":3.17,"u":"19,81 €/KG","img":"https://fd13-photos.leclercdrive.fr/image.ashx?id=2137069&use=l&cat=p&typeid=i","cat":288993},{"id":88041,"n":"Croquettes chat stérilisé  Ultima saumon - 7,5kg","p":26.63,"u":"3,55 €/KG","img":"https://fd13-photos.leclercdrive.fr/image.ashx?id=2886184&use=l&cat=p&typeid=i","cat":284680},{"id":88048,"n":"Compote Charles & Alice Pommes Bananes Vanille -4x100g","p":1.7,"u":"4,38 €/KG","img":"https://fd13-photos.leclercdrive.fr/image.ashx?id=2757698&use=l&cat=p&typeid=i","cat":284416},{"id":88053,"n":"Lasagne à la bolognaise Marie - 1 kg","p":4.71,"u":"4,71 €/KG","img":"https://fd13-photos.leclercdrive.fr/image.ashx?id=2993394&use=l&cat=p&typeid=i","cat":284254},{"id":88054,"n":"Fromage à tartiner Madame Loïk Fouetté Nat. Sel réduit - 150g","p":1.87,"u":"12,47 €/KG","img":"https://fd13-photos.leclercdrive.fr/image.ashx?id=2948018&use=l&cat=p&typeid=i","cat":314029},{"id":88062,"n":"Matière grasse Primevere Oméga 3 - 55% - 250g","p":1.5,"u":"6,00 €/KG","img":"https://fd13-photos.leclercdrive.fr/image.ashx?id=2928468&use=l&cat=p&typeid=i","cat":315229},{"id":88115,"n":"yaourt à boire danonino fraise banane abricot - 6x100g","p":2.41,"u":"4,02 €/KG","img":"https://fd13-photos.leclercdrive.fr/image.ashx?id=3003143&use=l&cat=p&typeid=i","cat":284415},{"id":88206,"n":"Céréales bébé Blédine 12 mois  Vanille - 400g","p":2.31,"u":"5,78 €/KG","img":"https://fd13-photos.leclercdrive.fr/image.ashx?id=2763124&use=l&cat=p&typeid=i","cat":312225},{"id":88331,"n":"Gélule gaz intestinaux Juvamine Charbon+Levure - x45","p":5.19,"u":"0,12 €/P","img":"https://fd13-photos.leclercdrive.fr/image.ashx?id=2773373&use=l&cat=p&typeid=i","cat":313217},{"id":88339,"n":"Purée de sésame Jardin Bio Tahini bio - 350g","p":7.21,"u":"20,60 €/KG","img":"https://fd13-photos.leclercdrive.fr/image.ashx?id=3000183&use=l&cat=p&typeid=i","cat":284481},{"id":88340,"n":"Berries Haribo Sachet bonbons - 200g","p":1.81,"u":"9,05 €/KG","img":"https://fd13-photos.leclercdrive.fr/image.ashx?id=2982411&use=l&cat=p&typeid=i","cat":304250},{"id":88342,"n":"Fécule et farine Tipiak Sans gluten - 500g","p":2.99,"u":"5,98 €/KG","img":"https://fd13-photos.leclercdrive.fr/image.ashx?id=2649217&use=l&cat=p&typeid=i","cat":318654},{"id":88344,"n":"Bonbons Regal'ad Krema 590g","p":3.43,"u":"5,81 €/KG","img":"https://fd13-photos.leclercdrive.fr/image.ashx?id=2806351&use=l&cat=p&typeid=i","cat":304250},{"id":88359,"n":"Bougies et chiffres Vahiné Plastique","p":3.46,"img":"https://fd13-photos.leclercdrive.fr/image.ashx?id=2402702&use=l&cat=p&typeid=i","cat":335913},{"id":88360,"n":"Saucisse Isla Délice Halal  Goût boeuf piquant - 500g","p":2.11,"u":"4,22 €/KG","img":"https://fd13-photos.leclercdrive.fr/image.ashx?id=2256107&use=l&cat=p&typeid=i","cat":316013},{"id":88361,"n":"Saucisse Isla Délice Halal Goût boeuf olive - 500g","p":2.12,"u":"4,24 €/KG","img":"https://fd13-photos.leclercdrive.fr/image.ashx?id=2264006&use=l&cat=p&typeid=i","cat":316013},{"id":88413,"n":"Beurre Allégé Elle&Vire Doux - 41% MG - 250g","p":2.17,"u":"8,68 €/KG","img":"https://fd13-photos.leclercdrive.fr/image.ashx?id=2969169&use=l&cat=p&typeid=i","cat":284379},{"id":88414,"n":"Boisson a base de thé Fresh Tea Thé vert saveur menthe 1L","p":0.96,"u":"0,96 €/L","img":"https://fd13-photos.leclercdrive.fr/image.ashx?id=2622272&use=l&cat=p&typeid=i","cat":295019},{"id":88417,"n":"Matière grasse St Hubert 51%MG-Sans huile de palme -500g","p":5.03,"u":"10,06 €/KG","img":"https://fd13-photos.leclercdrive.fr/image.ashx?id=2734117&use=l&cat=p&typeid=i","cat":315229},{"id":88418,"n":"Boisson a base de thé Fresh Tea Pêche - 1L","p":0.89,"u":"0,89 €/L","img":"https://fd13-photos.leclercdrive.fr/image.ashx?id=2622275&use=l&cat=p&typeid=i","cat":295019},{"id":88438,"n":"Coulommiers Cœur de Lion  Extra-Crèmeux - 385g","p":3.3,"u":"8,57 €/KG","img":"https://fd13-photos.leclercdrive.fr/image.ashx?id=2999958&use=l&cat=p&typeid=i","cat":314033},{"id":88441,"n":"Fromage à tartiner St Môret Nature maxi format - 400g","p":4.47,"u":"11,18 €/KG","img":"https://fd13-photos.leclercdrive.fr/image.ashx?id=2755459&use=l&cat=p&typeid=i","cat":314029},{"id":88442,"n":"Arrangé Isautier Banane Flambée - 40%vol - 50cl","p":16.72,"u":"33,44 €/L","img":"https://fd13-photos.leclercdrive.fr/image.ashx?id=2686903&use=l&cat=p&typeid=i","cat":284551},{"id":88446,"n":"Fromage Le Rustique Tomme  Fruitée - 280g","p":4.24,"u":"15,14 €/KG","img":"https://fd13-photos.leclercdrive.fr/image.ashx?id=2921549&use=l&cat=p&typeid=i","cat":329184},{"id":88448,"n":"Fromage à Tartiner Carré Frais  Nature 0% - 8 Portions - 200g","p":2.37,"u":"11,85 €/KG","img":"https://fd13-photos.leclercdrive.fr/image.ashx?id=2868684&use=l&cat=p&typeid=i","cat":314029},{"id":88450,"n":"Escalope Cordon Bleu Père Dodu  Dinde x2 - 200g","p":2.65,"u":"13,25 €/KG","img":"https://fd13-photos.leclercdrive.fr/image.ashx?id=2957203&use=l&cat=p&typeid=i","cat":333683},{"id":88451,"n":"AOP Champagne Chanoine Frères Brut - 75cl","p":23.0,"u":"30,67 €/L","img":"https://fd13-photos.leclercdrive.fr/image.ashx?id=2673217&use=l&cat=p&typeid=i","cat":284542},{"id":88454,"n":"Saucisson Fuet Justin Bridou  170g","p":3.27,"u":"19,24 €/KG","img":"https://fd13-photos.leclercdrive.fr/image.ashx?id=2751165&use=l&cat=p&typeid=i","cat":316006},{"id":88461,"n":"Salami Danois  Saint-Azay x16 - 160g","p":1.58,"u":"9,88 €/KG","img":"https://fd13-photos.leclercdrive.fr/image.ashx?id=2708354&use=l&cat=p&typeid=i","cat":316007},{"id":88471,"n":"Protège slip Tena Long - x20","p":2.49,"u":"0,12 €/P","img":"https://fd13-photos.leclercdrive.fr/image.ashx?id=2428588&use=l&cat=p&typeid=i","cat":284628},{"id":88495,"n":"Capsules Nescafé Dolce Gusto  Chococino - x16","p":5.11,"u":"0,32 €/P","img":"https://fd13-photos.leclercdrive.fr/image.ashx?id=2902355&use=l&cat=p&typeid=i","cat":293239},{"id":88548,"n":"Tartines campagne La Boulangère 450g","p":1.72,"u":"3,82 €/KG","img":"https://fd13-photos.leclercdrive.fr/image.ashx?id=2912395&use=l&cat=p&typeid=i","cat":284477},{"id":88560,"n":"Céréales bébé Blédine 6 mois  Biscuit - 400g","p":1.98,"u":"4,95 €/KG","img":"https://fd13-photos.leclercdrive.fr/image.ashx?id=2773295&use=l&cat=p&typeid=i","cat":312225},{"id":88561,"n":"Céréales bébé Blédine 6 mois  Multi céréales - 400g","p":2.24,"u":"5,60 €/KG","img":"https://fd13-photos.leclercdrive.fr/image.ashx?id=2763118&use=l&cat=p&typeid=i","cat":312225},{"id":88563,"n":"AOP Côtes du Rhône Vin rouge E. Guigal - 75cl","p":7.5,"u":"10,00 €/L","img":"https://fd13-photos.leclercdrive.fr/image.ashx?id=2555658&use=l&cat=p&typeid=i","cat":289556},{"id":88564,"n":"AOP Crozes Hermitage E. Guigal - 75cl","p":16.5,"u":"22,00 €/L","img":"https://fd13-photos.leclercdrive.fr/image.ashx?id=2108171&use=l&cat=p&typeid=i","cat":289557},{"id":88662,"n":"Yaourt bifidus Activia Vanille - 4x125g","p":1.6,"u":"3,20 €/KG","img":"https://fd13-photos.leclercdrive.fr/image.ashx?id=3006184&use=l&cat=p&typeid=i","cat":315000},{"id":88698,"n":"Citrons bio Bio Village Sachet x4","p":1.99,"u":"0,50 €/P","img":"https://fd13-photos.leclercdrive.fr/image.ashx?id=2805063&use=l&cat=p&typeid=i","cat":284356},{"id":88707,"n":"Endive bio Bio Village Sachet 400g","p":3.99,"u":"9,98 €/KG","img":"https://fd13-photos.leclercdrive.fr/image.ashx?id=2655619&use=l&cat=p&typeid=i","cat":284352},{"id":88727,"n":"Madeleines extra Ker Cadélac Lait praliné Moelleuse x24 600g","p":3.39,"u":"5,65 €/KG","img":"https://fd13-photos.leclercdrive.fr/image.ashx?id=2438603&use=l&cat=p&typeid=i","cat":284492},{"id":88738,"n":"Yaourt bifidus Activia citron vanille coco - 12x125g","p":4.4,"u":"2,93 €/KG","img":"https://fd13-photos.leclercdrive.fr/image.ashx?id=3003149&use=l&cat=p&typeid=i","cat":315000},{"id":88740,"n":"Yaourt bifidus Activia citron - 4x125g","p":1.6,"u":"3,20 €/KG","img":"https://fd13-photos.leclercdrive.fr/image.ashx?id=3006181&use=l&cat=p&typeid=i","cat":315000},{"id":88742,"n":"Yaourt bifidus Activia coco - 4x125g","p":1.65,"u":"3,30 €/KG","img":"https://fd13-photos.leclercdrive.fr/image.ashx?id=2886651&use=l&cat=p&typeid=i","cat":315000},{"id":88864,"n":"Aloe Vera Bio 1 Pièce","p":2.1,"img":"https://fd13-photos.leclercdrive.fr/image.ashx?id=1748108&use=l&cat=p&typeid=i","cat":284352},{"id":88981,"n":"Tablette chocolat au lait Milka Caramel - 3x100g","p":4.17,"u":"13,90 €/KG","img":"https://fd13-photos.leclercdrive.fr/image.ashx?id=2617078&use=l&cat=p&typeid=i","cat":284497},{"id":88986,"n":"Barre Chocolat au Lait KitKat x6 barres - 249g","p":3.13,"u":"12,57 €/KG","img":"https://fd13-photos.leclercdrive.fr/image.ashx?id=2989426&use=l&cat=p&typeid=i","cat":284498},{"id":88987,"n":"Smarties Tube Géant Bonbons Chocolat - 130g","p":2.03,"u":"15,62 €/KG","img":"https://fd13-photos.leclercdrive.fr/image.ashx?id=2625586&use=l&cat=p&typeid=i","cat":304238},{"id":89054,"n":"Bière blonde Kronenbourg 4,2° - 50cl canette","p":0.96,"u":"1,92 €/L","img":"https://fd13-photos.leclercdrive.fr/image.ashx?id=1586574&use=l&cat=p&typeid=i","cat":334853},{"id":89090,"n":"Boisson végétale Alpro Soja - 1L","p":1.77,"u":"1,77 €/L","img":"https://fd13-photos.leclercdrive.fr/image.ashx?id=2977681&use=l&cat=p&typeid=i","cat":316067},{"id":89092,"n":"Boisson au soja Alpro Saveur chocolat - 1L","p":2.53,"u":"2,53 €/L","img":"https://fd13-photos.leclercdrive.fr/image.ashx?id=1889294&use=l&cat=p&typeid=i","cat":316067},{"id":89093,"n":"Boisson végétale Alpro avoine - 1l","p":2.19,"u":"2,19 €/L","img":"https://fd13-photos.leclercdrive.fr/image.ashx?id=2986852&use=l&cat=p&typeid=i","cat":316067},{"id":89160,"n":"Recharge liquide nettoyant Swiffer WetJet - 1.25L","p":4.69,"pp":2.81,"u":"2,25 €/L","img":"https://fd13-photos.leclercdrive.fr/image.ashx?id=2867800&use=l&cat=p&typeid=i","cat":325364},{"id":89170,"n":"Chocolat noir Karéléa sans sucres - 100g","p":2.99,"u":"29,90 €/KG","img":"https://fd13-photos.leclercdrive.fr/image.ashx?id=2735776&use=l&cat=p&typeid=i","cat":284956},{"id":89196,"n":"Eau gazeuse aromatisée Badoit Citron vert - 1L","p":1.2,"u":"1,20 €/L","img":"https://fd13-photos.leclercdrive.fr/image.ashx?id=2730658&use=l&cat=p&typeid=i","cat":284536},{"id":89197,"n":"Eau gazeuse aromatisée Badoit Pamplemousse citron - 1L","p":1.18,"u":"1,18 €/L","img":"https://fd13-photos.leclercdrive.fr/image.ashx?id=2730655&use=l&cat=p&typeid=i","cat":284536},{"id":89198,"n":"Eau gazeuse aromatisée Badoit Citron menthe - 1L","p":1.22,"u":"1,22 €/L","img":"https://fd13-photos.leclercdrive.fr/image.ashx?id=2730661&use=l&cat=p&typeid=i","cat":284536},{"id":89336,"n":"Cire coiffante Vitanove Effet mat - 75ml","p":2.27,"u":"30,27 €/L","img":"https://fd13-photos.leclercdrive.fr/image.ashx?id=2791314&use=l&cat=p&typeid=i","cat":284609},{"id":89337,"n":"Cire coiffante Vitanove Brillance - 75ml","p":2.27,"u":"30,27 €/L","img":"https://fd13-photos.leclercdrive.fr/image.ashx?id=2780683&use=l&cat=p&typeid=i","cat":284609},{"id":89338,"n":"Soin anti-rides Inell Q10 Jour - 50ml","p":2.49,"u":"49,80 €/L","img":"https://fd13-photos.leclercdrive.fr/image.ashx?id=2822132&use=l&cat=p&typeid=i","cat":325345},{"id":89345,"n":"Serviettes Super Doulys Ultra mince - x24","p":1.8,"u":"0,08 €/P","img":"https://fd13-photos.leclercdrive.fr/image.ashx?id=2839931&use=l&cat=p&typeid=i","cat":284624},{"id":89346,"n":"Serviettes Nuit Doulys Ultra mince - x20","p":2.55,"u":"0,13 €/P","img":"https://fd13-photos.leclercdrive.fr/image.ashx?id=2839935&use=l&cat=p&typeid=i","cat":284624},{"id":89390,"n":"Boxers coton stretch Dim Noir - Taille 3 - x3","p":24.95,"u":"8,32 €/P","img":"https://fd13-photos.leclercdrive.fr/image.ashx?id=2560678&use=l&cat=p&typeid=i","cat":291524},{"id":89391,"n":"Boxers coton stretch Dim Noir - Taille 4 - x3","p":24.95,"u":"8,32 €/P","img":"https://fd13-photos.leclercdrive.fr/image.ashx?id=2560681&use=l&cat=p&typeid=i","cat":291524},{"id":89392,"n":"Boxers coton stretch Dim Noir - Taille 5 - x3","p":24.95,"u":"8,32 €/P","img":"https://fd13-photos.leclercdrive.fr/image.ashx?id=2560684&use=l&cat=p&typeid=i","cat":291524},{"id":89397,"n":"AOP Saint-Joseph Vin rouge Guigal - 75cl","p":19.9,"u":"26,53 €/L","img":"https://fd13-photos.leclercdrive.fr/image.ashx?id=2837472&use=l&cat=p&typeid=i","cat":289556},{"id":89424,"n":"Pesto vert Bio Village Bio - 185g","p":1.8,"u":"9,73 €/KG","img":"https://fd13-photos.leclercdrive.fr/image.ashx?id=1466304&use=l&cat=p&typeid=i","cat":287599},{"id":89503,"n":"Mélange de fruits secs  Seeberger - 150g","p":3.77,"u":"25,13 €/KG","img":"https://fd13-photos.leclercdrive.fr/image.ashx?id=2950636&use=l&cat=p&typeid=i","cat":316002},{"id":89506,"n":"Oeufs Plein air  Eco + x12","p":2.59,"u":"0,22 €/P","img":"https://fd13-photos.leclercdrive.fr/image.ashx?id=2708853&use=l&cat=p&typeid=i","cat":284378},{"id":89507,"n":"Xtrem Box Sodebo Radiatori à la Carbonara 400g","p":3.07,"u":"7,68 €/KG","img":"https://fd13-photos.leclercdrive.fr/image.ashx?id=2631588&use=l&cat=p&typeid=i","cat":334983},{"id":89515,"n":"Velouté de légumes Régal Soupe Instantané - 64g","p":1.35,"u":"21,09 €/KG","img":"https://fd13-photos.leclercdrive.fr/image.ashx?id=1886620&use=l&cat=p&typeid=i","cat":293527},{"id":89522,"n":"Barre bretonne Ker Cadélac 800g","p":3.23,"u":"4,04 €/KG","img":"https://fd13-photos.leclercdrive.fr/image.ashx?id=2956146&use=l&cat=p&typeid=i","cat":294776},{"id":89592,"n":"Elixir végétal  grande chartreuse 55%vol -10cl","p":11.37,"u":"113,70 €/L","img":"https://fd13-photos.leclercdrive.fr/image.ashx?id=1556749&use=l&cat=p&typeid=i","cat":286032},{"id":89660,"n":"Xtrem Box Sodebo Radiatori  4 Fromages - 400g","p":3.26,"u":"8,15 €/KG","img":"https://fd13-photos.leclercdrive.fr/image.ashx?id=2631591&use=l&cat=p&typeid=i","cat":334983},{"id":89695,"n":"Poulet Weight Watchers Curry-coco - 300g","p":3.4,"u":"11,33 €/KG","img":"https://fd13-photos.leclercdrive.fr/image.ashx?id=2827203&use=l&cat=p&typeid=i","cat":333665},{"id":89914,"n":"Bouillon Cube Maggi Légumes x18 - 180g","p":1.6,"u":"8,89 €/KG","img":"https://fd13-photos.leclercdrive.fr/image.ashx?id=2737039&use=l&cat=p&typeid=i","cat":288379},{"id":89959,"n":"Pelle et balayette","p":2.59,"img":"https://fd13-photos.leclercdrive.fr/image.ashx?id=1463745&use=l&cat=p&typeid=i","cat":284669},{"id":90056,"n":"Quinotto Jardin Bio Bio légumes parmesan - 220g","p":2.06,"u":"9,36 €/KG","img":"https://fd13-photos.leclercdrive.fr/image.ashx?id=2535421&use=l&cat=p&typeid=i","cat":287600},{"id":90090,"n":"Gnocchi à poêler Lustucru Extra Fromage 500g","p":2.9,"u":"5,80 €/KG","img":"https://fd13-photos.leclercdrive.fr/image.ashx?id=2786171&use=l&cat=p&typeid=i","cat":333682},{"id":90113,"n":"Petits suisses aux fruits bio Les 2 vaches - 12x50g","p":3.59,"u":"5,98 €/KG","img":"https://fd13-photos.leclercdrive.fr/image.ashx?id=2774103&use=l&cat=p&typeid=i","cat":284414},{"id":90120,"n":"Crème Saint Agur  155g","p":2.65,"u":"17,10 €/KG","img":"https://fd13-photos.leclercdrive.fr/image.ashx?id=2760014&use=l&cat=p&typeid=i","cat":314029},{"id":90122,"n":"Camembert Coeur de Lion 250g","p":1.98,"u":"7,92 €/KG","img":"https://fd13-photos.leclercdrive.fr/image.ashx?id=3008185&use=l&cat=p&typeid=i","cat":314033},{"id":90182,"n":"Savon Bionaïa Lait d'anesse - 100g","p":1.72,"u":"17,20 €/KG","img":"https://fd13-photos.leclercdrive.fr/image.ashx?id=2491047&use=l&cat=p&typeid=i","cat":284597},{"id":90188,"n":"Cremio Box Sodebo Poulet à l'Emmental - 280g","p":2.25,"u":"8,04 €/KG","img":"https://fd13-photos.leclercdrive.fr/image.ashx?id=2679068&use=l&cat=p&typeid=i","cat":334983},{"id":90221,"n":"Ménagère Lisa D\"Alban 24 pièces - Troquet rouge","p":11.9,"img":"https://fd13-photos.leclercdrive.fr/image.ashx?id=3000662&use=l&cat=p&typeid=i","cat":334134},{"id":90224,"n":"Ménagère Troquet Lisa D'Alban 24 pièces - Noir","p":11.9,"u":"0,50 €/P","img":"https://fd13-photos.leclercdrive.fr/image.ashx?id=3000656&use=l&cat=p&typeid=i","cat":334134},{"id":90228,"n":"Bière aromatisée Belzebuth Pink 2.8%vol. - 33cl","p":1.65,"u":"5,00 €/L","img":"https://fd13-photos.leclercdrive.fr/image.ashx?id=2906385&use=l&cat=p&typeid=i","cat":334878},{"id":90232,"n":"Bière blonde IPA Chouffe Houblon - 9%vol. - 33cl","p":2.48,"u":"7,52 €/L","img":"https://fd13-photos.leclercdrive.fr/image.ashx?id=2959202&use=l&cat=p&typeid=i","cat":334872},{"id":90237,"n":"Bière blonde Delirium Red 8% vol. - 33cl","p":3.2,"u":"9,70 €/L","img":"https://fd13-photos.leclercdrive.fr/image.ashx?id=2381300&use=l&cat=p&typeid=i","cat":334872},{"id":90245,"n":"Rondelle Classic Hutchinson x10 - Diamètre : 85 mm","p":2.4,"u":"0,24 €/P","img":"https://fd13-photos.leclercdrive.fr/image.ashx?id=2485623&use=l&cat=p&typeid=i","cat":284710},{"id":90248,"n":"Boite fraîcheur Snips Rectangulaire - 0.5L - x3","p":2.6,"u":"0,87 €/P","img":"https://fd13-photos.leclercdrive.fr/image.ashx?id=1781996&use=l&cat=p&typeid=i","cat":284710},{"id":90253,"n":"Rondelle Classic Hutchinson Diamètre de 70mm - x10","p":2.2,"u":"0,22 €/P","img":"https://fd13-photos.leclercdrive.fr/image.ashx?id=2485620&use=l&cat=p&typeid=i","cat":284710},{"id":90254,"n":"Bière blonde Maredsous Triple 10%vol. - 75cl","p":5.27,"u":"7,03 €/L","img":"https://fd13-photos.leclercdrive.fr/image.ashx?id=1653156&use=l&cat=p&typeid=i","cat":334872},{"id":90261,"n":"Protège Poelle Cuisy Lot de 2","p":2.1,"img":"https://fd13-photos.leclercdrive.fr/image.ashx?id=2735149&use=l&cat=p&typeid=i","cat":334135},{"id":90278,"n":"Set 3 casseroles Homeside 16-18-20cm +manche amovible","p":34.9,"pp":17.45,"img":"https://fd13-photos.leclercdrive.fr/image.ashx?id=1474505&use=l&cat=p&typeid=i","cat":298490},{"id":90279,"n":"Moule à tarte  Revêtement antiadhésif - 30cm","p":6.33,"img":"https://fd13-photos.leclercdrive.fr/image.ashx?id=2805996&use=l&cat=p&typeid=i","cat":298490},{"id":90280,"n":"Plaque à pâtisserie Homeside 38x28cm","p":7.9,"img":"https://fd13-photos.leclercdrive.fr/image.ashx?id=2833041&use=l&cat=p&typeid=i","cat":298490},{"id":90481,"n":"Eau infusée Bio Volvic  Hibiscus litchti passion - 75cl","p":1.43,"u":"1,91 €/L","img":"https://fd13-photos.leclercdrive.fr/image.ashx?id=2500437&use=l&cat=p&typeid=i","cat":284537},{"id":90497,"n":"Gobelets bas Ardence x3 - 27cl","p":2.59,"u":"0,86 €/P","img":"https://fd13-photos.leclercdrive.fr/image.ashx?id=1498411&use=l&cat=p&typeid=i","cat":334134},{"id":90501,"n":"Verres hauts Ardence 33.5cl - x3","p":2.89,"u":"0,96 €/P","img":"https://fd13-photos.leclercdrive.fr/image.ashx?id=1498685&use=l&cat=p&typeid=i","cat":334134},{"id":90535,"n":"Crabe Nautilus 100% morceaux - 105g","p":5.45,"pp":3.82,"u":"36,38 €/KG","img":"https://fd13-photos.leclercdrive.fr/image.ashx?id=2647516&use=l&cat=p&typeid=i","cat":305147},{"id":90547,"n":"Croquettes chat Purina One Chat Stérilisé Truite/Blé-1.5kg","p":7.4,"u":"4,93 €/KG","img":"https://fd13-photos.leclercdrive.fr/image.ashx?id=2488064&use=l&cat=p&typeid=i","cat":284680},{"id":90562,"n":"Yaourt bifidus Activia saveur framboise - 4x125g","p":1.65,"u":"3,30 €/KG","img":"https://fd13-photos.leclercdrive.fr/image.ashx?id=2886654&use=l&cat=p&typeid=i","cat":315000},{"id":90580,"n":"Mélange 4 baies bio Ducros 25g","p":2.98,"u":"119,20 €/KG","img":"https://fd13-photos.leclercdrive.fr/image.ashx?id=2484104&use=l&cat=p&typeid=i","cat":284457},{"id":90581,"n":"Poivre noir bio Ducros Moulin - 30g","p":3.69,"u":"123,00 €/KG","img":"https://fd13-photos.leclercdrive.fr/image.ashx?id=2484107&use=l&cat=p&typeid=i","cat":284457},{"id":90643,"n":"Thé vert Bio Clipper Mangue - 20 sachets - 35g","p":2.65,"u":"75,71 €/KG","img":"https://fd13-photos.leclercdrive.fr/image.ashx?id=2916420&use=l&cat=p&typeid=i","cat":293233},{"id":90644,"n":"Thé vert Bio Clipper Framboise menthe - 35g","p":2.26,"u":"64,57 €/KG","img":"https://fd13-photos.leclercdrive.fr/image.ashx?id=2908303&use=l&cat=p&typeid=i","cat":293233},{"id":90667,"n":"Céréales Chocapic Nestlé Bio - 375g","p":3.2,"u":"8,53 €/KG","img":"https://fd13-photos.leclercdrive.fr/image.ashx?id=2997262&use=l&cat=p&typeid=i","cat":309513},{"id":90670,"n":"Muesli fruits bio sans sucres  ajoutés Terres et Céréales-1kg","p":5.65,"u":"5,65 €/KG","img":"https://fd13-photos.leclercdrive.fr/image.ashx?id=2858455&use=l&cat=p&typeid=i","cat":309512},{"id":90673,"n":"Pâte à tartiner Alter Eco Bio Sans huile de palme - 270g","p":3.43,"u":"12,70 €/KG","img":"https://fd13-photos.leclercdrive.fr/image.ashx?id=2264195&use=l&cat=p&typeid=i","cat":284481},{"id":90675,"n":"Crème dessert Mont Blanc Boîte Chocolat - 570g","p":2.39,"u":"4,19 €/KG","img":"https://fd13-photos.leclercdrive.fr/image.ashx?id=3011614&use=l&cat=p&typeid=i","cat":284506},{"id":90676,"n":"Crème dessert Mont Blanc Boîte Vanille - 570g","p":2.39,"u":"4,19 €/KG","img":"https://fd13-photos.leclercdrive.fr/image.ashx?id=3008830&use=l&cat=p&typeid=i","cat":284506},{"id":90689,"n":"Lotus Biscoff Speculoos Biscuit Pocket 248g (16x2p)","p":2.32,"u":"9,35 €/KG","img":"https://fd13-photos.leclercdrive.fr/image.ashx?id=2694986&use=l&cat=p&typeid=i","cat":284487},{"id":90697,"n":"Boisson Coco Végé 1L Végé - 200g","p":1.75,"u":"1,75 €/L","img":"https://fd13-photos.leclercdrive.fr/image.ashx?id=2869516&use=l&cat=p&typeid=i","cat":316067},{"id":90725,"n":"Infusion bio Clipper Vanille et saveur fraise - 40g","p":2.16,"u":"54,00 €/KG","img":"https://fd13-photos.leclercdrive.fr/image.ashx?id=2906751&use=l&cat=p&typeid=i","cat":293234},{"id":90727,"n":"Crok fondant tout chocolat bio  Terres et Céréales - 375g","p":5.07,"u":"13,52 €/KG","img":"https://fd13-photos.leclercdrive.fr/image.ashx?id=2672290&use=l&cat=p&typeid=i","cat":309513},{"id":90736,"n":"Crème Mains Nutritive Mixa Huile d’abricot BIO - 100ml","p":2.75,"u":"27,50 €/L","img":"https://fd13-photos.leclercdrive.fr/image.ashx?id=2425838&use=l&cat=p&typeid=i","cat":325354},{"id":90777,"n":"Crème visage La Provençale Bio Jouvence Anti-Âge - 50ml","p":7.68,"u":"153,60 €/L","img":"https://fd13-photos.leclercdrive.fr/image.ashx?id=2950357&use=l&cat=p&typeid=i","cat":325345},{"id":90798,"n":"Velouté Bio Liebig Légumes du soleil - 1L","p":3.35,"u":"3,35 €/L","img":"https://fd13-photos.leclercdrive.fr/image.ashx?id=2643689&use=l&cat=p&typeid=i","cat":284462},{"id":90810,"n":"Soupe Liquide Bouteille Liebig  Velouté 5 Légumes - 75cl","p":2.43,"u":"3,24 €/L","img":"https://fd13-photos.leclercdrive.fr/image.ashx?id=2842552&use=l&cat=p&typeid=i","cat":284462},{"id":90819,"n":"Soupe liquide Knorr Tomate Pointe de basilic - 45cl","p":2.39,"u":"5,31 €/L","img":"https://fd13-photos.leclercdrive.fr/image.ashx?id=2525989&use=l&cat=p&typeid=i","cat":284462},{"id":90820,"n":"Soupe liquide Knorr Potiron - 45cl","p":2.19,"u":"4,87 €/L","img":"https://fd13-photos.leclercdrive.fr/image.ashx?id=2338663&use=l&cat=p&typeid=i","cat":284462},{"id":90822,"n":"Soupe liquide Knorr Légumes du potager - 45cl","p":2.19,"u":"4,87 €/L","img":"https://fd13-photos.leclercdrive.fr/image.ashx?id=2324357&use=l&cat=p&typeid=i","cat":284462},{"id":90843,"n":"Café moulu Grand Mère Familial - 4x250g","p":13.96,"u":"13,96 €/KG","img":"https://fd13-photos.leclercdrive.fr/image.ashx?id=1755049&use=l&cat=p&typeid=i","cat":284750},{"id":90847,"n":"Dosettes café Senseo Grand Mère Corsé x54","p":5.34,"u":"15,00 €/KG","img":"https://fd13-photos.leclercdrive.fr/image.ashx?id=2745817&use=l&cat=p&typeid=i","cat":293238},{"id":90877,"n":"Barre Têtes-Brûlées Cola Framboise Kitache - 200g","p":2.07,"u":"10,35 €/KG","img":"https://fd13-photos.leclercdrive.fr/image.ashx?id=2981148&use=l&cat=p&typeid=i","cat":304250},{"id":90993,"n":"Soda Pepsi Regular - 2L","p":1.58,"u":"0,79 €/L","img":"https://fd13-photos.leclercdrive.fr/image.ashx?id=1583915&use=l&cat=p&typeid=i","cat":284530},{"id":90995,"n":"Soda Pepsi Cola Regular 1L","p":1.09,"u":"1,09 €/L","img":"https://fd13-photos.leclercdrive.fr/image.ashx?id=2692686&use=l&cat=p&typeid=i","cat":284530},{"id":91017,"n":"IGP Méditerranée Vin rosé Estandon Farniente - 75cl","p":6.34,"u":"8,45 €/L","img":"https://fd13-photos.leclercdrive.fr/image.ashx?id=1890460&use=l&cat=p&typeid=i","cat":289558},{"id":91022,"n":"Vodka Boriskov Pure grain 37.5%vol - 70cl","p":9.95,"u":"14,21 €/L","img":"https://fd13-photos.leclercdrive.fr/image.ashx?id=2805009&use=l&cat=p&typeid=i","cat":284550},{"id":91025,"n":"Pur Jus Bio Village Bio Grenade - 1L","p":4.87,"u":"4,87 €/L","img":"https://fd13-photos.leclercdrive.fr/image.ashx?id=2901545&use=l&cat=p&typeid=i","cat":284916},{"id":91026,"n":"Pur Jus d'orange Bio Village Bio Carotte Citron - 1L","p":2.89,"u":"2,89 €/L","img":"https://fd13-photos.leclercdrive.fr/image.ashx?id=2901557&use=l&cat=p&typeid=i","cat":284521},{"id":91027,"n":"Chips Tortilla Old El Paso Nachips maxi format - 300g","p":3.07,"u":"10,23 €/KG","img":"https://fd13-photos.leclercdrive.fr/image.ashx?id=2737696&use=l&cat=p&typeid=i","cat":288993},{"id":91176,"n":"Lait Démaquillant Nivea Visage&Yeux Camomille - 200ml","p":4.02,"u":"20,10 €/L","img":"https://fd13-photos.leclercdrive.fr/image.ashx?id=2836097&use=l&cat=p&typeid=i","cat":284603},{"id":91177,"n":"Démaquillant Yeux biphase Nivea Sensibles Waterproof - 125ml","p":2.66,"u":"21,28 €/L","img":"https://fd13-photos.leclercdrive.fr/image.ashx?id=2953944&use=l&cat=p&typeid=i","cat":284603},{"id":91221,"n":"Pâtes Fusili Panzani Créatives - 500G","p":1.2,"u":"2,40 €/KG","img":"https://fd13-photos.leclercdrive.fr/image.ashx?id=2902942&use=l&cat=p&typeid=i","cat":284427},{"id":91231,"n":"Thé vert Twinings Framboise Passion x20 - 32g","p":2.75,"u":"85,94 €/KG","img":"https://fd13-photos.leclercdrive.fr/image.ashx?id=2893030&use=l&cat=p&typeid=i","cat":293233},{"id":91290,"n":"After Eight Chocolat Noël Saveur orange - 400g","p":8.16,"u":"20,40 €/KG","img":"https://fd13-photos.leclercdrive.fr/image.ashx?id=2401327&use=l&cat=p&typeid=i","cat":327595},{"id":91461,"n":"Mini toblerone Chocolat au lait - 280g","p":10.63,"u":"37,96 €/KG","img":"https://fd13-photos.leclercdrive.fr/image.ashx?id=2792951&use=l&cat=p&typeid=i","cat":284499},{"id":91482,"n":"Riz Comptoir du Grain Champignons 2 min - 250g","p":1.22,"u":"4,88 €/KG","img":"https://fd13-photos.leclercdrive.fr/image.ashx?id=2856561&use=l&cat=p&typeid=i","cat":287600},{"id":91485,"n":"Riz long Comptoir du Grain Express 2 min - 250g","p":0.99,"u":"3,96 €/KG","img":"https://fd13-photos.leclercdrive.fr/image.ashx?id=2441393&use=l&cat=p&typeid=i","cat":287600},{"id":91553,"n":"Quinoa Céréal Bio  Bio repas express 220g","p":1.87,"u":"8,50 €/KG","img":"https://fd13-photos.leclercdrive.fr/image.ashx?id=2575081&use=l&cat=p&typeid=i","cat":287600},{"id":91557,"n":"Lentilles Riz Soja Céréal Bio Bio repas express-250g","p":1.85,"u":"7,40 €/KG","img":"https://fd13-photos.leclercdrive.fr/image.ashx?id=2575084&use=l&cat=p&typeid=i","cat":287600},{"id":91570,"n":"Lait demi écrémé Justement Bon Lait de montagne Pack de 6 x 1L","p":6.76,"u":"1,13 €/L","img":"https://fd13-photos.leclercdrive.fr/image.ashx?id=1581915&use=l&cat=p&typeid=i","cat":284377},{"id":91585,"n":"Bicarbonate de soude Briochin Ecocert - 500g","p":2.63,"u":"5,26 €/KG","img":"https://fd13-photos.leclercdrive.fr/image.ashx?id=3000749&use=l&cat=p&typeid=i","cat":325365},{"id":91603,"n":"Gel pur So Bio Etic Aloe Vera bio - 125ml","p":6.93,"u":"55,44 €/L","img":"https://fd13-photos.leclercdrive.fr/image.ashx?id=2802497&use=l&cat=p&typeid=i","cat":325345},{"id":91605,"n":"Soin nutritif So Bio Etic Aloe Vera bio - 50ml","p":6.98,"u":"139,60 €/L","img":"https://fd13-photos.leclercdrive.fr/image.ashx?id=2992128&use=l&cat=p&typeid=i","cat":325345},{"id":91713,"n":"Reblanchisseur Dr.Beckmann Super blanc - 4 sachets","p":2.53,"u":"0,63 €/P","img":"https://fd13-photos.leclercdrive.fr/image.ashx?id=2569824&use=l&cat=p&typeid=i","cat":284651},{"id":91776,"n":"Crème UHT Elle&Vire Semi-Ep. Entière - 30% MG - 3x20cl","p":4.1,"u":"6,83 €/L","img":"https://fd13-photos.leclercdrive.fr/image.ashx?id=2979866&use=l&cat=p&typeid=i","cat":284381},{"id":91796,"n":"Préfou de Vendée NRT Au chèvre affiné - 280g","p":3.9,"u":"13,93 €/KG","img":"https://fd13-photos.leclercdrive.fr/image.ashx?id=2743900&use=l&cat=p&typeid=i","cat":316003},{"id":91805,"n":"petit suisse aux fruits danonino - 18x50g","p":3.54,"u":"3,93 €/KG","img":"https://fd13-photos.leclercdrive.fr/image.ashx?id=3003137&use=l&cat=p&typeid=i","cat":284414},{"id":91806,"n":"petit suisse aux fruits danonino - 24x50g","p":4.38,"u":"3,65 €/KG","img":"https://fd13-photos.leclercdrive.fr/image.ashx?id=2865602&use=l&cat=p&typeid=i","cat":284414},{"id":91807,"n":"petit suisse aux fruits danonino - 12x50g","p":2.4,"u":"4,00 €/KG","img":"https://fd13-photos.leclercdrive.fr/image.ashx?id=3003140&use=l&cat=p&typeid=i","cat":284414},{"id":91812,"n":"Panés pois chiches feta Végé - 2x90g","p":1.88,"u":"10,44 €/KG","img":"https://fd13-photos.leclercdrive.fr/image.ashx?id=2865272&use=l&cat=p&typeid=i","cat":316036},{"id":91813,"n":"Panés tomate mozza Végé - 2x90g","p":1.88,"u":"10,44 €/KG","img":"https://fd13-photos.leclercdrive.fr/image.ashx?id=2865275&use=l&cat=p&typeid=i","cat":316036},{"id":91944,"n":"Vinaigre blanc Saas Melfor Bidon - 5L","p":4.11,"u":"0,82 €/L","img":"https://fd13-photos.leclercdrive.fr/image.ashx?id=1933779&use=l&cat=p&typeid=i","cat":298543},{"id":92027,"n":"Tablette chocolat au lait Lindt Caramel Pointe de sel - 100g","p":2.39,"u":"23,90 €/KG","img":"https://fd13-photos.leclercdrive.fr/image.ashx?id=2750384&use=l&cat=p&typeid=i","cat":284497},{"id":92073,"n":"Légumes pour Wok Bio Village Bio - 600g","p":2.99,"u":"4,98 €/KG","img":"https://fd13-photos.leclercdrive.fr/image.ashx?id=2898071&use=l&cat=p&typeid=i","cat":319823},{"id":92247,"n":"Nettoyant spray La Croix Désinfectant Javel Frais -500ml","p":1.51,"u":"3,02 €/L","img":"https://fd13-photos.leclercdrive.fr/image.ashx?id=2471601&use=l&cat=p&typeid=i","cat":325357},{"id":92255,"n":"Soupe liquide brique Liebig  Courgettes Vache Qui Rit 2x30cl","p":2.97,"u":"4,95 €/L","img":"https://fd13-photos.leclercdrive.fr/image.ashx?id=2175518&use=l&cat=p&typeid=i","cat":284462},{"id":92267,"n":"Soupe instantanée Royco  Indienne - 3x200ml","p":1.64,"u":"2,73 €/L","img":"https://fd13-photos.leclercdrive.fr/image.ashx?id=2650988&use=l&cat=p&typeid=i","cat":293527},{"id":92351,"n":"Crème mains Inell Réparatrice - 100ml","p":1.45,"u":"14,50 €/L","img":"https://fd13-photos.leclercdrive.fr/image.ashx?id=2822135&use=l&cat=p&typeid=i","cat":325354},{"id":92356,"n":"Serviettes Hygieniques Vania  Maxi confort super - x16","p":1.72,"u":"0,11 €/P","img":"https://fd13-photos.leclercdrive.fr/image.ashx?id=2908168&use=l&cat=p&typeid=i","cat":284624},{"id":92436,"n":"Noix de Saint-Jacques ASC Ronde des Mers - 300g","p":8.7,"u":"29,00 €/KG","img":"https://fd13-photos.leclercdrive.fr/image.ashx?id=2835032&use=l&cat=p&typeid=i","cat":319787},{"id":92452,"n":"Tomates cerises bio Bio Village 250g","p":1.59,"u":"6,36 €/KG","img":"https://fd13-photos.leclercdrive.fr/image.ashx?id=2960544&use=l&cat=p&typeid=i","cat":284352},{"id":92454,"n":"Mini bûche Eskiss Fruits rouge x6 - 328g","p":2.29,"u":"6,98 €/KG","img":"https://fd13-photos.leclercdrive.fr/image.ashx?id=2459159&use=l&cat=p&typeid=i","cat":284266},{"id":92485,"n":"Thé English Breakfast Tetley 25 sachets - 50g","p":1.36,"u":"27,20 €/KG","img":"https://fd13-photos.leclercdrive.fr/image.ashx?id=2312260&use=l&cat=p&typeid=i","cat":293233},{"id":92516,"n":"Poélée Légume Wok Notre Jardin Inde - 1kg","p":3.99,"u":"3,99 €/KG","img":"https://fd13-photos.leclercdrive.fr/image.ashx?id=2803957&use=l&cat=p&typeid=i","cat":319823},{"id":92529,"n":"Échalotes traditionnelles bio  Bio Village - 250g","p":1.99,"u":"7,96 €/KG","img":"https://fd13-photos.leclercdrive.fr/image.ashx?id=2922454&use=l&cat=p&typeid=i","cat":284352},{"id":92530,"n":"Cidre fermier Doux NRT IGP  De Bretagne - 3%vol - 75cl","p":3.34,"u":"4,45 €/L","img":"https://fd13-photos.leclercdrive.fr/image.ashx?id=2791117&use=l&cat=p&typeid=i","cat":334880},{"id":92532,"n":"Céréales Quaker Cruesli Chocolat - 900g","p":5.23,"u":"5,81 €/KG","img":"https://fd13-photos.leclercdrive.fr/image.ashx?id=2212153&use=l&cat=p&typeid=i","cat":309512},{"id":92533,"n":"Céréales Quaker Cruesli Chocolat au lait - 450g","p":2.89,"u":"6,42 €/KG","img":"https://fd13-photos.leclercdrive.fr/image.ashx?id=2212156&use=l&cat=p&typeid=i","cat":309512},{"id":92693,"n":"Gel douche Mixa Bébé  Très Doux Corps Cheveux - 750ml","p":6.64,"u":"8,85 €/L","img":"https://fd13-photos.leclercdrive.fr/image.ashx?id=2316210&use=l&cat=p&typeid=i","cat":284740},{"id":92712,"n":"Adhésif transparent Eco+ 19mmx25m - x5","p":0.42,"u":"0,08 €/P","img":"https://fd13-photos.leclercdrive.fr/image.ashx?id=2943127&use=l&cat=p&typeid=i","cat":334133},{"id":92715,"n":"Pochettes coins Esquisses Transparentes - x10","p":1.5,"u":"0,15 €/P","img":"https://fd13-photos.leclercdrive.fr/image.ashx?id=1700197&use=l&cat=p&typeid=i","cat":284745},{"id":92761,"n":"Sacs poubelle 10L Eco+ Salle de bain - x30","p":1.08,"u":"0,04 €/P","img":"https://fd13-photos.leclercdrive.fr/image.ashx?id=2755052&use=l&cat=p&typeid=i","cat":285168},{"id":92780,"n":"Bière blonde Heineken 6x25cl","p":4.35,"u":"2,90 €/L","img":"https://fd13-photos.leclercdrive.fr/image.ashx?id=3011077&use=l&cat=p&typeid=i","cat":334873},{"id":92782,"n":"Thé glacé Fuze Tea Saveur pêche - 1.25L","p":1.55,"u":"1,24 €/L","img":"https://fd13-photos.leclercdrive.fr/image.ashx?id=2940390&use=l&cat=p&typeid=i","cat":295019},{"id":92818,"n":"Tablette lave-vaisselle Rainett Tout en 1 Bicarbonate x30 -600g","p":4.96,"u":"8,27 €/KG","img":"https://fd13-photos.leclercdrive.fr/image.ashx?id=2506477&use=l&cat=p&typeid=i","cat":284656},{"id":92834,"n":"Chips extra Vico 6x30g","p":1.96,"u":"10,89 €/KG","img":"https://fd13-photos.leclercdrive.fr/image.ashx?id=2917816&use=l&cat=p&typeid=i","cat":284447},{"id":92836,"n":"Tuiles Chaque jour sans gluten Goût Paprika - 170g","p":2.12,"u":"12,47 €/KG","img":"https://fd13-photos.leclercdrive.fr/image.ashx?id=2824707&use=l&cat=p&typeid=i","cat":318654},{"id":92837,"n":"Tuiles Chaque jour sans gluten Goût salé - 170g","p":2.12,"u":"12,47 €/KG","img":"https://fd13-photos.leclercdrive.fr/image.ashx?id=2463410&use=l&cat=p&typeid=i","cat":318654},{"id":92841,"n":"Huile de tournesol Rustica 50cl","p":1.39,"u":"2,78 €/L","img":"https://fd13-photos.leclercdrive.fr/image.ashx?id=2900349&use=l&cat=p&typeid=i","cat":284453},{"id":92842,"n":"Mélange 4 huiles Rustica Végétales - 50cl","p":1.79,"u":"3,58 €/L","img":"https://fd13-photos.leclercdrive.fr/image.ashx?id=2508885&use=l&cat=p&typeid=i","cat":284453},{"id":92853,"n":"Gaufrettes vanille Chaque jour sans gluten - 125g","p":3.26,"u":"26,08 €/KG","img":"https://fd13-photos.leclercdrive.fr/image.ashx?id=1513347&use=l&cat=p&typeid=i","cat":318654},{"id":92908,"n":"Raclette Entremont Saveur d'antan - 700g","p":8.88,"u":"12,69 €/KG","img":"https://fd13-photos.leclercdrive.fr/image.ashx?id=2951752&use=l&cat=p&typeid=i","cat":314037},{"id":92910,"n":"Tranches pour raclette Sans croûte nature - 700g","p":7.68,"u":"10,97 €/KG","img":"https://fd13-photos.leclercdrive.fr/image.ashx?id=2951743&use=l&cat=p&typeid=i","cat":314037},{"id":93022,"n":"Bière blonde Heineken 20x25cl","p":12.2,"u":"2,44 €/L","img":"https://fd13-photos.leclercdrive.fr/image.ashx?id=3011074&use=l&cat=p&typeid=i","cat":334873},{"id":93023,"n":"Bière blonde Heineken 12x25cl","p":7.49,"u":"2,50 €/L","img":"https://fd13-photos.leclercdrive.fr/image.ashx?id=3011080&use=l&cat=p&typeid=i","cat":334873},{"id":93029,"n":"Poireau bio Bio Village 750g","p":3.79,"u":"5,05 €/KG","img":"https://fd13-photos.leclercdrive.fr/image.ashx?id=2322956&use=l&cat=p&typeid=i","cat":284352},{"id":93030,"n":"Concombre Bio Bio Village x1","p":1.99,"img":"https://fd13-photos.leclercdrive.fr/image.ashx?id=2334257&use=l&cat=p&typeid=i","cat":284352},{"id":93033,"n":"Saucisson Fuet César Moroni  170g","p":3.36,"u":"19,76 €/KG","img":"https://fd13-photos.leclercdrive.fr/image.ashx?id=2916138&use=l&cat=p&typeid=i","cat":316006},{"id":93036,"n":"Rosette tranchée Cochonou  10 tranches - 93g","p":1.91,"u":"20,54 €/KG","img":"https://fd13-photos.leclercdrive.fr/image.ashx?id=2924107&use=l&cat=p&typeid=i","cat":316007},{"id":93037,"n":"Saucisson sec Tranché Cochonou 30 tranches - 93g","p":1.63,"u":"17,53 €/KG","img":"https://fd13-photos.leclercdrive.fr/image.ashx?id=2924104&use=l&cat=p&typeid=i","cat":316007},{"id":93041,"n":"Fromage Caprice Des Dieux 300g","p":3.62,"u":"12,07 €/KG","img":"https://fd13-photos.leclercdrive.fr/image.ashx?id=2763178&use=l&cat=p&typeid=i","cat":314033},{"id":93050,"n":"Poivron Bicolore bio Bio Village x2","p":2.79,"u":"1,40 €/P","img":"https://fd13-photos.leclercdrive.fr/image.ashx?id=2960541&use=l&cat=p&typeid=i","cat":284352},{"id":93052,"n":"Fromage Blanc Calin Nature 3.2%MG - 12x100g","p":3.38,"u":"2,82 €/KG","img":"https://fd13-photos.leclercdrive.fr/image.ashx?id=2973730&use=l&cat=p&typeid=i","cat":284409},{"id":93071,"n":"Champignons de Paris blancs Bio Bio Village - 200g","p":2.39,"u":"11,95 €/KG","img":"https://fd13-photos.leclercdrive.fr/image.ashx?id=2960550&use=l&cat=p&typeid=i","cat":284352},{"id":93091,"n":"Bûche glacée Eskiss Vanille Caramel Pécan - 534g","p":4.2,"u":"7,87 €/KG","img":"https://fd13-photos.leclercdrive.fr/image.ashx?id=2974816&use=l&cat=p&typeid=i","cat":284266},{"id":93105,"n":"Skyr danone  nature 0%mg - 2x140g","p":2.15,"u":"7,68 €/KG","img":"https://fd13-photos.leclercdrive.fr/image.ashx?id=2810606&use=l&cat=p&typeid=i","cat":284409},{"id":93108,"n":"Bière Desperados Pack de 12x33cl","p":14.42,"u":"3,64 €/L","img":"https://fd13-photos.leclercdrive.fr/image.ashx?id=2983123&use=l&cat=p&typeid=i","cat":334878},{"id":93109,"n":"Bière Desperados Pack de 6x33cl","p":7.21,"u":"3,64 €/L","img":"https://fd13-photos.leclercdrive.fr/image.ashx?id=2999865&use=l&cat=p&typeid=i","cat":334878},{"id":93111,"n":"Camembert Le Rustique  250g","p":2.33,"u":"9,32 €/KG","img":"https://fd13-photos.leclercdrive.fr/image.ashx?id=2979722&use=l&cat=p&typeid=i","cat":314033},{"id":93112,"n":"Coulommiers Cœur de Lion  350g","p":2.67,"u":"7,63 €/KG","img":"https://fd13-photos.leclercdrive.fr/image.ashx?id=2766286&use=l&cat=p&typeid=i","cat":314033},{"id":93121,"n":"Escalope Cordon Bleu Père Dodu  Dinde x4 - 400g - Familial","p":5.08,"u":"12,70 €/KG","img":"https://fd13-photos.leclercdrive.fr/image.ashx?id=2957206&use=l&cat=p&typeid=i","cat":333683},{"id":93181,"n":"Pains Façon Bretzel x6 - 270g","p":1.57,"u":"5,81 €/KG","img":"https://fd13-photos.leclercdrive.fr/image.ashx?id=2867401&use=l&cat=p&typeid=i","cat":325069},{"id":93210,"n":"Suprêmes soufflés Saint-Jean Nature x4 - 480g","p":3.42,"u":"7,13 €/KG","img":"https://fd13-photos.leclercdrive.fr/image.ashx?id=2446719&use=l&cat=p&typeid=i","cat":333682},{"id":93211,"n":"Suprêmes soufflés brochet x4 - 480g","p":3.86,"u":"8,04 €/KG","img":"https://fd13-photos.leclercdrive.fr/image.ashx?id=2446722&use=l&cat=p&typeid=i","cat":333682},{"id":93243,"n":"Dissolvant Inell Semi-permanent - 150ml","p":1.42,"u":"9,47 €/L","img":"https://fd13-photos.leclercdrive.fr/image.ashx?id=2691682&use=l&cat=p&typeid=i","cat":325347},{"id":93244,"n":"Sauce bolognaise Panzani 425g","p":1.89,"u":"4,45 €/KG","img":"https://fd13-photos.leclercdrive.fr/image.ashx?id=2989096&use=l&cat=p&typeid=i","cat":287599},{"id":93246,"n":"Assortiment Copains Copines Fraises bananes - 250g","p":1.19,"u":"4,76 €/KG","img":"https://fd13-photos.leclercdrive.fr/image.ashx?id=2934724&use=l&cat=p&typeid=i","cat":304250},{"id":93248,"n":"Assortiment Copains Copines Tubo gélifiés doux - 600g","p":3.32,"u":"5,53 €/KG","img":"https://fd13-photos.leclercdrive.fr/image.ashx?id=2934727&use=l&cat=p&typeid=i","cat":304250},{"id":93254,"n":"Assortiment Copains Copines Mini sachets - 500g","p":3.58,"u":"7,16 €/KG","img":"https://fd13-photos.leclercdrive.fr/image.ashx?id=2934736&use=l&cat=p&typeid=i","cat":304250},{"id":93305,"n":"Arrangé Isautier Gingembre Citron 40° - 50cl","p":14.95,"u":"29,90 €/L","img":"https://fd13-photos.leclercdrive.fr/image.ashx?id=2322193&use=l&cat=p&typeid=i","cat":284551},{"id":93314,"n":"Sirop Monin Cocktail caramel - 33cl","p":2.51,"u":"7,61 €/L","img":"https://fd13-photos.leclercdrive.fr/image.ashx?id=2301319&use=l&cat=p&typeid=i","cat":295020},{"id":93318,"n":"Vin de France Pinot Noir Bouchard Ainé et Fils - 75cl","p":5.09,"u":"6,79 €/L","img":"https://fd13-photos.leclercdrive.fr/image.ashx?id=2916105&use=l&cat=p&typeid=i","cat":289556},{"id":93401,"n":"Bière blonde pression Heineken Fût de 5L","p":17.83,"u":"3,57 €/L","img":"https://fd13-photos.leclercdrive.fr/image.ashx?id=2646194&use=l&cat=p&typeid=i","cat":334879},{"id":93514,"n":"Frites de poulet Maître Coq 1 kg","p":5.68,"u":"5,68 €/KG","img":"https://fd13-photos.leclercdrive.fr/image.ashx?id=2939478&use=l&cat=p&typeid=i","cat":319780},{"id":93547,"n":"Long Nuggets Père Dodu  Poulet x8 - 200g","p":2.6,"u":"13,00 €/KG","img":"https://fd13-photos.leclercdrive.fr/image.ashx?id=2957188&use=l&cat=p&typeid=i","cat":333684},{"id":93574,"n":"Kit pour Burritos 510g","p":2.81,"u":"5,51 €/KG","img":"https://fd13-photos.leclercdrive.fr/image.ashx?id=2679774&use=l&cat=p&typeid=i","cat":288993},{"id":93596,"n":"Cidre bouché Envies De Doux - 75cl","p":2.95,"u":"3,93 €/L","img":"https://fd13-photos.leclercdrive.fr/image.ashx?id=2908978&use=l&cat=p&typeid=i","cat":334880},{"id":93600,"n":"Dessert végétal soja Alpro Nature à la coco - 500g","p":1.82,"u":"3,64 €/KG","img":"https://fd13-photos.leclercdrive.fr/image.ashx?id=2976080&use=l&cat=p&typeid=i","cat":316071},{"id":93624,"n":"Papier toilette Mimosa Blanc 3 plis - x12","p":4.61,"u":"0,38 €/P","img":"https://fd13-photos.leclercdrive.fr/image.ashx?id=2777863&use=l&cat=p&typeid=i","cat":284634},{"id":93625,"n":"Papier toilette Mimosa Rose 3 plis - x12","p":4.69,"u":"0,39 €/P","img":"https://fd13-photos.leclercdrive.fr/image.ashx?id=2778758&use=l&cat=p&typeid=i","cat":284634},{"id":93683,"n":"Noix st Jacques Ronde des mers Avec corail - 300g","p":12.89,"u":"42,97 €/KG","img":"https://fd13-photos.leclercdrive.fr/image.ashx?id=2632888&use=l&cat=p&typeid=i","cat":319787},{"id":93685,"n":"Noix St Jacques Ronde des mers Sans Corail - MSC - 300g","p":12.99,"u":"43,30 €/KG","img":"https://fd13-photos.leclercdrive.fr/image.ashx?id=2545930&use=l&cat=p&typeid=i","cat":319787},{"id":93690,"n":"Nems à la Crevette et Crabe Tables du Monde x4 - 280g","p":2.04,"u":"7,29 €/KG","img":"https://fd13-photos.leclercdrive.fr/image.ashx?id=1861278&use=l&cat=p&typeid=i","cat":333673},{"id":93700,"n":"Tablette chocolat Côte d'Or Chocolat lait praliné - 200g","p":3.81,"u":"19,05 €/KG","img":"https://fd13-photos.leclercdrive.fr/image.ashx?id=2850222&use=l&cat=p&typeid=i","cat":284497},{"id":93726,"n":"Tablettes lave vaiselle Rainett Tout en 1 Bicarbonate x50 - 1kg","p":9.09,"u":"9,09 €/KG","img":"https://fd13-photos.leclercdrive.fr/image.ashx?id=2506480&use=l&cat=p&typeid=i","cat":284656},{"id":93727,"n":"Liquide de rinçage Rainett Pour Lave-vaisselle - 750ml","p":3.25,"u":"4,33 €/L","img":"https://fd13-photos.leclercdrive.fr/image.ashx?id=2338510&use=l&cat=p&typeid=i","cat":284657},{"id":93728,"n":"Clémentine à déguster bio Bio Village Sachet 750g","p":2.99,"u":"3,99 €/KG","img":"https://fd13-photos.leclercdrive.fr/image.ashx?id=2801058&use=l&cat=p&typeid=i","cat":284356},{"id":93742,"n":"Joker Bio Multifruits 1L","p":2.71,"u":"2,71 €/L","img":"https://fd13-photos.leclercdrive.fr/image.ashx?id=3001293&use=l&cat=p&typeid=i","cat":284917},{"id":93745,"n":"Joker Bio Orange sans pulpe 1L","p":2.87,"u":"2,87 €/L","img":"https://fd13-photos.leclercdrive.fr/image.ashx?id=3008146&use=l&cat=p&typeid=i","cat":284521},{"id":93750,"n":"Ratatouille Cuisinée Cassegrain à la Provençale 380g","p":2.8,"u":"7,37 €/KG","img":"https://fd13-photos.leclercdrive.fr/image.ashx?id=2970831&use=l&cat=p&typeid=i","cat":312612},{"id":93765,"n":"Nettoyant moteur TECH9  300ml","p":4.99,"u":"16,63 €/L","img":"https://fd13-photos.leclercdrive.fr/image.ashx?id=2162492&use=l&cat=p&typeid=i","cat":298252},{"id":93774,"n":"Shampooing lustrant TECH9 500ml","p":2.99,"u":"5,98 €/L","img":"https://fd13-photos.leclercdrive.fr/image.ashx?id=2162453&use=l&cat=p&typeid=i","cat":298252},{"id":93776,"n":"Sauce tomate bio Jardin Bio Provençale - 510g","p":3.34,"u":"6,55 €/KG","img":"https://fd13-photos.leclercdrive.fr/image.ashx?id=2977435&use=l&cat=p&typeid=i","cat":287599},{"id":93788,"n":"Escalope Cordon Bleu Père Dodu  Poulet x2 - 200g","p":2.2,"u":"11,00 €/KG","img":"https://fd13-photos.leclercdrive.fr/image.ashx?id=2957170&use=l&cat=p&typeid=i","cat":333683},{"id":93790,"n":"Sauce tomate bio Jardin Bio Basilic - 510g","p":3.43,"u":"6,73 €/KG","img":"https://fd13-photos.leclercdrive.fr/image.ashx?id=2918832&use=l&cat=p&typeid=i","cat":287599},{"id":93798,"n":"Dégrippant multi-fonction TECH9 300ml","p":3.45,"u":"11,50 €/L","img":"https://fd13-photos.leclercdrive.fr/image.ashx?id=2162486&use=l&cat=p&typeid=i","cat":298252},{"id":93806,"n":"Nettoyant Plastique TECH9 Mat Senteur Menthe - 400ml","p":3.99,"u":"9,98 €/L","img":"https://fd13-photos.leclercdrive.fr/image.ashx?id=2162432&use=l&cat=p&typeid=i","cat":298252},{"id":93817,"n":"Muesli croustillant 7 fruits  bio Terres et Céréales-1kg","p":5.59,"u":"5,59 €/KG","img":"https://fd13-photos.leclercdrive.fr/image.ashx?id=2802449&use=l&cat=p&typeid=i","cat":309512},{"id":93819,"n":"Poêlée de légume Notre Jardin Wok cuisiné Asie - 1kg","p":3.59,"u":"3,59 €/KG","img":"https://fd13-photos.leclercdrive.fr/image.ashx?id=2878600&use=l&cat=p&typeid=i","cat":319823},{"id":93820,"n":"Nettoyant TECH9 Insectes et fientes - 500ml","p":5.49,"u":"10,98 €/L","img":"https://fd13-photos.leclercdrive.fr/image.ashx?id=2162477&use=l&cat=p&typeid=i","cat":298252},{"id":93821,"n":"Nettoyant goudron résine TECH9 300ml","p":4.75,"u":"15,83 €/L","img":"https://fd13-photos.leclercdrive.fr/image.ashx?id=2162474&use=l&cat=p&typeid=i","cat":298252},{"id":93822,"n":"Nettoyant Plastique TECH9 Brillant Senteur Agrumes -400ml","p":3.99,"u":"9,98 €/L","img":"https://fd13-photos.leclercdrive.fr/image.ashx?id=2162438&use=l&cat=p&typeid=i","cat":298252},{"id":93824,"n":"Brillant pneus TECH9 400ml","p":6.99,"u":"17,48 €/L","img":"https://fd13-photos.leclercdrive.fr/image.ashx?id=2162480&use=l&cat=p&typeid=i","cat":298252},{"id":93842,"n":"Coton rectangle bébé Eco+ x200","p":3.99,"u":"0,02 €/P","img":"https://fd13-photos.leclercdrive.fr/image.ashx?id=2869760&use=l&cat=p&typeid=i","cat":284739},{"id":93851,"n":"Petit Pois Tendres et Fondants Cassegrain 280g","p":1.78,"u":"6,36 €/KG","img":"https://fd13-photos.leclercdrive.fr/image.ashx?id=2955318&use=l&cat=p&typeid=i","cat":312607},{"id":93854,"n":"Aubergines Cuisinées Cassegrain à la Provençale 375g","p":3.0,"u":"8,00 €/KG","img":"https://fd13-photos.leclercdrive.fr/image.ashx?id=2962086&use=l&cat=p&typeid=i","cat":312612},{"id":93855,"n":"Nettoyant plastique TECH9 Mat Senteur Neuf - 400ml","p":3.99,"u":"9,98 €/L","img":"https://fd13-photos.leclercdrive.fr/image.ashx?id=2162429&use=l&cat=p&typeid=i","cat":298252},{"id":93856,"n":"Polish rénovateur TECH9 500ml","p":2.99,"u":"5,98 €/L","img":"https://fd13-photos.leclercdrive.fr/image.ashx?id=2162462&use=l&cat=p&typeid=i","cat":298252},{"id":93857,"n":"Répare crevaison TECH9 500ml","p":6.9,"u":"13,80 €/L","img":"https://fd13-photos.leclercdrive.fr/image.ashx?id=2162489&use=l&cat=p&typeid=i","cat":298252},{"id":93860,"n":"Viande hachée bio- Bio Village  15%mg - 400g","p":8.15,"u":"20,38 €/KG","img":"https://fd13-photos.leclercdrive.fr/image.ashx?id=2946478&use=l&cat=p&typeid=i","cat":319779},{"id":93862,"n":"Rénovateur pare-choc TECH9 & Plastiques extérieurs - 400ml","p":3.45,"u":"8,63 €/L","img":"https://fd13-photos.leclercdrive.fr/image.ashx?id=2162468&use=l&cat=p&typeid=i","cat":298252},{"id":93867,"n":"Rénovateur joints TECH9 300ml","p":4.99,"u":"16,63 €/L","img":"https://fd13-photos.leclercdrive.fr/image.ashx?id=2162483&use=l&cat=p&typeid=i","cat":298252},{"id":93936,"n":"Filets de poulet Eco+ Blanc - 1kg","p":9.49,"u":"9,49 €/KG","img":"https://fd13-photos.leclercdrive.fr/image.ashx?id=1514650&use=l&cat=p&typeid=i","cat":284336},{"id":93948,"n":"Filets de poulet Eco+ Jaune - 1kg","p":9.49,"u":"9,49 €/KG","img":"https://fd13-photos.leclercdrive.fr/image.ashx?id=2858953&use=l&cat=p&typeid=i","cat":284336},{"id":93951,"n":"Huile fine TECH9 Multi-usage - 125ml","p":2.1,"u":"16,80 €/L","img":"https://fd13-photos.leclercdrive.fr/image.ashx?id=1543706&use=l&cat=p&typeid=i","cat":298253},{"id":94052,"n":"Haricot Vert Cassegrain Extra Fin Ceuillis main 220g","p":2.0,"u":"9,09 €/KG","img":"https://fd13-photos.leclercdrive.fr/image.ashx?id=2955321&use=l&cat=p&typeid=i","cat":312606},{"id":94156,"n":"Monster Munch Ketchup - 135g","p":1.62,"u":"12,00 €/KG","img":"https://fd13-photos.leclercdrive.fr/image.ashx?id=2917471&use=l&cat=p&typeid=i","cat":284449},{"id":94163,"n":"Comté AOP Entremont Tranché - 120g","p":2.76,"u":"23,00 €/KG","img":"https://fd13-photos.leclercdrive.fr/image.ashx?id=2983141&use=l&cat=p&typeid=i","cat":314028},{"id":94164,"n":"Fromage Crèmeux Saint Albray  200g","p":2.87,"u":"14,35 €/KG","img":"https://fd13-photos.leclercdrive.fr/image.ashx?id=2731825&use=l&cat=p&typeid=i","cat":329558},{"id":94180,"n":"Croquettes chat Ultima Stérilisé sensible - 3kg","p":13.89,"u":"4,63 €/KG","img":"https://fd13-photos.leclercdrive.fr/image.ashx?id=2906580&use=l&cat=p&typeid=i","cat":284680},{"id":94189,"n":"Sachet chat sénior Perfect Fit dinde poisson sauce - 4x85g","p":3.03,"u":"8,91 €/KG","img":"https://fd13-photos.leclercdrive.fr/image.ashx?id=2759730&use=l&cat=p&typeid=i","cat":285286},{"id":94281,"n":"Rhum blanc Bologne 50%vol - 100cl","p":19.27,"u":"19,27 €/L","img":"https://fd13-photos.leclercdrive.fr/image.ashx?id=2876554&use=l&cat=p&typeid=i","cat":284550},{"id":94486,"n":"Crackers Epi D'or 250g","p":1.28,"u":"5,12 €/KG","img":"https://fd13-photos.leclercdrive.fr/image.ashx?id=2791326&use=l&cat=p&typeid=i","cat":297000},{"id":94489,"n":"Lames Wilkinson Quattro Titanium Sensitive - x4","p":8.96,"u":"2,24 €/P","img":"https://fd13-photos.leclercdrive.fr/image.ashx?id=2451405&use=l&cat=p&typeid=i","cat":284616},{"id":94501,"n":"Oeufs frais plein air  L'Oeuf de nos Villages x20","p":4.98,"u":"0,25 €/P","img":"https://fd13-photos.leclercdrive.fr/image.ashx?id=2985381&use=l&cat=p&typeid=i","cat":284378},{"id":94635,"n":"Brasse végétal nature Andros 4x100g","p":2.58,"u":"6,45 €/KG","img":"https://fd13-photos.leclercdrive.fr/image.ashx?id=2872012&use=l&cat=p&typeid=i","cat":316071},{"id":94654,"n":"Yaourt bifidus Activia Vanille - 16x125g","p":5.38,"u":"2,69 €/KG","img":"https://fd13-photos.leclercdrive.fr/image.ashx?id=2741775&use=l&cat=p&typeid=i","cat":315000},{"id":94699,"n":"Biscottes Heudebert Blé complet - 280g","p":2.0,"u":"7,14 €/KG","img":"https://fd13-photos.leclercdrive.fr/image.ashx?id=2905060&use=l&cat=p&typeid=i","cat":284479},{"id":94801,"n":"Oeufs frais De Nos Régions Élevées au Sol - x12","p":2.71,"u":"0,23 €/P","img":"https://fd13-photos.leclercdrive.fr/image.ashx?id=2017271&use=l&cat=p&typeid=i","cat":284378},{"id":94853,"n":"Oeufs frais plein air Bio Bio village - x4","p":1.9,"u":"0,48 €/P","img":"https://fd13-photos.leclercdrive.fr/image.ashx?id=1519100&use=l&cat=p&typeid=i","cat":284378},{"id":94856,"n":"Oeufs frais plein air Oméga 3 - x20","p":4.55,"u":"0,23 €/P","img":"https://fd13-photos.leclercdrive.fr/image.ashx?id=2969988&use=l&cat=p&typeid=i","cat":284378},{"id":94857,"n":"Oeufs frais plein air Oeufs de Nos Régions - x4","p":0.99,"u":"0,25 €/P","img":"https://fd13-photos.leclercdrive.fr/image.ashx?id=2969970&use=l&cat=p&typeid=i","cat":284378},{"id":94858,"n":"Oeufs frais De Nos Régions Elevées au sol - Gros - x6","p":1.55,"u":"0,26 €/P","img":"https://fd13-photos.leclercdrive.fr/image.ashx?id=1861325&use=l&cat=p&typeid=i","cat":284378},{"id":94859,"n":"Yaourt à la grecque YAOS  Stracciatella - 4x125g","p":2.46,"u":"4,92 €/KG","img":"https://fd13-photos.leclercdrive.fr/image.ashx?id=2679506&use=l&cat=p&typeid=i","cat":314999},{"id":94860,"n":"Oeufs frais De Nos Régions Élevées au sol - x6","p":1.49,"u":"0,25 €/P","img":"https://fd13-photos.leclercdrive.fr/image.ashx?id=2017268&use=l&cat=p&typeid=i","cat":284378},{"id":94908,"n":"AOP Saint-Véran blanc Bourgogne - 75cl","p":7.5,"u":"10,00 €/L","img":"https://fd13-photos.leclercdrive.fr/image.ashx?id=2178076&use=l&cat=p&typeid=i","cat":289557},{"id":94936,"n":"AOP Vin blanc Alsace Gewurtraminer - 75cl","p":8.07,"u":"10,76 €/L","img":"https://fd13-photos.leclercdrive.fr/image.ashx?id=2370179&use=l&cat=p&typeid=i","cat":289557},{"id":95007,"n":"Chewing-gum Hollywood Cerise 5x10 - 70g","p":2.96,"u":"42,29 €/KG","img":"https://fd13-photos.leclercdrive.fr/image.ashx?id=2670074&use=l&cat=p&typeid=i","cat":304251},{"id":95077,"n":"Gel anti-calcaire Calgon  Hygiène Plus - 750ml","p":4.69,"u":"6,25 €/L","img":"https://fd13-photos.leclercdrive.fr/image.ashx?id=2953767&use=l&cat=p&typeid=i","cat":284653},{"id":95507,"n":"Risotto au Poulet & Cèpes Fleury Michon 2+1offert - 840g","p":5.47,"u":"6,51 €/KG","img":"https://fd13-photos.leclercdrive.fr/image.ashx?id=2246818&use=l&cat=p&typeid=i","cat":333665},{"id":95524,"n":"Essuie-tout bobine Mimosa 500 feuilles","p":3.7,"img":"https://fd13-photos.leclercdrive.fr/image.ashx?id=1523297&use=l&cat=p&typeid=i","cat":284635},{"id":95534,"n":"Saumon fumé Ronde des Mers Ecosse x4T - 140g","p":4.99,"u":"35,64 €/KG","img":"https://fd13-photos.leclercdrive.fr/image.ashx?id=2450056&use=l&cat=p&typeid=i","cat":285188},{"id":95535,"n":"Saumon fumé ASC Ronde des Mers Norvège x4T - 140g","p":4.99,"u":"35,64 €/KG","img":"https://fd13-photos.leclercdrive.fr/image.ashx?id=2832999&use=l&cat=p&typeid=i","cat":285188},{"id":95563,"n":"Crème Fleurette entière Yoplait 30%mg - 38cl","p":2.09,"img":"https://fd13-photos.leclercdrive.fr/image.ashx?id=2733658&use=l&cat=p&typeid=i","cat":284381},{"id":95564,"n":"Crème fraîche légère Yoplait Fleurette 15% mg - 38cl","p":1.63,"u":"4,29 €/L","img":"https://fd13-photos.leclercdrive.fr/image.ashx?id=2733664&use=l&cat=p&typeid=i","cat":284381},{"id":95582,"n":"Papier toilette Mimosa Blanc 2 plis - x6","p":2.95,"u":"0,49 €/P","img":"https://fd13-photos.leclercdrive.fr/image.ashx?id=2777866&use=l&cat=p&typeid=i","cat":284634},{"id":95584,"n":"Dentifrice dentavie Bio Gencives sensibles - 75ml","p":3.79,"u":"50,53 €/L","img":"https://fd13-photos.leclercdrive.fr/image.ashx?id=2494764&use=l&cat=p&typeid=i","cat":284612},{"id":95586,"n":"Eau micellaire bio SoBio Etic Peau sensible aloé véra - 500ml","p":5.04,"u":"10,08 €/L","img":"https://fd13-photos.leclercdrive.fr/image.ashx?id=2801905&use=l&cat=p&typeid=i","cat":284603},{"id":95623,"n":"AOP Champagne Brut Demoiselle Vranken - 75cl","p":25.73,"u":"34,31 €/L","img":"https://fd13-photos.leclercdrive.fr/image.ashx?id=2203988&use=l&cat=p&typeid=i","cat":284542},{"id":95665,"n":"Saucisses au Beaufort Socopa Façon charcutière - 4x80g","p":3.54,"u":"11,06 €/KG","img":"https://fd13-photos.leclercdrive.fr/image.ashx?id=2263673&use=l&cat=p&typeid=i","cat":284334},{"id":95704,"n":"Vinaigrette Puget Xeres ail basilic - 330 ml","p":1.78,"u":"5,39 €/L","img":"https://fd13-photos.leclercdrive.fr/image.ashx?id=2939541&use=l&cat=p&typeid=i","cat":284456},{"id":95811,"n":"Mascara Waterproof L'OréalParis Lash Paradise Noir","p":13.43,"img":"https://fd13-photos.leclercdrive.fr/image.ashx?id=2559589&use=l&cat=p&typeid=i","cat":287029},{"id":95815,"n":"Dessert végétal soja alpro Vanille - 500g","p":1.81,"u":"3,62 €/KG","img":"https://fd13-photos.leclercdrive.fr/image.ashx?id=2977672&use=l&cat=p&typeid=i","cat":316071},{"id":95817,"n":"Dessert végétal soja alpro Nature à l'amande - 500g","p":1.82,"u":"3,64 €/KG","img":"https://fd13-photos.leclercdrive.fr/image.ashx?id=2977684&use=l&cat=p&typeid=i","cat":316071},{"id":95945,"n":"Pommes bicolores Panier du Primeur Barquette x6","p":1.99,"u":"0,33 €/P","img":"https://fd13-photos.leclercdrive.fr/image.ashx?id=2553920&use=l&cat=p&typeid=i","cat":284356},{"id":95946,"n":"Pommes vertes Panier du Primeur Barquette x6","p":2.49,"u":"0,42 €/P","img":"https://fd13-photos.leclercdrive.fr/image.ashx?id=2338703&use=l&cat=p&typeid=i","cat":284356},{"id":95947,"n":"Pommes jaunes Panier du Primeur x6","p":2.49,"u":"0,42 €/P","img":"https://fd13-photos.leclercdrive.fr/image.ashx?id=2338700&use=l&cat=p&typeid=i","cat":284356},{"id":95973,"n":"Eau minérale naturelle Evian  6x1,5l","p":3.45,"u":"0,38 €/L","img":"https://fd13-photos.leclercdrive.fr/image.ashx?id=2967717&use=l&cat=p&typeid=i","cat":284535},{"id":95974,"n":"Bière blonde Bud 5% - 12x25cl","p":8.25,"u":"2,75 €/L","img":"https://fd13-photos.leclercdrive.fr/image.ashx?id=2995406&use=l&cat=p&typeid=i","cat":334873},{"id":95975,"n":"Liquide vaisselle Visior Pomme poire - 750ml","p":1.19,"u":"1,59 €/L","img":"https://fd13-photos.leclercdrive.fr/image.ashx?id=2872718&use=l&cat=p&typeid=i","cat":284655},{"id":95976,"n":"Liquide vaisselle Visior Fruit rouge & Fleur - 750ml","p":1.19,"u":"1,59 €/L","img":"https://fd13-photos.leclercdrive.fr/image.ashx?id=2724586&use=l&cat=p&typeid=i","cat":284655},{"id":95977,"n":"Liquide vaisselle Visior Amande Calendula - 750ml","p":1.26,"u":"1,68 €/L","img":"https://fd13-photos.leclercdrive.fr/image.ashx?id=2872721&use=l&cat=p&typeid=i","cat":284655},{"id":95978,"n":"Liquide vaisselle Visior Pamplemousse vinaigre - 750ml","p":1.3,"u":"1,73 €/L","img":"https://fd13-photos.leclercdrive.fr/image.ashx?id=2898859&use=l&cat=p&typeid=i","cat":284655},{"id":95979,"n":"Gel douche Manava Orchidée Camélia - 250ml","p":1.15,"u":"4,60 €/L","img":"https://fd13-photos.leclercdrive.fr/image.ashx?id=2805033&use=l&cat=p&typeid=i","cat":284594},{"id":96057,"n":"Café grains Méo Espresso - 1kg","p":15.25,"u":"15,25 €/KG","img":"https://fd13-photos.leclercdrive.fr/image.ashx?id=2593977&use=l&cat=p&typeid=i","cat":293237},{"id":96060,"n":"Chili con carné Bio Village Bio - 300g","p":3.49,"u":"11,63 €/KG","img":"https://fd13-photos.leclercdrive.fr/image.ashx?id=2437199&use=l&cat=p&typeid=i","cat":284953},{"id":96089,"n":"Gel douche Manava Citron basilic - 250ml","p":1.15,"u":"4,60 €/L","img":"https://fd13-photos.leclercdrive.fr/image.ashx?id=2626823&use=l&cat=p&typeid=i","cat":284594},{"id":96091,"n":"Gel douche Manava Concombre aloe vera - 250ml","p":1.18,"u":"4,72 €/L","img":"https://fd13-photos.leclercdrive.fr/image.ashx?id=2626826&use=l&cat=p&typeid=i","cat":284594},{"id":96094,"n":"Gel douche Manava Mangue Acai - 250ml","p":1.15,"u":"4,60 €/L","img":"https://fd13-photos.leclercdrive.fr/image.ashx?id=2805036&use=l&cat=p&typeid=i","cat":284594},{"id":96095,"n":"Gel douche Manava Envolée de pétales - 250ml","p":1.15,"u":"4,60 €/L","img":"https://fd13-photos.leclercdrive.fr/image.ashx?id=1980232&use=l&cat=p&typeid=i","cat":284594},{"id":96096,"n":"Gel douche Manava Crumble fruits rouges - 250ml","p":1.29,"u":"5,16 €/L","img":"https://fd13-photos.leclercdrive.fr/image.ashx?id=2486464&use=l&cat=p&typeid=i","cat":284594},{"id":96097,"n":"Gel douche Manava Noisettes caramel - 250ml","p":1.3,"u":"5,20 €/L","img":"https://fd13-photos.leclercdrive.fr/image.ashx?id=2805039&use=l&cat=p&typeid=i","cat":284594},{"id":96131,"n":"Soda Eco+ Gout orange - 1.5L","p":0.37,"u":"0,25 €/L","img":"https://fd13-photos.leclercdrive.fr/image.ashx?id=2741595&use=l&cat=p&typeid=i","cat":284532},{"id":96284,"n":"Pois chiches - 3x130g","p":1.65,"u":"4,23 €/KG","img":"https://fd13-photos.leclercdrive.fr/image.ashx?id=3002626&use=l&cat=p&typeid=i","cat":312609},{"id":96289,"n":"Biscuit apéritif ancel Sticks Bretzels Original - 300g","p":1.8,"u":"6,00 €/KG","img":"https://fd13-photos.leclercdrive.fr/image.ashx?id=2841196&use=l&cat=p&typeid=i","cat":297000},{"id":96398,"n":"Compote Cool pomme banane bio Vitabio - 12x90g","p":7.98,"u":"7,39 €/KG","img":"https://fd13-photos.leclercdrive.fr/image.ashx?id=2621420&use=l&cat=p&typeid=i","cat":284508},{"id":96416,"n":"Sauce soja Kikkoman 250ml","p":4.91,"u":"19,64 €/L","img":"https://fd13-photos.leclercdrive.fr/image.ashx?id=2544952&use=l&cat=p&typeid=i","cat":288992},{"id":96501,"n":"Rhum Diplomatico Mantuano 70cL","p":25.9,"u":"37,00 €/L","img":"https://fd13-photos.leclercdrive.fr/image.ashx?id=2433545&use=l&cat=p&typeid=i","cat":284550},{"id":96563,"n":"Soufflés Monster Munch Barbecue - 2x100g","p":2.35,"u":"11,75 €/KG","img":"https://fd13-photos.leclercdrive.fr/image.ashx?id=2918787&use=l&cat=p&typeid=i","cat":284449},{"id":96757,"n":"Olives vertes dénoyautées Poivrons rouges - Bocal 198g","p":3.12,"u":"15,76 €/KG","img":"https://fd13-photos.leclercdrive.fr/image.ashx?id=2421090&use=l&cat=p&typeid=i","cat":284450},{"id":96770,"n":"Eau minérale gazeuse Quézac  6x50cl","p":2.63,"u":"0,88 €/L","img":"https://fd13-photos.leclercdrive.fr/image.ashx?id=2884618&use=l&cat=p&typeid=i","cat":284536},{"id":96777,"n":"Crème mains Inell Hydratante - 100ml","p":1.35,"u":"13,50 €/L","img":"https://fd13-photos.leclercdrive.fr/image.ashx?id=2515688&use=l&cat=p&typeid=i","cat":325354},{"id":96832,"n":"Mini viennoiseries Epi d'Or x12 - 372g","p":4.23,"u":"11,37 €/KG","img":"https://fd13-photos.leclercdrive.fr/image.ashx?id=1879302&use=l&cat=p&typeid=i","cat":288858},{"id":96935,"n":"Saumon fumé Ronde des Mers Ecosse x2T - 75g","p":3.99,"u":"53,20 €/KG","img":"https://fd13-photos.leclercdrive.fr/image.ashx?id=2823093&use=l&cat=p&typeid=i","cat":285188},{"id":96936,"n":"Saumon fumé Ronde des Mers Ecosse x6T - 200g","p":8.2,"u":"41,00 €/KG","img":"https://fd13-photos.leclercdrive.fr/image.ashx?id=2450059&use=l&cat=p&typeid=i","cat":285188},{"id":96938,"n":"Saumon fumé Ronde des Mers ASC Norvège x6T - 210g","p":8.5,"u":"40,48 €/KG","img":"https://fd13-photos.leclercdrive.fr/image.ashx?id=2833132&use=l&cat=p&typeid=i","cat":285188},{"id":96939,"n":"Emincés Saumon Bio Bio Village 100g","p":5.55,"u":"55,50 €/KG","img":"https://fd13-photos.leclercdrive.fr/image.ashx?id=2954118&use=l&cat=p&typeid=i","cat":285188},{"id":96959,"n":"Pains au chocolat Epi d'Or x6 - 450g","p":2.95,"u":"6,56 €/KG","img":"https://fd13-photos.leclercdrive.fr/image.ashx?id=1983598&use=l&cat=p&typeid=i","cat":284267},{"id":96970,"n":"Feuilletés Epinards Chèvre Côté Table - 2x150g","p":3.09,"u":"10,30 €/KG","img":"https://fd13-photos.leclercdrive.fr/image.ashx?id=2846523&use=l&cat=p&typeid=i","cat":333671},{"id":97045,"n":"Thon entier Petit Navire Au naturel - 2x93g","p":3.17,"u":"17,04 €/KG","img":"https://fd13-photos.leclercdrive.fr/image.ashx?id=2961837&use=l&cat=p&typeid=i","cat":303867},{"id":97059,"n":"Poulet au curry bio Bio Village Riz quinoa sarrasin - 300g","p":2.99,"u":"9,97 €/KG","img":"https://fd13-photos.leclercdrive.fr/image.ashx?id=2622028&use=l&cat=p&typeid=i","cat":284953},{"id":97060,"n":"Tagada Haribo Sachet bonbons - 400g","p":1.7,"u":"4,25 €/KG","img":"https://fd13-photos.leclercdrive.fr/image.ashx?id=2801854&use=l&cat=p&typeid=i","cat":304250},{"id":97286,"n":"Crayons de couleurs Esquisse Bicolores - x12","p":1.65,"u":"0,14 €/P","img":"https://fd13-photos.leclercdrive.fr/image.ashx?id=1678787&use=l&cat=p&typeid=i","cat":284696},{"id":97287,"n":"Feutres de coloriage Esquisse Lavables Pointe large - x12","p":1.79,"u":"0,15 €/P","img":"https://fd13-photos.leclercdrive.fr/image.ashx?id=1698631&use=l&cat=p&typeid=i","cat":284696},{"id":97348,"n":"Crayons de couleur Eco+ Pochette de 18","p":0.53,"u":"0,03 €/P","img":"https://fd13-photos.leclercdrive.fr/image.ashx?id=1678664&use=l&cat=p&typeid=i","cat":284696},{"id":97359,"n":"Gyoza crevettes Ajinomoto Avec sauce soja  - 212g","p":4.25,"u":"20,05 €/KG","img":"https://fd13-photos.leclercdrive.fr/image.ashx?id=2590279&use=l&cat=p&typeid=i","cat":319774},{"id":97413,"n":"Confiture de Noël au chaudron 320g","p":3.17,"u":"9,91 €/KG","img":"https://fd13-photos.leclercdrive.fr/image.ashx?id=1559236&use=l&cat=p&typeid=i","cat":284480},{"id":97516,"n":"Feuilles simples perforées Eco+ 17x22cm - x200","p":1.25,"img":"https://fd13-photos.leclercdrive.fr/image.ashx?id=1698502&use=l&cat=p&typeid=i","cat":284697},{"id":97662,"n":"Thé vert Twinings Menthe x25 - 38g","p":2.52,"u":"66,32 €/KG","img":"https://fd13-photos.leclercdrive.fr/image.ashx?id=2906763&use=l&cat=p&typeid=i","cat":293233},{"id":97666,"n":"Thé vert gunpowder Twinings Menthe - x25 - 200g","p":5.69,"u":"28,45 €/KG","img":"https://fd13-photos.leclercdrive.fr/image.ashx?id=2955194&use=l&cat=p&typeid=i","cat":293233},{"id":97667,"n":"Thé russian Twinings Earl grey x20 - 30g","p":2.55,"u":"85,00 €/KG","img":"https://fd13-photos.leclercdrive.fr/image.ashx?id=2878306&use=l&cat=p&typeid=i","cat":293233},{"id":97677,"n":"Thé Twinings English breakfast x25 - 40g","p":2.79,"u":"69,75 €/KG","img":"https://fd13-photos.leclercdrive.fr/image.ashx?id=2893027&use=l&cat=p&typeid=i","cat":293233},{"id":97678,"n":"Céréales Jordans Country Crisp 4 Baies - 550g","p":3.25,"u":"5,91 €/KG","img":"https://fd13-photos.leclercdrive.fr/image.ashx?id=2997205&use=l&cat=p&typeid=i","cat":309512},{"id":97679,"n":"Country crisp Jordans Fruit & Noix - 500g","p":2.97,"u":"5,94 €/KG","img":"https://fd13-photos.leclercdrive.fr/image.ashx?id=2958881&use=l&cat=p&typeid=i","cat":309512},{"id":97713,"n":"Soda Tonic Sprink's 6x33cl","p":2.49,"u":"1,26 €/L","img":"https://fd13-photos.leclercdrive.fr/image.ashx?id=2956768&use=l&cat=p&typeid=i","cat":284531},{"id":97938,"n":"Biscuits aux amandes Kambly Tradition Suisse Rocher - 2x80g","p":4.65,"u":"29,06 €/KG","img":"https://fd13-photos.leclercdrive.fr/image.ashx?id=2181029&use=l&cat=p&typeid=i","cat":284490},{"id":98098,"n":"Liquide vaisselle Visior Antiodeur - 500ml","p":0.64,"u":"1,28 €/L","img":"https://fd13-photos.leclercdrive.fr/image.ashx?id=2951122&use=l&cat=p&typeid=i","cat":284655},{"id":98114,"n":"Serviettes Doulys Normal+ Teenage - x14","p":1.29,"u":"0,09 €/P","img":"https://fd13-photos.leclercdrive.fr/image.ashx?id=2839938&use=l&cat=p&typeid=i","cat":284624},{"id":98251,"n":"Liquide Vaisselle Brillance  VISIOR - 500ml","p":0.64,"u":"1,28 €/L","img":"https://fd13-photos.leclercdrive.fr/image.ashx?id=2951125&use=l&cat=p&typeid=i","cat":284655},{"id":98252,"n":"Liquide vaisselle Visior Antibactérien - 500ml","p":0.64,"u":"1,28 €/L","img":"https://fd13-photos.leclercdrive.fr/image.ashx?id=2951131&use=l&cat=p&typeid=i","cat":284655},{"id":98253,"n":"Liquide vaisselle Visior Désincrustant sel - 500ml","p":0.64,"u":"1,28 €/L","img":"https://fd13-photos.leclercdrive.fr/image.ashx?id=2951128&use=l&cat=p&typeid=i","cat":284655},{"id":98296,"n":"Semoule au lait Yabon  Nappage caramel - 4x125g","p":2.82,"u":"5,64 €/KG","img":"https://fd13-photos.leclercdrive.fr/image.ashx?id=2644289&use=l&cat=p&typeid=i","cat":284506},{"id":98339,"n":"Confiture Bonne Maman Cerises griottes - 370g+20%","p":2.29,"u":"5,16 €/KG","img":"https://fd13-photos.leclercdrive.fr/image.ashx?id=2638316&use=l&cat=p&typeid=i","cat":284480},{"id":98417,"n":"Liquide vaisselle floral Visior 500ml","p":0.64,"u":"1,28 €/L","img":"https://fd13-photos.leclercdrive.fr/image.ashx?id=2951134&use=l&cat=p&typeid=i","cat":284655},{"id":98422,"n":"Pavés de Saumon Bio Bio Village 200g","p":8.59,"u":"42,95 €/KG","img":"https://fd13-photos.leclercdrive.fr/image.ashx?id=2934802&use=l&cat=p&typeid=i","cat":319786},{"id":98437,"n":"Chorizo fort Eco+ 250g","p":1.63,"u":"6,52 €/KG","img":"https://fd13-photos.leclercdrive.fr/image.ashx?id=2694079&use=l&cat=p&typeid=i","cat":316006},{"id":98440,"n":"Rôti de porc Fleury Michon -25% sel sans nitrite x4 - 160g","p":3.33,"u":"20,81 €/KG","img":"https://fd13-photos.leclercdrive.fr/image.ashx?id=2334569&use=l&cat=p&typeid=i","cat":316009},{"id":98443,"n":"Soda Coca-Cola Original Bouteille - Pack 6x1L","p":10.18,"u":"1,70 €/L","img":"https://fd13-photos.leclercdrive.fr/image.ashx?id=2830897&use=l&cat=p&typeid=i","cat":284530},{"id":98468,"n":"Yaourt à la grecque Délisse Vanille - 8x125g","p":3.59,"u":"3,59 €/KG","img":"https://fd13-photos.leclercdrive.fr/image.ashx?id=2699738&use=l&cat=p&typeid=i","cat":314999},{"id":98475,"n":"Blé soja haricots Céréal Bio  Façon Chili bio -220g","p":1.96,"u":"8,91 €/KG","img":"https://fd13-photos.leclercdrive.fr/image.ashx?id=2575096&use=l&cat=p&typeid=i","cat":287600},{"id":98630,"n":"Compotes Douceur du Verger Panachées - x16","p":4.11,"u":"0,26 €/P","img":"https://fd13-photos.leclercdrive.fr/image.ashx?id=1693241&use=l&cat=p&typeid=i","cat":284416},{"id":98693,"n":"Masque Pieds Très Hydratant Huile de noix de coco - 1 paire","p":3.03,"img":"https://fd13-photos.leclercdrive.fr/image.ashx?id=3011011&use=l&cat=p&typeid=i","cat":325354},{"id":98717,"n":"Crème Fraîche Elle&Vire Fleurette Entière -31% MG- 33cl","p":2.16,"u":"6,55 €/L","img":"https://fd13-photos.leclercdrive.fr/image.ashx?id=2992095&use=l&cat=p&typeid=i","cat":284381},{"id":98807,"n":"Purée fruit bébé Blédina 6 mois Pomme cerise vanille - 4x100g","p":1.83,"u":"4,58 €/KG","img":"https://fd13-photos.leclercdrive.fr/image.ashx?id=2983024&use=l&cat=p&typeid=i","cat":312388},{"id":98809,"n":"Cornichons Maille Pasteurisés fin - 300g","p":3.06,"u":"10,20 €/KG","img":"https://fd13-photos.leclercdrive.fr/image.ashx?id=2082579&use=l&cat=p&typeid=i","cat":284458},{"id":98811,"n":"Comprimé antibactérien Polident x36","p":2.36,"u":"0,07 €/P","img":"https://fd13-photos.leclercdrive.fr/image.ashx?id=2303843&use=l&cat=p&typeid=i","cat":285158},{"id":98822,"n":"Purée fruit bébé Blédina 6 mois Pomme kiwi ananas - 4x100g","p":1.77,"u":"4,43 €/KG","img":"https://fd13-photos.leclercdrive.fr/image.ashx?id=2983030&use=l&cat=p&typeid=i","cat":312388},{"id":98831,"n":"Purée fruit bébé Blédina 6 mois Harmonie de fruits - 4x100g","p":1.78,"u":"4,45 €/KG","img":"https://fd13-photos.leclercdrive.fr/image.ashx?id=2983036&use=l&cat=p&typeid=i","cat":312388},{"id":98872,"n":"Boisson Thé Glacé FuzeTea Mangue Camomille - 1,25L","p":1.63,"u":"1,30 €/L","img":"https://fd13-photos.leclercdrive.fr/image.ashx?id=2997220&use=l&cat=p&typeid=i","cat":295019},{"id":98875,"n":"Thé glacé Fuze Tea  Pêche Hibiscus - 1,25L","p":1.65,"u":"1,32 €/L","img":"https://fd13-photos.leclercdrive.fr/image.ashx?id=2940393&use=l&cat=p&typeid=i","cat":295019},{"id":98888,"n":"AOP Chablis blanc La Chablisienne - 75 cl","p":11.93,"u":"15,91 €/L","img":"https://fd13-photos.leclercdrive.fr/image.ashx?id=2107009&use=l&cat=p&typeid=i","cat":289557},{"id":98899,"n":"Pétillant Cava Revesco brut Espagne - 75cl","p":5.69,"u":"7,59 €/L","img":"https://fd13-photos.leclercdrive.fr/image.ashx?id=2019834&use=l&cat=p&typeid=i","cat":289461},{"id":98933,"n":"AOP Ecrasé de pdt Florette Beurre - 2x200g","p":2.89,"u":"7,23 €/KG","img":"https://fd13-photos.leclercdrive.fr/image.ashx?id=2767699&use=l&cat=p&typeid=i","cat":333665},{"id":98971,"n":"Sac Multi Mix 500g","p":5.24,"u":"10,48 €/KG","img":"https://fd13-photos.leclercdrive.fr/image.ashx?id=2569803&use=l&cat=p&typeid=i","cat":304250},{"id":99216,"n":"Beurre Elle&Vire Condé sur Vire Doux - 82% MG - 250g","p":2.96,"u":"11,84 €/KG","img":"https://fd13-photos.leclercdrive.fr/image.ashx?id=2811131&use=l&cat=p&typeid=i","cat":284379},{"id":99248,"n":"Bouillon Kub Or Maggi 32 cubes - 128g","p":1.21,"u":"9,45 €/KG","img":"https://fd13-photos.leclercdrive.fr/image.ashx?id=2692737&use=l&cat=p&typeid=i","cat":288379},{"id":99416,"n":"Gel corps et cheveux Love&Green Bio - 500ml","p":7.39,"u":"14,78 €/L","img":"https://fd13-photos.leclercdrive.fr/image.ashx?id=2735713&use=l&cat=p&typeid=i","cat":284741},{"id":99417,"n":"Lait nettoyant Love & Green Bio Sans parfum - 500ml","p":6.67,"u":"13,34 €/L","img":"https://fd13-photos.leclercdrive.fr/image.ashx?id=2696016&use=l&cat=p&typeid=i","cat":284741},{"id":99418,"n":"Eau nettoyante Love & Green Bio sans parfum - 500ml","p":6.67,"u":"13,34 €/L","img":"https://fd13-photos.leclercdrive.fr/image.ashx?id=2696019&use=l&cat=p&typeid=i","cat":284741},{"id":99431,"n":"Crème hydratante Love & Green Bio Visage/Corps - 500ml","p":6.67,"u":"13,34 €/L","img":"https://fd13-photos.leclercdrive.fr/image.ashx?id=2139568&use=l&cat=p&typeid=i","cat":284741},{"id":99509,"n":"Bonbons La Vosgienne Miel citron - 125g","p":1.81,"u":"14,48 €/KG","img":"https://fd13-photos.leclercdrive.fr/image.ashx?id=2083516&use=l&cat=p&typeid=i","cat":304256},{"id":99526,"n":"Dentifrice Soin Sanogyl Essence Blancheur - 2x75ml","p":6.92,"u":"46,13 €/L","img":"https://fd13-photos.leclercdrive.fr/image.ashx?id=2335631&use=l&cat=p&typeid=i","cat":284612},{"id":99545,"n":"Mogettes bio Bio VIllage 215g","p":1.73,"u":"8,05 €/KG","img":"https://fd13-photos.leclercdrive.fr/image.ashx?id=3002680&use=l&cat=p&typeid=i","cat":312606},{"id":99553,"n":"Pois chiche Bio VIllage Bio - 215g","p":2.1,"u":"9,77 €/KG","img":"https://fd13-photos.leclercdrive.fr/image.ashx?id=3002683&use=l&cat=p&typeid=i","cat":312609},{"id":99555,"n":"Lentilles Bio Village Bio - 215g","p":2.04,"u":"9,49 €/KG","img":"https://fd13-photos.leclercdrive.fr/image.ashx?id=1947752&use=l&cat=p&typeid=i","cat":312609},{"id":99562,"n":"Haricots verts Eco  Très fins - 440g","p":1.02,"u":"2,32 €/KG","img":"https://fd13-photos.leclercdrive.fr/image.ashx?id=3003723&use=l&cat=p&typeid=i","cat":312606},{"id":99564,"n":"Haricots Blancs à la tomate 800g","p":1.0,"u":"1,89 €/KG","img":"https://fd13-photos.leclercdrive.fr/image.ashx?id=3003735&use=l&cat=p&typeid=i","cat":312606},{"id":99570,"n":"Ratatouille Eco+ 750g","p":1.08,"u":"1,44 €/KG","img":"https://fd13-photos.leclercdrive.fr/image.ashx?id=2703446&use=l&cat=p&typeid=i","cat":312612},{"id":99574,"n":"Poêlée savoyarde  900g","p":4.06,"u":"4,51 €/KG","img":"https://fd13-photos.leclercdrive.fr/image.ashx?id=2478931&use=l&cat=p&typeid=i","cat":319823},{"id":99700,"n":"Cotons Démaquillants Demak'Up Expert - 6x70 disques","p":6.1,"u":"0,01 €/P","img":"https://fd13-photos.leclercdrive.fr/image.ashx?id=2844415&use=l&cat=p&typeid=i","cat":284636},{"id":99734,"n":"Capsules café L'Or Espresso Or Absolu N°9 x20","p":7.42,"u":"71,35 €/KG","img":"https://fd13-photos.leclercdrive.fr/image.ashx?id=2859971&use=l&cat=p&typeid=i","cat":284749},{"id":99773,"n":"Biscuits La Barquette Lulu LU Abricot - 2x120g","p":1.98,"u":"8,25 €/KG","img":"https://fd13-photos.leclercdrive.fr/image.ashx?id=2905261&use=l&cat=p&typeid=i","cat":284489},{"id":99774,"n":"Biscuits sablés Granola Chocolat noir - 195g","p":1.68,"u":"8,62 €/KG","img":"https://fd13-photos.leclercdrive.fr/image.ashx?id=2982979&use=l&cat=p&typeid=i","cat":284488},{"id":99788,"n":"Capsules café L'Or Espresso Lungo Profondo N°8 x20","p":6.59,"u":"63,37 €/KG","img":"https://fd13-photos.leclercdrive.fr/image.ashx?id=3005796&use=l&cat=p&typeid=i","cat":284749},{"id":99900,"n":"Soin amincissant Linéance Profiler nuit + - 180ml","p":11.5,"u":"63,89 €/L","img":"https://fd13-photos.leclercdrive.fr/image.ashx?id=1748813&use=l&cat=p&typeid=i","cat":325350},{"id":99921,"n":"Shampooing Nateis Cheveux gris ou blancs - 250ml","p":1.4,"u":"5,60 €/L","img":"https://fd13-photos.leclercdrive.fr/image.ashx?id=2395820&use=l&cat=p&typeid=i","cat":284606},{"id":99965,"n":"Biscuit speculoos Lotus Biscoff 750g (6x125g)","p":4.16,"u":"5,55 €/KG","img":"https://fd13-photos.leclercdrive.fr/image.ashx?id=2693818&use=l&cat=p&typeid=i","cat":284487},{"id":99973,"n":"Biscuits petit déjeuner Belvita Moelleux fruits rouges - 250g","p":2.1,"u":"8,40 €/KG","img":"https://fd13-photos.leclercdrive.fr/image.ashx?id=3005329&use=l&cat=p&typeid=i","cat":284491},{"id":99975,"n":"Vodka Zubrowka Bison grass - 37.5%vol - 70cl","p":16.42,"u":"23,46 €/L","img":"https://fd13-photos.leclercdrive.fr/image.ashx?id=2879820&use=l&cat=p&typeid=i","cat":284550},{"id":99976,"n":"Biscuit petit déjeuner Belvita Brut - 600g","p":3.31,"u":"5,52 €/KG","img":"https://fd13-photos.leclercdrive.fr/image.ashx?id=2112935&use=l&cat=p&typeid=i","cat":285281},{"id":100017,"n":"Pain de mie Jacquet Maxi sans sucres ajoutés - 550g","p":1.54,"u":"2,80 €/KG","img":"https://fd13-photos.leclercdrive.fr/image.ashx?id=2935705&use=l&cat=p&typeid=i","cat":284477},{"id":100250,"n":"Yaourt nature sucré Kit-Kat Billes chocolat - 4x115g","p":2.92,"u":"6,35 €/KG","img":"https://fd13-photos.leclercdrive.fr/image.ashx?id=2875954&use=l&cat=p&typeid=i","cat":284414},{"id":100320,"n":"Brosse adhésive 1 pièce","p":2.29,"img":"https://fd13-photos.leclercdrive.fr/image.ashx?id=2840743&use=l&cat=p&typeid=i","cat":284669},{"id":100322,"n":"Plumeau antistatique 1 pièce","p":4.29,"img":"https://fd13-photos.leclercdrive.fr/image.ashx?id=2083972&use=l&cat=p&typeid=i","cat":325364},{"id":100349,"n":"Bain de bouche Parodontax Menthe douce - 500ml","p":4.57,"u":"9,14 €/L","img":"https://fd13-photos.leclercdrive.fr/image.ashx?id=2485982&use=l&cat=p&typeid=i","cat":284613},{"id":100352,"n":"Poudre fondante L'Oréal Paris Accord Parfait 2R Vanille rosé","p":11.56,"img":"https://fd13-photos.leclercdrive.fr/image.ashx?id=2395547&use=l&cat=p&typeid=i","cat":287029},{"id":100356,"n":"Crayon Yeux Maybelline Effet Tatouage 900 Deep Onyx","p":6.21,"pp":4.1,"img":"https://fd13-photos.leclercdrive.fr/image.ashx?id=2904865&use=l&cat=p&typeid=i","cat":287029},{"id":100485,"n":"Chocolat noir Bio Village Bio Dégustation 85% cacao 100g","p":1.87,"u":"18,70 €/KG","img":"https://fd13-photos.leclercdrive.fr/image.ashx?id=2723380&use=l&cat=p&typeid=i","cat":284956},{"id":100594,"n":"Petit pois carotte Bio Village Bio - 215g","p":1.63,"u":"7,58 €/KG","img":"https://fd13-photos.leclercdrive.fr/image.ashx?id=3002692&use=l&cat=p&typeid=i","cat":312607},{"id":100595,"n":"Papier toilette Uni Vert Blanc 3 plis recyclés - x6","p":2.34,"u":"0,39 €/P","img":"https://fd13-photos.leclercdrive.fr/image.ashx?id=2571938&use=l&cat=p&typeid=i","cat":284634},{"id":100596,"n":"Petits pois fins Bio Village Bio - 230g","p":1.81,"u":"7,87 €/KG","img":"https://fd13-photos.leclercdrive.fr/image.ashx?id=3002689&use=l&cat=p&typeid=i","cat":312607},{"id":100604,"n":"Pur jus Bio Village Pomme mangue Bio - 1L","p":3.75,"u":"3,75 €/L","img":"https://fd13-photos.leclercdrive.fr/image.ashx?id=2901551&use=l&cat=p&typeid=i","cat":284917},{"id":100616,"n":"Jus pomme pétillant Bio Village Bio sans alcool - 75cl","p":2.08,"u":"2,77 €/L","img":"https://fd13-photos.leclercdrive.fr/image.ashx?id=2052277&use=l&cat=p&typeid=i","cat":289460},{"id":100618,"n":"Pur jus Bio Village Bio Pomme poire - 1L","p":4.17,"u":"4,17 €/L","img":"https://fd13-photos.leclercdrive.fr/image.ashx?id=2901554&use=l&cat=p&typeid=i","cat":284522},{"id":100670,"n":"Nectar Cidou Pomme douce - 1.75L","p":2.53,"u":"1,45 €/L","img":"https://fd13-photos.leclercdrive.fr/image.ashx?id=2342505&use=l&cat=p&typeid=i","cat":284522},{"id":100673,"n":"Soda Coca-Cola sans sucres Bouteilles - 6x1L","p":11.59,"u":"1,93 €/L","img":"https://fd13-photos.leclercdrive.fr/image.ashx?id=2178352&use=l&cat=p&typeid=i","cat":284530},{"id":100700,"n":"Eau minérale Mont Blanc 6x50cl","p":2.17,"u":"0,72 €/L","img":"https://fd13-photos.leclercdrive.fr/image.ashx?id=2416239&use=l&cat=p&typeid=i","cat":284535},{"id":100705,"n":"Tartine Petit dejeuner Jacquet 410g","p":1.63,"u":"3,98 €/KG","img":"https://fd13-photos.leclercdrive.fr/image.ashx?id=2991855&use=l&cat=p&typeid=i","cat":284477},{"id":100725,"n":"Pain de mie La Boulangère Toastiligne Aux céréales - 500g","p":1.53,"u":"3,06 €/KG","img":"https://fd13-photos.leclercdrive.fr/image.ashx?id=2912401&use=l&cat=p&typeid=i","cat":284477},{"id":100790,"n":"Kit fajitas Old El Paso tomates poivrons - 500g","p":5.34,"u":"10,68 €/KG","img":"https://fd13-photos.leclercdrive.fr/image.ashx?id=2764628&use=l&cat=p&typeid=i","cat":288993},{"id":100792,"n":"Wraps Old El Paso de blé complet x6 - 350g","p":2.75,"u":"7,86 €/KG","img":"https://fd13-photos.leclercdrive.fr/image.ashx?id=2940573&use=l&cat=p&typeid=i","cat":288993},{"id":100979,"n":"Chocolat au lait Lindt Création Le Rocher lait - 150g","p":3.04,"u":"20,27 €/KG","img":"https://fd13-photos.leclercdrive.fr/image.ashx?id=2685805&use=l&cat=p&typeid=i","cat":284497},{"id":100981,"n":"Courgettes Cuisinées Cassegrain à la Provençale 375g","p":2.8,"u":"7,47 €/KG","img":"https://fd13-photos.leclercdrive.fr/image.ashx?id=2977951&use=l&cat=p&typeid=i","cat":312612},{"id":100989,"n":"Céréales Trésor de Kellogg's Choco Roulette - 620g","p":4.49,"u":"7,24 €/KG","img":"https://fd13-photos.leclercdrive.fr/image.ashx?id=2598337&use=l&cat=p&typeid=i","cat":309513},{"id":100991,"n":"Céréales Trésor de Kellogg's Chocolat Noisettes - 410g","p":2.95,"u":"7,20 €/KG","img":"https://fd13-photos.leclercdrive.fr/image.ashx?id=2584238&use=l&cat=p&typeid=i","cat":309513},{"id":101050,"n":"Croquette chat stérilisé Ultima  Nature - Saumon - 1.25kg","p":7.4,"u":"5,92 €/KG","img":"https://fd13-photos.leclercdrive.fr/image.ashx?id=2569962&use=l&cat=p&typeid=i","cat":284680},{"id":101056,"n":"Adoucissant concentré Hyperdou Rosée du matin - 750ml","p":1.99,"u":"2,65 €/L","img":"https://fd13-photos.leclercdrive.fr/image.ashx?id=2602910&use=l&cat=p&typeid=i","cat":284650},{"id":101058,"n":"Adoucissant concentré Hyperdou Passion tropicale - 750ml","p":1.99,"u":"2,65 €/L","img":"https://fd13-photos.leclercdrive.fr/image.ashx?id=2683565&use=l&cat=p&typeid=i","cat":284650},{"id":101059,"n":"Adoucissant concentré Hyperdou Couché soleil - 750ml","p":1.99,"u":"2,65 €/L","img":"https://fd13-photos.leclercdrive.fr/image.ashx?id=2602943&use=l&cat=p&typeid=i","cat":284650},{"id":101080,"n":"Pot crème glacée Ben& Jerry's Cookie/Brownie 4 x 100ml","p":6.15,"u":"15,38 €/L","img":"https://fd13-photos.leclercdrive.fr/image.ashx?id=2657012&use=l&cat=p&typeid=i","cat":284725},{"id":101231,"n":"Le Gourmand Garden Gourmet Soja, Poivre et Persil 160g","p":2.57,"u":"16,06 €/KG","img":"https://fd13-photos.leclercdrive.fr/image.ashx?id=2988683&use=l&cat=p&typeid=i","cat":316036},{"id":101269,"n":"Mojito sans alcool  Andros - 1L","p":2.2,"u":"2,20 €/L","img":"https://fd13-photos.leclercdrive.fr/image.ashx?id=2882878&use=l&cat=p&typeid=i","cat":284549},{"id":101312,"n":"Serviettes Kraft Homeside 40x40cm - x20","p":2.65,"u":"0,13 €/P","img":"https://fd13-photos.leclercdrive.fr/image.ashx?id=1664429&use=l&cat=p&typeid=i","cat":334134},{"id":101314,"n":"Serviettes kraft Homeside 12x12cm - x50","p":1.99,"u":"0,04 €/P","img":"https://fd13-photos.leclercdrive.fr/image.ashx?id=2411674&use=l&cat=p&typeid=i","cat":334134},{"id":101317,"n":"Assiettes plates kraft Homeside 18cm - x50","p":3.01,"u":"0,06 €/P","img":"https://fd13-photos.leclercdrive.fr/image.ashx?id=1660522&use=l&cat=p&typeid=i","cat":334134},{"id":101324,"n":"Assiettes plates kraft Homeside 23cm - x50","p":3.64,"u":"0,07 €/P","img":"https://fd13-photos.leclercdrive.fr/image.ashx?id=1660519&use=l&cat=p&typeid=i","cat":334134},{"id":101327,"n":"Yaourt à boire actimel nature 0%mg - 12x100g","p":4.49,"u":"3,74 €/KG","img":"https://fd13-photos.leclercdrive.fr/image.ashx?id=2996479&use=l&cat=p&typeid=i","cat":284415},{"id":101348,"n":"Barres Chocolatées KINDER BUENO  Chocolat au Lait x12 - 516g","p":8.33,"u":"16,14 €/KG","img":"https://fd13-photos.leclercdrive.fr/image.ashx?id=2402946&use=l&cat=p&typeid=i","cat":284498},{"id":101349,"n":"Crème dessert Danette Vanille - 6x125g","p":1.96,"u":"2,61 €/KG","img":"https://fd13-photos.leclercdrive.fr/image.ashx?id=2923498&use=l&cat=p&typeid=i","cat":285041},{"id":101350,"n":"liégeois vanille danette - 4x100g","p":1.48,"u":"3,70 €/KG","img":"https://fd13-photos.leclercdrive.fr/image.ashx?id=2907848&use=l&cat=p&typeid=i","cat":285042},{"id":101352,"n":"Crème dessert Danette  Chocolat - 6x125g","p":1.91,"u":"2,55 €/KG","img":"https://fd13-photos.leclercdrive.fr/image.ashx?id=2915395&use=l&cat=p&typeid=i","cat":285041},{"id":101415,"n":"Couteaux en bois Homeside x20","p":1.38,"u":"0,07 €/P","img":"https://fd13-photos.leclercdrive.fr/image.ashx?id=1663736&use=l&cat=p&typeid=i","cat":334134},{"id":101416,"n":"Fourchettes en bois Homeside x20","p":1.38,"u":"0,07 €/P","img":"https://fd13-photos.leclercdrive.fr/image.ashx?id=1663733&use=l&cat=p&typeid=i","cat":334134},{"id":101418,"n":"Cuillères en bois Homeside x20","p":1.38,"u":"0,07 €/P","img":"https://fd13-photos.leclercdrive.fr/image.ashx?id=1663730&use=l&cat=p&typeid=i","cat":334134},{"id":101426,"n":"Serviettes 3 plis Homeside noires - 40cm - x20","p":1.39,"u":"0,07 €/P","img":"https://fd13-photos.leclercdrive.fr/image.ashx?id=1660205&use=l&cat=p&typeid=i","cat":334134},{"id":101428,"n":"Serviettes 3 plis Homeside Noires - 33cm - x50","p":1.99,"u":"0,04 €/P","img":"https://fd13-photos.leclercdrive.fr/image.ashx?id=1659762&use=l&cat=p&typeid=i","cat":334134},{"id":101456,"n":"Barres Chocolatées KINDER Maxi Chocolat au Lait x18 - 378g","p":5.26,"u":"13,92 €/KG","img":"https://fd13-photos.leclercdrive.fr/image.ashx?id=2673854&use=l&cat=p&typeid=i","cat":284498},{"id":101461,"n":"Pâtes Collezione Barilla Fusilli Bucati Corti - 500g","p":1.58,"u":"3,16 €/KG","img":"https://fd13-photos.leclercdrive.fr/image.ashx?id=2991003&use=l&cat=p&typeid=i","cat":284427},{"id":101467,"n":"Nappe damassée Homeside Noire - 7m","p":2.96,"img":"https://fd13-photos.leclercdrive.fr/image.ashx?id=1659759&use=l&cat=p&typeid=i","cat":334134},{"id":101473,"n":"Petit Pois, Carotte Cassegrain Tendre et Fondant 265g","p":1.85,"u":"6,98 €/KG","img":"https://fd13-photos.leclercdrive.fr/image.ashx?id=2951692&use=l&cat=p&typeid=i","cat":312607},{"id":101483,"n":"Tablette chocolat Côte d'Or Chocolat noir 70% - 100g","p":1.82,"u":"18,20 €/KG","img":"https://fd13-photos.leclercdrive.fr/image.ashx?id=2985591&use=l&cat=p&typeid=i","cat":284956},{"id":101502,"n":"Crème dessert Danette Vanille - 4x125g","p":1.49,"u":"2,98 €/KG","img":"https://fd13-photos.leclercdrive.fr/image.ashx?id=2029487&use=l&cat=p&typeid=i","cat":285041},{"id":101503,"n":"Morceaux de gingembre confits Seeberger - 200g","p":4.02,"u":"20,10 €/KG","img":"https://fd13-photos.leclercdrive.fr/image.ashx?id=2950666&use=l&cat=p&typeid=i","cat":284357},{"id":101505,"n":"Jus de pruneaux Bio Village Bio - 1L","p":3.99,"u":"3,99 €/L","img":"https://fd13-photos.leclercdrive.fr/image.ashx?id=2901560&use=l&cat=p&typeid=i","cat":284915},{"id":101506,"n":"Boisson Cranberry  Bio Village   Bio - 1L","p":3.55,"u":"3,55 €/L","img":"https://fd13-photos.leclercdrive.fr/image.ashx?id=2958774&use=l&cat=p&typeid=i","cat":284915},{"id":101620,"n":"Matière grasse Rustica Omega 3 50%MG -Doux -250G","p":0.99,"u":"3,96 €/KG","img":"https://fd13-photos.leclercdrive.fr/image.ashx?id=1664898&use=l&cat=p&typeid=i","cat":315229},{"id":101629,"n":"Pur jus clémentine Bio Village Bio - 1L","p":2.99,"u":"2,99 €/L","img":"https://fd13-photos.leclercdrive.fr/image.ashx?id=2901548&use=l&cat=p&typeid=i","cat":284915},{"id":101667,"n":"Soupe liquide Bio Liebig  Mouliné de Légumes Verts - 1L","p":2.82,"u":"2,82 €/L","img":"https://fd13-photos.leclercdrive.fr/image.ashx?id=2643686&use=l&cat=p&typeid=i","cat":284462},{"id":101688,"n":"Gel concentré vaisselle UniVert Citron - 685ml","p":5.13,"u":"7,49 €/L","img":"https://fd13-photos.leclercdrive.fr/image.ashx?id=2598003&use=l&cat=p&typeid=i","cat":284655},{"id":101695,"n":"crème dessert chocolat danette - 8x125g","p":2.84,"u":"2,84 €/KG","img":"https://fd13-photos.leclercdrive.fr/image.ashx?id=2949841&use=l&cat=p&typeid=i","cat":285041},{"id":101696,"n":"crème dessert caramel danette - 4x125g","p":1.55,"u":"3,10 €/KG","img":"https://fd13-photos.leclercdrive.fr/image.ashx?id=2926236&use=l&cat=p&typeid=i","cat":285041},{"id":101697,"n":"crème dessert chocolat noisette danette - 4x125g","p":1.64,"u":"3,28 €/KG","img":"https://fd13-photos.leclercdrive.fr/image.ashx?id=2902630&use=l&cat=p&typeid=i","cat":285041},{"id":101701,"n":"crème dessert chocolat caramel vanille danette - 12x115g","p":3.5,"u":"2,54 €/KG","img":"https://fd13-photos.leclercdrive.fr/image.ashx?id=2949844&use=l&cat=p&typeid=i","cat":285041},{"id":101702,"n":"Crème dessert Danette Caramel - 6x125g","p":2.49,"u":"3,32 €/KG","img":"https://fd13-photos.leclercdrive.fr/image.ashx?id=2915398&use=l&cat=p&typeid=i","cat":285041},{"id":101706,"n":"liégeois café danette - 4x100g","p":1.58,"u":"3,95 €/P","img":"https://fd13-photos.leclercdrive.fr/image.ashx?id=2228525&use=l&cat=p&typeid=i","cat":285042},{"id":101707,"n":"crème dessert chocolat danette - 4x125g","p":1.51,"u":"3,02 €/KG","img":"https://fd13-photos.leclercdrive.fr/image.ashx?id=2927291&use=l&cat=p&typeid=i","cat":285041},{"id":101708,"n":"liégeois chocolat danette - 8x100g","p":2.6,"u":"3,25 €/KG","img":"https://fd13-photos.leclercdrive.fr/image.ashx?id=1984897&use=l&cat=p&typeid=i","cat":285042},{"id":101709,"n":"liégeois chocolat vanille danette - 8x100g","p":2.87,"u":"3,59 €/KG","img":"https://fd13-photos.leclercdrive.fr/image.ashx?id=2926245&use=l&cat=p&typeid=i","cat":285042},{"id":101710,"n":"crème dessert chocolat noir danette - 4x125g","p":1.61,"u":"3,22 €/KG","img":"https://fd13-photos.leclercdrive.fr/image.ashx?id=2927294&use=l&cat=p&typeid=i","cat":285041},{"id":101711,"n":"Crème dessert Danette Chocolat Vanille - 12x115g","p":3.65,"u":"2,64 €/KG","img":"https://fd13-photos.leclercdrive.fr/image.ashx?id=2228528&use=l&cat=p&typeid=i","cat":285041},{"id":101712,"n":"crème dessert 3 chocolats danette - 12x115g","p":3.71,"u":"2,69 €/KG","img":"https://fd13-photos.leclercdrive.fr/image.ashx?id=2949847&use=l&cat=p&typeid=i","cat":285041},{"id":101760,"n":"Crevettes entières ASC Eco+ 400g","p":5.97,"u":"14,93 €/KG","img":"https://fd13-photos.leclercdrive.fr/image.ashx?id=2081633&use=l&cat=p&typeid=i","cat":319787},{"id":101762,"n":"Noix de St Jacques Eco+ Sans corail - MSC - 300g","p":6.85,"u":"22,83 €/KG","img":"https://fd13-photos.leclercdrive.fr/image.ashx?id=2790868&use=l&cat=p&typeid=i","cat":319787},{"id":101837,"n":"Pastilles anti-calcaire Texil x48","p":4.6,"u":"0,10 €/P","img":"https://fd13-photos.leclercdrive.fr/image.ashx?id=2964583&use=l&cat=p&typeid=i","cat":284653},{"id":102006,"n":"Gel bain douche Manava Pamplemousse raisin blanc-500ml","p":2.37,"u":"4,74 €/L","img":"https://fd13-photos.leclercdrive.fr/image.ashx?id=2652870&use=l&cat=p&typeid=i","cat":284594},{"id":102007,"n":"Gel douche Manava Gommant - 250ml","p":1.3,"u":"5,20 €/L","img":"https://fd13-photos.leclercdrive.fr/image.ashx?id=2805042&use=l&cat=p&typeid=i","cat":284594},{"id":102008,"n":"Gel douche Manava Sans savon - 500ml","p":1.82,"u":"3,64 €/L","img":"https://fd13-photos.leclercdrive.fr/image.ashx?id=2741303&use=l&cat=p&typeid=i","cat":284594},{"id":102026,"n":"Pommade Mains La Provençale Bio A l'Huile d'Olive - 75ml","p":4.13,"u":"55,07 €/L","img":"https://fd13-photos.leclercdrive.fr/image.ashx?id=2572275&use=l&cat=p&typeid=i","cat":325354},{"id":102094,"n":"Tablette de chocolat noir Lindt Noir : 78% cacao - 2x100g","p":4.48,"u":"22,40 €/KG","img":"https://fd13-photos.leclercdrive.fr/image.ashx?id=2214744&use=l&cat=p&typeid=i","cat":284956},{"id":102103,"n":"Eau gazeuse St Yorre 6x1,15L","p":3.23,"u":"0,47 €/L","img":"https://fd13-photos.leclercdrive.fr/image.ashx?id=2877730&use=l&cat=p&typeid=i","cat":284536},{"id":102139,"n":"Spray vaporisateur 500ml Plastique - 1 pièce","p":1.9,"img":"https://fd13-photos.leclercdrive.fr/image.ashx?id=2884519&use=l&cat=p&typeid=i","cat":334135},{"id":102211,"n":"Boule à thé acier inoxydable Feuille silicone M24","p":2.7,"img":"https://fd13-photos.leclercdrive.fr/image.ashx?id=2022897&use=l&cat=p&typeid=i","cat":334135},{"id":102336,"n":"Muesli croustillant chocolat  bio Terres et Céréales - 500g","p":4.09,"u":"8,18 €/KG","img":"https://fd13-photos.leclercdrive.fr/image.ashx?id=2802440&use=l&cat=p&typeid=i","cat":309512},{"id":102374,"n":"Bière sans alcool Tourtel Twist Cerise 0,0° - 6x27,5cl","p":4.17,"u":"2,53 €/L","img":"https://fd13-photos.leclercdrive.fr/image.ashx?id=2688803&use=l&cat=p&typeid=i","cat":334877},{"id":102446,"n":"Chocolat noir Bio Ethiquable Amande - 100g","p":4.41,"u":"44,10 €/KG","img":"https://fd13-photos.leclercdrive.fr/image.ashx?id=2870944&use=l&cat=p&typeid=i","cat":284956},{"id":102480,"n":"Petits Suisses Gervais 9,5%MG - 12x60g","p":2.44,"u":"3,39 €/KG","img":"https://fd13-photos.leclercdrive.fr/image.ashx?id=2230381&use=l&cat=p&typeid=i","cat":284409},{"id":102550,"n":"Sauce espelette Giraudet 250g","p":2.79,"u":"11,16 €/KG","img":"https://fd13-photos.leclercdrive.fr/image.ashx?id=1890673&use=l&cat=p&typeid=i","cat":284382},{"id":102552,"n":"Sauce morilles Giraudet 250g","p":3.6,"u":"14,40 €/KG","img":"https://fd13-photos.leclercdrive.fr/image.ashx?id=1933398&use=l&cat=p&typeid=i","cat":284382},{"id":102610,"n":"Eau minérale Mont Blanc 1.5L","p":0.49,"u":"0,33 €/L","img":"https://fd13-photos.leclercdrive.fr/image.ashx?id=2154749&use=l&cat=p&typeid=i","cat":284535},{"id":102621,"n":"Eau minérale naturelle Evian 1.5 litre","p":0.55,"u":"0,37 €/L","img":"https://fd13-photos.leclercdrive.fr/image.ashx?id=2340735&use=l&cat=p&typeid=i","cat":284535},{"id":102632,"n":"Soda rouge Orangina Orange Sanguine - 6x33cl","p":3.24,"u":"1,64 €/L","img":"https://fd13-photos.leclercdrive.fr/image.ashx?id=2551650&use=l&cat=p&typeid=i","cat":284532},{"id":102661,"n":"Thé vert bio Jardin Bio Digestion x20 - 30g","p":1.95,"u":"65,00 €/KG","img":"https://fd13-photos.leclercdrive.fr/image.ashx?id=3014527&use=l&cat=p&typeid=i","cat":293233},{"id":102667,"n":"Haricots verts D'Aucy Extra fin - 58cl - 280g","p":2.62,"u":"9,36 €/KG","img":"https://fd13-photos.leclercdrive.fr/image.ashx?id=2110005&use=l&cat=p&typeid=i","cat":312606},{"id":102669,"n":"Capsules café L'Or Espresso Or Rose N°7 x10","p":3.71,"u":"71,35 €/KG","img":"https://fd13-photos.leclercdrive.fr/image.ashx?id=2100290&use=l&cat=p&typeid=i","cat":284749},{"id":102676,"n":"Capsules café L'Or Barista Double Espresso N°7 x10","p":4.49,"u":"43,17 €/KG","img":"https://fd13-photos.leclercdrive.fr/image.ashx?id=1742978&use=l&cat=p&typeid=i","cat":284749},{"id":102698,"n":"Eau minérale naturelle Contrex 1.5L","p":0.5,"u":"0,33 €/L","img":"https://fd13-photos.leclercdrive.fr/image.ashx?id=2737045&use=l&cat=p&typeid=i","cat":284535},{"id":102699,"n":"Billes chocolatées Lindt Crispy céréales soufflées - 140g","p":2.68,"u":"19,14 €/KG","img":"https://fd13-photos.leclercdrive.fr/image.ashx?id=2425083&use=l&cat=p&typeid=i","cat":304238},{"id":102772,"n":"Cidre brut Bio Val de Rance 2x75cl","p":4.99,"u":"3,33 €/L","img":"https://fd13-photos.leclercdrive.fr/image.ashx?id=2870482&use=l&cat=p&typeid=i","cat":334880},{"id":102819,"n":"Panaché Falsbourg Grenadine <0,5% - 20x25cl","p":5.99,"u":"1,20 €/L","img":"https://fd13-photos.leclercdrive.fr/image.ashx?id=2637964&use=l&cat=p&typeid=i","cat":334877},{"id":102829,"n":"Bandeaux Copains Copines Colorés - 200g","p":1.13,"u":"5,65 €/KG","img":"https://fd13-photos.leclercdrive.fr/image.ashx?id=2934745&use=l&cat=p&typeid=i","cat":304250},{"id":102834,"n":"Fils Copains Copines Colorés - 200g","p":1.09,"u":"5,45 €/KG","img":"https://fd13-photos.leclercdrive.fr/image.ashx?id=2934748&use=l&cat=p&typeid=i","cat":304250},{"id":102892,"n":"Céréales Jordans Granola Amande Noisette et Graine - 400g","p":3.46,"u":"8,65 €/KG","img":"https://fd13-photos.leclercdrive.fr/image.ashx?id=2475909&use=l&cat=p&typeid=i","cat":309512},{"id":102977,"n":"Bâtonnets Chocolat au lait Chaque jour sans gluten - 125g","p":3.91,"u":"31,28 €/KG","img":"https://fd13-photos.leclercdrive.fr/image.ashx?id=1660574&use=l&cat=p&typeid=i","cat":318654},{"id":102980,"n":"Chips ondulées nature Lay's Sel - 120g","p":1.62,"u":"13,50 €/KG","img":"https://fd13-photos.leclercdrive.fr/image.ashx?id=2788505&use=l&cat=p&typeid=i","cat":284447},{"id":102982,"n":"Chips Lay's Max Saveur sauce bbq - 120g","p":1.48,"u":"12,33 €/KG","img":"https://fd13-photos.leclercdrive.fr/image.ashx?id=2862164&use=l&cat=p&typeid=i","cat":284447},{"id":103027,"n":"AOC Bordeaux Supérieur rouge Haussmann Baron Eugène - 75cl","p":5.1,"pp":3.57,"u":"4,76 €/L","img":"https://fd13-photos.leclercdrive.fr/image.ashx?id=1663474&use=l&cat=p&typeid=i","cat":289556},{"id":103030,"n":"World Mix Haribo Boîte bonbons - 750g","p":6.35,"u":"8,47 €/KG","img":"https://fd13-photos.leclercdrive.fr/image.ashx?id=2984913&use=l&cat=p&typeid=i","cat":304250},{"id":103032,"n":"Baguette viennoise  La Boulangère - x6 - 510g","p":2.3,"pp":1.61,"u":"3,16 €/KG","img":"https://fd13-photos.leclercdrive.fr/image.ashx?id=2912413&use=l&cat=p&typeid=i","cat":284985},{"id":103036,"n":"Pâte brisée Marie Pur beurre - 230g","p":1.37,"u":"5,96 €/KG","img":"https://fd13-photos.leclercdrive.fr/image.ashx?id=2318540&use=l&cat=p&typeid=i","cat":333681},{"id":103047,"n":"Nutella Biscuit pâte à tartiner Cacao Noisettes - 304g","p":2.99,"u":"9,84 €/KG","img":"https://fd13-photos.leclercdrive.fr/image.ashx?id=2896432&use=l&cat=p&typeid=i","cat":284488},{"id":103063,"n":"Paille Pik Haribo Sachet bonbons acidulés - 180g","p":1.8,"u":"10,00 €/KG","img":"https://fd13-photos.leclercdrive.fr/image.ashx?id=2984922&use=l&cat=p&typeid=i","cat":304250},{"id":103074,"n":"Tajine de Légumes Grillés Cassegrain à la Coriandre 375g","p":3.84,"u":"10,24 €/KG","img":"https://fd13-photos.leclercdrive.fr/image.ashx?id=2636955&use=l&cat=p&typeid=i","cat":312612},{"id":103078,"n":"Cocobat Haribo Sachet bonbons réglisse - 300g","p":1.85,"u":"6,17 €/KG","img":"https://fd13-photos.leclercdrive.fr/image.ashx?id=2805231&use=l&cat=p&typeid=i","cat":304250},{"id":103093,"n":"Beurre gastronomique Président Doux - 82% MG - 225g","p":3.03,"u":"13,47 €/KG","img":"https://fd13-photos.leclercdrive.fr/image.ashx?id=2653417&use=l&cat=p&typeid=i","cat":284379},{"id":103094,"n":"Crème légère semi épaisse  Bridélice 18%mg - 2x25cl","p":2.68,"u":"5,36 €/L","img":"https://fd13-photos.leclercdrive.fr/image.ashx?id=2806156&use=l&cat=p&typeid=i","cat":284381},{"id":103144,"n":"Bière blonde Bud 5% - 6x25cl","p":5.14,"u":"3,43 €/L","img":"https://fd13-photos.leclercdrive.fr/image.ashx?id=2481032&use=l&cat=p&typeid=i","cat":334873},{"id":103149,"n":"Bananes françaises 5 fruits","p":2.45,"img":"https://fd13-photos.leclercdrive.fr/image.ashx?id=1746143&use=l&cat=p&typeid=i","cat":284356},{"id":103158,"n":"Tartine Grilletine de Pasquier Sans sucre ajouté - x18 - 255g","p":2.09,"u":"8,20 €/KG","img":"https://fd13-photos.leclercdrive.fr/image.ashx?id=2333057&use=l&cat=p&typeid=i","cat":284479},{"id":103183,"n":"Bières blonde Desperados Lime - 6x33cl","p":7.96,"u":"4,02 €/L","img":"https://fd13-photos.leclercdrive.fr/image.ashx?id=2638163&use=l&cat=p&typeid=i","cat":334878},{"id":103185,"n":"Eau minérale naturelle Volvic fontaine - 8L","p":2.78,"u":"0,35 €/L","img":"https://fd13-photos.leclercdrive.fr/image.ashx?id=2771675&use=l&cat=p&typeid=i","cat":284535},{"id":103186,"n":"Boisson Citronnade Jafaden 1.5L","p":1.31,"u":"0,87 €/L","img":"https://fd13-photos.leclercdrive.fr/image.ashx?id=2591415&use=l&cat=p&typeid=i","cat":295018},{"id":103191,"n":"Bière sans alcool Tourtel Twist Pêche 0,0° - 6x27,5cl","p":4.5,"u":"2,73 €/L","img":"https://fd13-photos.leclercdrive.fr/image.ashx?id=2896564&use=l&cat=p&typeid=i","cat":334877},{"id":103207,"n":"Noix de Cajou grillées Non salées - 175g","p":4.22,"u":"24,11 €/KG","img":"https://fd13-photos.leclercdrive.fr/image.ashx?id=2298541&use=l&cat=p&typeid=i","cat":316002},{"id":103260,"n":"Complément alimentaire Biosens Stimulant minceur Bio - 23g","p":5.97,"u":"259,57 €/KG","img":"https://fd13-photos.leclercdrive.fr/image.ashx?id=2084645&use=l&cat=p&typeid=i","cat":284632},{"id":103269,"n":"Gaufres fourrées Lotus Coeur fondant vanille - 310g","p":2.64,"u":"8,52 €/KG","img":"https://fd13-photos.leclercdrive.fr/image.ashx?id=2695890&use=l&cat=p&typeid=i","cat":294777},{"id":103270,"n":"The bio tuocha kilo Biosens Tenace - 30g","p":2.24,"u":"74,67 €/KG","img":"https://fd13-photos.leclercdrive.fr/image.ashx?id=2985288&use=l&cat=p&typeid=i","cat":284632},{"id":103285,"n":"Poisson pané Findus Colin  Alaska Fish and Chips x4 - 400g","p":2.87,"u":"7,18 €/KG","img":"https://fd13-photos.leclercdrive.fr/image.ashx?id=2985348&use=l&cat=p&typeid=i","cat":319788},{"id":103300,"n":"Infusion Jardin Bio Digestion bio - 20 sachet - 28g","p":2.61,"u":"93,21 €/KG","img":"https://fd13-photos.leclercdrive.fr/image.ashx?id=2990685&use=l&cat=p&typeid=i","cat":293234},{"id":103304,"n":"Litière chats Tranquille L'hygiène - 2.7kg","p":5.04,"u":"1,87 €/KG","img":"https://fd13-photos.leclercdrive.fr/image.ashx?id=1849639&use=l&cat=p&typeid=i","cat":284683},{"id":103315,"n":"AOP Côtes de Provence rosé Château Reillanne - 75cl","p":6.9,"u":"9,20 €/L","img":"https://fd13-photos.leclercdrive.fr/image.ashx?id=2669487&use=l&cat=p&typeid=i","cat":289558},{"id":103317,"n":"Sauce Jardin Biologique Arrabbiata - 200g","p":1.75,"u":"8,75 €/KG","img":"https://fd13-photos.leclercdrive.fr/image.ashx?id=1963170&use=l&cat=p&typeid=i","cat":287599},{"id":103322,"n":"Amandes avec peau sans sel 150g","p":2.72,"u":"18,13 €/KG","img":"https://fd13-photos.leclercdrive.fr/image.ashx?id=2336126&use=l&cat=p&typeid=i","cat":284357},{"id":103324,"n":"Noix de cajou grillées Sans sel ajouté 150g","p":4.6,"u":"30,67 €/KG","img":"https://fd13-photos.leclercdrive.fr/image.ashx?id=2454391&use=l&cat=p&typeid=i","cat":284448},{"id":103381,"n":"Whisky Grant's  Triple wood 40%vol - 70cl","p":13.95,"u":"19,93 €/L","img":"https://fd13-photos.leclercdrive.fr/image.ashx?id=2866022&use=l&cat=p&typeid=i","cat":284547},{"id":103384,"n":"IGP Whisky Grant's  Triple wood - 40%vol - 1L","p":17.38,"u":"17,38 €/L","img":"https://fd13-photos.leclercdrive.fr/image.ashx?id=2917531&use=l&cat=p&typeid=i","cat":284547},{"id":103453,"n":"Panaché Falsbourg Grenadine - <0,5% vol. - 6x25cl","p":2.71,"u":"1,81 €/L","img":"https://fd13-photos.leclercdrive.fr/image.ashx?id=2637961&use=l&cat=p&typeid=i","cat":334877},{"id":103463,"n":"Barre chocolatée Balisto Noisettes raisins - x10 - 185g","p":2.74,"u":"14,81 €/KG","img":"https://fd13-photos.leclercdrive.fr/image.ashx?id=2588121&use=l&cat=p&typeid=i","cat":284498},{"id":103470,"n":"Croquettes chat Purina One Poulet chat adulte - 450g","p":2.81,"u":"6,24 €/KG","img":"https://fd13-photos.leclercdrive.fr/image.ashx?id=2902265&use=l&cat=p&typeid=i","cat":284680},{"id":103500,"n":"Panaché Falsbourg <0.5% vol. - 20x25cl","p":5.95,"u":"1,19 €/L","img":"https://fd13-photos.leclercdrive.fr/image.ashx?id=2637970&use=l&cat=p&typeid=i","cat":334877},{"id":103503,"n":"Capsules Nescafé Dolce Gusto  Espresso Intenso - x16","p":4.67,"u":"41,70 €/KG","img":"https://fd13-photos.leclercdrive.fr/image.ashx?id=3009110&use=l&cat=p&typeid=i","cat":293239},{"id":103505,"n":"Barre de céréales Nature Valley Protéine chocolat x4-160g","p":2.61,"u":"16,31 €/KG","img":"https://fd13-photos.leclercdrive.fr/image.ashx?id=2657000&use=l&cat=p&typeid=i","cat":285869},{"id":103509,"n":"Yaourt à boire Yop Aromatisé Fraise - 825g","p":1.7,"u":"2,06 €/KG","img":"https://fd13-photos.leclercdrive.fr/image.ashx?id=2855564&use=l&cat=p&typeid=i","cat":284415},{"id":103543,"n":"Crème glacée Haagen Dazs Caramel Biscuit cream - 560g","p":6.99,"u":"12,48 €/KG","img":"https://fd13-photos.leclercdrive.fr/image.ashx?id=2893414&use=l&cat=p&typeid=i","cat":284725},{"id":103546,"n":"Crème glacée Haagen Dazs  Vanilla Pecan - 560g","p":6.99,"u":"12,48 €/KG","img":"https://fd13-photos.leclercdrive.fr/image.ashx?id=2893423&use=l&cat=p&typeid=i","cat":284725},{"id":103561,"n":"Barre de céréales Nature Valley  Protéine caramel salé x4 - 160","p":2.84,"u":"17,75 €/KG","img":"https://fd13-photos.leclercdrive.fr/image.ashx?id=2657003&use=l&cat=p&typeid=i","cat":285869},{"id":103563,"n":"Batonnets de glace Nuii Salted Caramel macadamia - 272g","p":4.31,"u":"15,85 €/KG","img":"https://fd13-photos.leclercdrive.fr/image.ashx?id=2506798&use=l&cat=p&typeid=i","cat":284265},{"id":103566,"n":"Batonnets de glaces Nuii Almond & java vanilla - x4","p":4.56,"u":"17,01 €/KG","img":"https://fd13-photos.leclercdrive.fr/image.ashx?id=2506801&use=l&cat=p&typeid=i","cat":284265},{"id":103619,"n":"Crème glacée Häagen-Dazs  Vanille - 400g","p":4.5,"u":"11,25 €/KG","img":"https://fd13-photos.leclercdrive.fr/image.ashx?id=2893429&use=l&cat=p&typeid=i","cat":284725},{"id":103621,"n":"Crème glacée Häagen-Dazs  Vanille pécan - 400g","p":4.56,"u":"11,40 €/KG","img":"https://fd13-photos.leclercdrive.fr/image.ashx?id=2893438&use=l&cat=p&typeid=i","cat":284725},{"id":103622,"n":"Crème glacée Häagen-Dazs Caramel speculoos Lotus - 400g","p":3.98,"u":"9,95 €/KG","img":"https://fd13-photos.leclercdrive.fr/image.ashx?id=2893441&use=l&cat=p&typeid=i","cat":284725},{"id":103657,"n":"Crème glacée Häagen-Dazs  Vanille noix macadamia - 400g","p":4.57,"u":"11,43 €/KG","img":"https://fd13-photos.leclercdrive.fr/image.ashx?id=2893444&use=l&cat=p&typeid=i","cat":284725},{"id":103661,"n":"Crème glacée Häagen-Dazs  Vanille caramel brownie - 386g","p":4.79,"u":"12,41 €/KG","img":"https://fd13-photos.leclercdrive.fr/image.ashx?id=2893468&use=l&cat=p&typeid=i","cat":284725},{"id":103665,"n":"Mini pots Häagen-Dazs  Caramel attraction x4 - 318g","p":5.09,"u":"15,86 €/KG","img":"https://fd13-photos.leclercdrive.fr/image.ashx?id=2992852&use=l&cat=p&typeid=i","cat":284725},{"id":103684,"n":"Mini pots Häagen-Dazs  Favorite selection x4 - 318g","p":4.94,"u":"15,53 €/KG","img":"https://fd13-photos.leclercdrive.fr/image.ashx?id=3000165&use=l&cat=p&typeid=i","cat":284725},{"id":103719,"n":"Démêlant intensif Elsève Cheveu abîmé Dream Long - 180ml","p":3.59,"u":"19,94 €/L","img":"https://fd13-photos.leclercdrive.fr/image.ashx?id=2439284&use=l&cat=p&typeid=i","cat":284607},{"id":103726,"n":"Masque Violet Démêlant Elsève Color-Vive - 150ml","p":5.12,"u":"34,13 €/L","img":"https://fd13-photos.leclercdrive.fr/image.ashx?id=2439281&use=l&cat=p&typeid=i","cat":284608},{"id":103728,"n":"Shampoing Violet Elsève Color-Vive Déjaunisseur - 200ml","p":3.12,"u":"15,60 €/L","img":"https://fd13-photos.leclercdrive.fr/image.ashx?id=2278121&use=l&cat=p&typeid=i","cat":284606},{"id":103800,"n":"Bière blonde Leffe  6,6% - 12x25cl","p":9.23,"u":"3,08 €/L","img":"https://fd13-photos.leclercdrive.fr/image.ashx?id=2995424&use=l&cat=p&typeid=i","cat":334852},{"id":103806,"n":"Sac poubelle 30L Alfapac Ultra résistant Poignées - x15","p":2.8,"u":"0,19 €/P","img":"https://fd13-photos.leclercdrive.fr/image.ashx?id=2526887&use=l&cat=p&typeid=i","cat":285168},{"id":103813,"n":"Yaourt à boire Yop Aromatisé Vanille - 825g","p":1.7,"u":"2,06 €/KG","img":"https://fd13-photos.leclercdrive.fr/image.ashx?id=2855570&use=l&cat=p&typeid=i","cat":284415},{"id":103818,"n":"Mangue Douceur du Verger Morceaux - 650g","p":5.71,"u":"8,78 €/KG","img":"https://fd13-photos.leclercdrive.fr/image.ashx?id=2898257&use=l&cat=p&typeid=i","cat":284268},{"id":103822,"n":"Pizza Crousti Moelleuse Extrême Marie Tartiflette - 550g","p":3.76,"u":"6,84 €/KG","img":"https://fd13-photos.leclercdrive.fr/image.ashx?id=2996764&use=l&cat=p&typeid=i","cat":284256},{"id":103826,"n":"Cône Extrême Vanille praline - x6 -426g","p":3.65,"u":"8,57 €/KG","img":"https://fd13-photos.leclercdrive.fr/image.ashx?id=2838422&use=l&cat=p&typeid=i","cat":284264},{"id":103844,"n":"IGP Ile de Beauté vin rosé Terres Ocrées 12% vol - 75cl","p":3.99,"u":"5,32 €/L","img":"https://fd13-photos.leclercdrive.fr/image.ashx?id=2846526&use=l&cat=p&typeid=i","cat":289558},{"id":103891,"n":"Crème glacée Häagen-Dazs  Caramel au beurre salé - 400g","p":4.6,"u":"11,50 €/KG","img":"https://fd13-photos.leclercdrive.fr/image.ashx?id=2893435&use=l&cat=p&typeid=i","cat":284725},{"id":103914,"n":"Whisky Bushmill's Classic 40%vol - 70cl","p":19.13,"u":"27,33 €/L","img":"https://fd13-photos.leclercdrive.fr/image.ashx?id=2484449&use=l&cat=p&typeid=i","cat":284547},{"id":103918,"n":"Bâtonnets  Maple  Peanut Butter et candian - x4","p":4.65,"u":"1,16 €/P","img":"https://fd13-photos.leclercdrive.fr/image.ashx?id=2506810&use=l&cat=p&typeid=i","cat":284265},{"id":103919,"n":"Bâtonnets  Nuii Idaho Valley  Cookies mint x4 - 244g","p":4.39,"u":"17,99 €/KG","img":"https://fd13-photos.leclercdrive.fr/image.ashx?id=2506807&use=l&cat=p&typeid=i","cat":284265},{"id":103922,"n":"Batonnets Nuii White chocolate&scandinavia x4","p":4.3,"u":"1,08 €/P","img":"https://fd13-photos.leclercdrive.fr/image.ashx?id=2922149&use=l&cat=p&typeid=i","cat":284265},{"id":103949,"n":"Nettoyant universel anti-traces 750ml","p":2.67,"u":"3,56 €/L","img":"https://fd13-photos.leclercdrive.fr/image.ashx?id=3000731&use=l&cat=p&typeid=i","cat":325357},{"id":103954,"n":"Nettoyant carrelage Briochin Ecocert - 1L","p":2.93,"u":"2,93 €/L","img":"https://fd13-photos.leclercdrive.fr/image.ashx?id=2342887&use=l&cat=p&typeid=i","cat":325357},{"id":103956,"n":"Super décapant Briochin Pour inserts - 500ml","p":4.79,"u":"9,58 €/L","img":"https://fd13-photos.leclercdrive.fr/image.ashx?id=3002090&use=l&cat=p&typeid=i","cat":325357},{"id":103957,"n":"Pierre du droguiste Briochin Ecocert - 300g","p":7.11,"u":"23,70 €/KG","img":"https://fd13-photos.leclercdrive.fr/image.ashx?id=3011395&use=l&cat=p&typeid=i","cat":325365},{"id":103993,"n":"IGP Méditerranée rosé St Sagnol - 75cl","p":3.77,"u":"5,03 €/L","img":"https://fd13-photos.leclercdrive.fr/image.ashx?id=2923768&use=l&cat=p&typeid=i","cat":289558},{"id":104008,"n":"Jus innocent tutti frutti 900ml","p":2.82,"u":"3,13 €/L","img":"https://fd13-photos.leclercdrive.fr/image.ashx?id=2861737&use=l&cat=p&typeid=i","cat":285435},{"id":104019,"n":"Rhum paille St James 40%vol - 70cl","p":12.12,"u":"17,31 €/L","img":"https://fd13-photos.leclercdrive.fr/image.ashx?id=2970867&use=l&cat=p&typeid=i","cat":284550},{"id":104021,"n":"Arrangé Damoiseau Mangue passion 30D - 70cl","p":24.24,"u":"34,63 €/L","img":"https://fd13-photos.leclercdrive.fr/image.ashx?id=2021220&use=l&cat=p&typeid=i","cat":284551},{"id":104022,"n":"Arrangé Damoiseau Ananas vanille 30° - 70cl","p":24.29,"u":"34,70 €/L","img":"https://fd13-photos.leclercdrive.fr/image.ashx?id=2021217&use=l&cat=p&typeid=i","cat":284551},{"id":104023,"n":"Shampooing Le Petit Olivier Amande & crème de riz - 250 ml","p":2.88,"u":"11,52 €/L","img":"https://fd13-photos.leclercdrive.fr/image.ashx?id=1670658&use=l&cat=p&typeid=i","cat":284606},{"id":104036,"n":"Jus innocent plus  énergie chérie 750ml","p":2.98,"u":"3,97 €/L","img":"https://fd13-photos.leclercdrive.fr/image.ashx?id=2901082&use=l&cat=p&typeid=i","cat":284354},{"id":104062,"n":"Brioches Doowap Harrys X8 -320g Pépites choco sans additif","p":2.29,"u":"7,16 €/KG","img":"https://fd13-photos.leclercdrive.fr/image.ashx?id=2502998&use=l&cat=p&typeid=i","cat":293505},{"id":104073,"n":"100% Pur Jus Jafaden Pamplemousse- 1L","p":1.99,"u":"1,99 €/L","img":"https://fd13-photos.leclercdrive.fr/image.ashx?id=2956771&use=l&cat=p&typeid=i","cat":284914},{"id":104087,"n":"IGP Méditerranée vin rosé Terres Ocrées - 75cl","p":2.75,"u":"3,67 €/L","img":"https://fd13-photos.leclercdrive.fr/image.ashx?id=2894743&use=l&cat=p&typeid=i","cat":289558},{"id":104089,"n":"AOP Champagne Fondateur Vranken Brut - 75cl","p":17.9,"u":"23,87 €/L","img":"https://fd13-photos.leclercdrive.fr/image.ashx?id=2662012&use=l&cat=p&typeid=i","cat":284542},{"id":104090,"n":"Bouillon Cube Bio Maggi Volaille - 80g","p":1.84,"u":"23,00 €/KG","img":"https://fd13-photos.leclercdrive.fr/image.ashx?id=2882923&use=l&cat=p&typeid=i","cat":288379},{"id":104091,"n":"Bouillon Bio Cube Maggi Légumes - 80g","p":1.86,"u":"23,25 €/KG","img":"https://fd13-photos.leclercdrive.fr/image.ashx?id=2737786&use=l&cat=p&typeid=i","cat":288379},{"id":104092,"n":"Tagada Zip Fraîcheur Haribo Sachet bonbons - 220g","p":1.36,"u":"6,18 €/KG","img":"https://fd13-photos.leclercdrive.fr/image.ashx?id=2802359&use=l&cat=p&typeid=i","cat":304250},{"id":104097,"n":"Fruits au sirop St Mamet Pêche douceur - 4x65g","p":3.4,"u":"13,08 €/KG","img":"https://fd13-photos.leclercdrive.fr/image.ashx?id=2429224&use=l&cat=p&typeid=i","cat":284507},{"id":104105,"n":"Cerneaux de noix pécan Vahiné 50g","p":1.91,"u":"38,20 €/KG","img":"https://fd13-photos.leclercdrive.fr/image.ashx?id=2474314&use=l&cat=p&typeid=i","cat":284504},{"id":104109,"n":"Les Timbales Gourmet Gold Boeuf plet saumon - 12x85g","p":6.7,"u":"6,57 €/KG","img":"https://fd13-photos.leclercdrive.fr/image.ashx?id=2861764&use=l&cat=p&typeid=i","cat":285286},{"id":104110,"n":"Fruits au sirop St Mamet Cocktail de fruits - 4x65g","p":3.18,"u":"12,23 €/KG","img":"https://fd13-photos.leclercdrive.fr/image.ashx?id=2429230&use=l&cat=p&typeid=i","cat":284507},{"id":104114,"n":"Brioches Doowap Harrys X8 -320g Pépites choco lait sans additif","p":2.4,"u":"7,50 €/KG","img":"https://fd13-photos.leclercdrive.fr/image.ashx?id=2503004&use=l&cat=p&typeid=i","cat":293505},{"id":104115,"n":"Brioches Doowap Harrys X12-480g Pépites choco lait sans additif","p":3.67,"u":"7,65 €/KG","img":"https://fd13-photos.leclercdrive.fr/image.ashx?id=2503007&use=l&cat=p&typeid=i","cat":293505},{"id":104116,"n":"Galettes Sablés La Mère Poulard St-Michel - 125g","p":1.43,"u":"11,44 €/KG","img":"https://fd13-photos.leclercdrive.fr/image.ashx?id=2911384&use=l&cat=p&typeid=i","cat":284487},{"id":104117,"n":"Palets pur beurre Mère Poulard 125g","p":1.57,"u":"12,56 €/KG","img":"https://fd13-photos.leclercdrive.fr/image.ashx?id=2907018&use=l&cat=p&typeid=i","cat":284487},{"id":104118,"n":"Epices pour burrito Old El Paso doux - 40g","p":1.66,"u":"41,50 €/KG","img":"https://fd13-photos.leclercdrive.fr/image.ashx?id=2737705&use=l&cat=p&typeid=i","cat":288993},{"id":104121,"n":"Noix de cajou Benenuts Grillées à sec -165g","p":4.65,"u":"28,18 €/KG","img":"https://fd13-photos.leclercdrive.fr/image.ashx?id=2391786&use=l&cat=p&typeid=i","cat":284448},{"id":104133,"n":"Pépites chocolat au lait Vahiné 200g","p":4.49,"u":"22,45 €/KG","img":"https://fd13-photos.leclercdrive.fr/image.ashx?id=2559784&use=l&cat=p&typeid=i","cat":284504},{"id":104188,"n":"Chips Tyrrell's Légèrement salées - 150g","p":2.19,"u":"14,60 €/KG","img":"https://fd13-photos.leclercdrive.fr/image.ashx?id=2924731&use=l&cat=p&typeid=i","cat":284447},{"id":104193,"n":"Coton-tiges Inell Recharge Tiges papier - x160","p":0.4,"img":"https://fd13-photos.leclercdrive.fr/image.ashx?id=2357704&use=l&cat=p&typeid=i","cat":284636},{"id":104194,"n":"Coton-tige Lotus Bio - x160 bâtonnets","p":0.78,"img":"https://fd13-photos.leclercdrive.fr/image.ashx?id=2506840&use=l&cat=p&typeid=i","cat":284636},{"id":104248,"n":"Pizzas Crousti Moelleuse Marie Extrême Américaine 2+ 1 offerte","p":7.59,"u":"4,77 €/KG","img":"https://fd13-photos.leclercdrive.fr/image.ashx?id=2996659&use=l&cat=p&typeid=i","cat":284256},{"id":104290,"n":"Pain de mie Schär - Vital Sans gluten - 350g","p":3.65,"u":"10,43 €/KG","img":"https://fd13-photos.leclercdrive.fr/image.ashx?id=2674890&use=l&cat=p&typeid=i","cat":318654},{"id":104293,"n":"Pépites chunks Vahine 3 chocolats - 100g","p":3.07,"u":"30,70 €/KG","img":"https://fd13-photos.leclercdrive.fr/image.ashx?id=2559871&use=l&cat=p&typeid=i","cat":284504},{"id":104307,"n":"Cornichons très fins 120+  Tête noire - 360g","p":2.76,"u":"7,67 €/KG","img":"https://fd13-photos.leclercdrive.fr/image.ashx?id=2854315&use=l&cat=p&typeid=i","cat":284458},{"id":104309,"n":"Olives vertes farce d'anchois  Crespo - 120g","p":2.55,"u":"21,25 €/KG","img":"https://fd13-photos.leclercdrive.fr/image.ashx?id=2172073&use=l&cat=p&typeid=i","cat":284450},{"id":104324,"n":"Pâtes de Fruits GERBLE   -  6 sachets 162g","p":2.49,"u":"15,37 €/KG","img":"https://fd13-photos.leclercdrive.fr/image.ashx?id=2664082&use=l&cat=p&typeid=i","cat":318652},{"id":104349,"n":"AOP Cabernet d'Anjou rosé Plessis-Duval - 3L","p":15.82,"u":"5,27 €/L","img":"https://fd13-photos.leclercdrive.fr/image.ashx?id=2941038&use=l&cat=p&typeid=i","cat":289558},{"id":104365,"n":"Nouilles Ramen Tanoshi Poulet Teriyaki - 360g","p":2.97,"u":"8,25 €/KG","img":"https://fd13-photos.leclercdrive.fr/image.ashx?id=2912062&use=l&cat=p&typeid=i","cat":288992},{"id":104468,"n":"Fromage apéritif Apéricube Long drink 48 cubes","p":4.17,"u":"16,68 €/KG","img":"https://fd13-photos.leclercdrive.fr/image.ashx?id=2882674&use=l&cat=p&typeid=i","cat":314027},{"id":104470,"n":"Fromage apéritif Apéricube Tonic 48 cubes","p":4.19,"u":"16,76 €/KG","img":"https://fd13-photos.leclercdrive.fr/image.ashx?id=2882677&use=l&cat=p&typeid=i","cat":314027},{"id":104471,"n":"Fromage apéritif Apericube  Cocktail 48 cubes","p":4.18,"u":"16,72 €/KG","img":"https://fd13-photos.leclercdrive.fr/image.ashx?id=2882680&use=l&cat=p&typeid=i","cat":314027},{"id":104555,"n":"Yaourts à boire Yop Yoplait Citron - 850g","p":1.74,"u":"2,05 €/KG","img":"https://fd13-photos.leclercdrive.fr/image.ashx?id=2855540&use=l&cat=p&typeid=i","cat":284415},{"id":104557,"n":"Yaourt à boire Yop Yoplait Coco - 850g","p":1.74,"u":"2,05 €/KG","img":"https://fd13-photos.leclercdrive.fr/image.ashx?id=2855543&use=l&cat=p&typeid=i","cat":284415},{"id":104565,"n":"Yaourt à boire Yoplait Fraise/banane - 850g","p":1.74,"u":"2,05 €/KG","img":"https://fd13-photos.leclercdrive.fr/image.ashx?id=2855549&use=l&cat=p&typeid=i","cat":284415},{"id":104566,"n":"Yaourt Yop de Yoplait Framboise - 850g","p":1.74,"u":"2,05 €/KG","img":"https://fd13-photos.leclercdrive.fr/image.ashx?id=2855552&use=l&cat=p&typeid=i","cat":284415},{"id":104567,"n":"Yaourt à boire Yop Yoplait Vanille - 850g","p":1.74,"u":"2,05 €/KG","img":"https://fd13-photos.leclercdrive.fr/image.ashx?id=2855555&use=l&cat=p&typeid=i","cat":284415},{"id":104609,"n":"Thon entier Petit Navire Au naturel - MSC - 2x56g","p":2.76,"u":"24,64 €/KG","img":"https://fd13-photos.leclercdrive.fr/image.ashx?id=2909977&use=l&cat=p&typeid=i","cat":303867},{"id":104669,"n":"Bière blonde Bud 5% - 20x25cl","p":13.79,"u":"2,76 €/L","img":"https://fd13-photos.leclercdrive.fr/image.ashx?id=3009047&use=l&cat=p&typeid=i","cat":334873},{"id":104684,"n":"Yaourt bifidus Activia vanille framboise - 16x125g","p":4.51,"u":"2,26 €/KG","img":"https://fd13-photos.leclercdrive.fr/image.ashx?id=2741802&use=l&cat=p&typeid=i","cat":315000},{"id":104720,"n":"Papier toilette humide Fess'net Peaux normales Vert Ylang - x50","p":1.59,"u":"0,03 €/P","img":"https://fd13-photos.leclercdrive.fr/image.ashx?id=2990934&use=l&cat=p&typeid=i","cat":284634},{"id":104722,"n":"Papier toilette humide Fess'net Peaux fragiles Sensitive - x50","p":1.55,"u":"0,03 €/P","img":"https://fd13-photos.leclercdrive.fr/image.ashx?id=2990931&use=l&cat=p&typeid=i","cat":284634},{"id":104727,"n":"Papier toilette humide Fess'net Peaux normales à sensibles- x50","p":1.99,"u":"0,04 €/P","img":"https://fd13-photos.leclercdrive.fr/image.ashx?id=2990937&use=l&cat=p&typeid=i","cat":284634},{"id":104863,"n":"Céréales Bio Lion de Nestlé Caramel / Chocolat - 400g","p":3.22,"u":"8,05 €/KG","img":"https://fd13-photos.leclercdrive.fr/image.ashx?id=2792939&use=l&cat=p&typeid=i","cat":309513},{"id":104880,"n":"Barres Céréales Extra Kellogg's Chocolat au lait - 4x32g","p":3.13,"u":"24,45 €/KG","img":"https://fd13-photos.leclercdrive.fr/image.ashx?id=2736610&use=l&cat=p&typeid=i","cat":285869},{"id":104888,"n":"Miettes de Thon Eco + Huile - 104g","p":0.82,"u":"7,88 €/KG","img":"https://fd13-photos.leclercdrive.fr/image.ashx?id=2824241&use=l&cat=p&typeid=i","cat":303867},{"id":104889,"n":"Sardines Connetable Nature - 95g","p":1.99,"u":"20,95 €/KG","img":"https://fd13-photos.leclercdrive.fr/image.ashx?id=2664115&use=l&cat=p&typeid=i","cat":305146},{"id":105072,"n":"Bonbon Dracula Trolli Le sachet de 200g","p":1.58,"u":"7,90 €/KG","img":"https://fd13-photos.leclercdrive.fr/image.ashx?id=2684719&use=l&cat=p&typeid=i","cat":304250},{"id":105117,"n":"Aguacana cachaça 37.5%vol - 70cl","p":13.96,"u":"19,94 €/L","img":"https://fd13-photos.leclercdrive.fr/image.ashx?id=2961801&use=l&cat=p&typeid=i","cat":284550},{"id":105119,"n":"AOP Champagne Brut Piper Heidsieck - 75cl","p":29.13,"u":"38,84 €/L","img":"https://fd13-photos.leclercdrive.fr/image.ashx?id=2431548&use=l&cat=p&typeid=i","cat":284542},{"id":105127,"n":"Oeufs C'est Qui Le Patron Plein Air - x12","p":3.88,"u":"0,32 €/PRT","img":"https://fd13-photos.leclercdrive.fr/image.ashx?id=2476506&use=l&cat=p&typeid=i","cat":284378},{"id":105128,"n":"Oeufs C'est Qui Le Patron Plein Air - x6","p":1.99,"u":"0,33 €/P","img":"https://fd13-photos.leclercdrive.fr/image.ashx?id=2529909&use=l&cat=p&typeid=i","cat":284378},{"id":105136,"n":"Jambon supérieur Tradilège S/nitrite Découenne - x6 - 210g","p":2.79,"u":"13,29 €/KG","img":"https://fd13-photos.leclercdrive.fr/image.ashx?id=2991524&use=l&cat=p&typeid=i","cat":316009},{"id":105137,"n":"Jambon supérieur Tradilège Sans nitrite x4 - 140g","p":1.85,"u":"13,21 €/KG","img":"https://fd13-photos.leclercdrive.fr/image.ashx?id=2994381&use=l&cat=p&typeid=i","cat":316009},{"id":105158,"n":"Tequila Blanco Tiscaz Tatoo+cône - 35%vol - 70cl","p":12.3,"u":"17,57 €/L","img":"https://fd13-photos.leclercdrive.fr/image.ashx?id=2019468&use=l&cat=p&typeid=i","cat":284550},{"id":105168,"n":"Captain Morgan Original Spiced Boisson à base de rhum - 1L","p":18.48,"u":"18,48 €/L","img":"https://fd13-photos.leclercdrive.fr/image.ashx?id=2586285&use=l&cat=p&typeid=i","cat":284551},{"id":105181,"n":"Bière blonde bio Bio Village  5.5%vol -75cl","p":2.72,"u":"3,63 €/L","img":"https://fd13-photos.leclercdrive.fr/image.ashx?id=2579147&use=l&cat=p&typeid=i","cat":334873},{"id":105182,"n":"Crème desserts Délisse Saveur Praline - 4x100g","p":1.99,"u":"4,98 €/KG","img":"https://fd13-photos.leclercdrive.fr/image.ashx?id=2590925&use=l&cat=p&typeid=i","cat":285041},{"id":105185,"n":"Compote Charles & Alice Pommes Myrtilles - 4x97g","p":1.85,"u":"4,77 €/KG","img":"https://fd13-photos.leclercdrive.fr/image.ashx?id=2900899&use=l&cat=p&typeid=i","cat":284416},{"id":105196,"n":"Dessert fruitier Fraise Andros En morceaux - 4x100g","p":2.54,"u":"6,35 €/KG","img":"https://fd13-photos.leclercdrive.fr/image.ashx?id=2845467&use=l&cat=p&typeid=i","cat":284416},{"id":105207,"n":"Collant Diam's opaque Dim Jambes fuselées Noir - Taille 2","p":8.5,"img":"https://fd13-photos.leclercdrive.fr/image.ashx?id=2639317&use=l&cat=p&typeid=i","cat":334130},{"id":105208,"n":"Collant Diam's opaque Dim Jambes fuselées noir - Taille 3","p":8.5,"img":"https://fd13-photos.leclercdrive.fr/image.ashx?id=2639320&use=l&cat=p&typeid=i","cat":334130},{"id":105209,"n":"Collant Diam's opaque Dim Jambes fuselées Noir - Taille 4","p":8.5,"img":"https://fd13-photos.leclercdrive.fr/image.ashx?id=2639323&use=l&cat=p&typeid=i","cat":334130},{"id":105214,"n":"Boulettes Garden Gourmet légumes 200g","p":2.46,"u":"12,30 €/KG","img":"https://fd13-photos.leclercdrive.fr/image.ashx?id=2986903&use=l&cat=p&typeid=i","cat":316036},{"id":105223,"n":"Glaces cônes Eco+ Vanille - x8 - 556g","p":1.95,"u":"3,51 €/KG","img":"https://fd13-photos.leclercdrive.fr/image.ashx?id=2742682&use=l&cat=p&typeid=i","cat":284264},{"id":105319,"n":"Crème de Camembert Président 150g","p":2.77,"u":"18,47 €/KG","img":"https://fd13-photos.leclercdrive.fr/image.ashx?id=2962443&use=l&cat=p&typeid=i","cat":314029},{"id":105359,"n":"Saucisson de volaille Réghalal  Nature - 500g","p":2.39,"u":"4,78 €/KG","img":"https://fd13-photos.leclercdrive.fr/image.ashx?id=2603306&use=l&cat=p&typeid=i","cat":316013},{"id":105399,"n":"Lait demi-écrémé GrandLait Ferme sélectionnée - 1L","p":1.32,"u":"1,32 €/L","img":"https://fd13-photos.leclercdrive.fr/image.ashx?id=2916177&use=l&cat=p&typeid=i","cat":285609},{"id":105427,"n":"Beurre gastronomique Président Demi-sel - 80% MG - 225g","p":2.85,"u":"12,67 €/KG","img":"https://fd13-photos.leclercdrive.fr/image.ashx?id=2740553&use=l&cat=p&typeid=i","cat":284379},{"id":105692,"n":"Bière blonde de Goudale Project Hop Lager - 5.2%vol - 6x25cl","p":4.65,"u":"3,10 €/L","img":"https://fd13-photos.leclercdrive.fr/image.ashx?id=2939523&use=l&cat=p&typeid=i","cat":334852},{"id":105694,"n":"Bière blonde Goudale Project Circus triple - 9%vol - 6x25cl","p":6.22,"u":"4,15 €/L","img":"https://fd13-photos.leclercdrive.fr/image.ashx?id=2939526&use=l&cat=p&typeid=i","cat":334852},{"id":105742,"n":"Poivre création moulin Ducros 34g","p":3.16,"u":"92,94 €/KG","img":"https://fd13-photos.leclercdrive.fr/image.ashx?id=2354407&use=l&cat=p&typeid=i","cat":284457},{"id":105867,"n":"AOC Bourgogne Chardonnay Blanc Bouchard Ainé & Fils - 75cl","p":5.09,"u":"6,79 €/L","img":"https://fd13-photos.leclercdrive.fr/image.ashx?id=2917825&use=l&cat=p&typeid=i","cat":289557},{"id":106006,"n":"Pur jus de pomme Jafaden 2L","p":2.29,"u":"1,15 €/L","img":"https://fd13-photos.leclercdrive.fr/image.ashx?id=2956774&use=l&cat=p&typeid=i","cat":284522},{"id":106204,"n":"IGP Méditerranée Rosé Studio by Miraval - 75cl","p":8.62,"u":"11,49 €/L","img":"https://fd13-photos.leclercdrive.fr/image.ashx?id=1691895&use=l&cat=p&typeid=i","cat":289558},{"id":106265,"n":"Edulcorant Pure Via Stick x40 - 60g","p":2.89,"u":"48,17 €/KG","img":"https://fd13-photos.leclercdrive.fr/image.ashx?id=2590598&use=l&cat=p&typeid=i","cat":324846},{"id":106267,"n":"Gâteaux chocolat Pépito Chocolait'o - 180g","p":2.04,"u":"11,33 €/KG","img":"https://fd13-photos.leclercdrive.fr/image.ashx?id=2828772&use=l&cat=p&typeid=i","cat":284495},{"id":106269,"n":"Edulcorant Pure Via Boite de 65 morceaux - 130g","p":5.14,"u":"39,54 €/KG","img":"https://fd13-photos.leclercdrive.fr/image.ashx?id=2417291&use=l&cat=p&typeid=i","cat":324846},{"id":106271,"n":"Sucre Doypack Pure Via Poudre cristalisée - 250g","p":5.63,"u":"22,52 €/KG","img":"https://fd13-photos.leclercdrive.fr/image.ashx?id=2805381&use=l&cat=p&typeid=i","cat":324846},{"id":106474,"n":"Repas bébé Blédichef 15 mois Pdt champignon poulet - 250g","p":1.87,"u":"7,48 €/KG","img":"https://fd13-photos.leclercdrive.fr/image.ashx?id=2479685&use=l&cat=p&typeid=i","cat":312238},{"id":106477,"n":"Repas bébé Blédichef 18 mois  Blanquette de volaille - 250g","p":1.83,"u":"7,32 €/KG","img":"https://fd13-photos.leclercdrive.fr/image.ashx?id=2558861&use=l&cat=p&typeid=i","cat":312238},{"id":106596,"n":"Crémant Bugey Cerdon Cuvée classic 1/2sec - 75cl","p":9.36,"u":"12,48 €/L","img":"https://fd13-photos.leclercdrive.fr/image.ashx?id=1727748&use=l&cat=p&typeid=i","cat":284545},{"id":106597,"n":"Bugey Cerdon méthode ancestrale tradition sec rosé - 75cl","p":9.25,"u":"12,33 €/L","img":"https://fd13-photos.leclercdrive.fr/image.ashx?id=1691910&use=l&cat=p&typeid=i","cat":284544},{"id":106600,"n":"Lait Lemiel Celia Croissance - 800g","p":12.79,"u":"15,99 €/KG","img":"https://fd13-photos.leclercdrive.fr/image.ashx?id=2975269&use=l&cat=p&typeid=i","cat":290219},{"id":106605,"n":"Ravioli Lustucru Selection  Jambon fromage 300g","p":2.12,"u":"7,07 €/KG","img":"https://fd13-photos.leclercdrive.fr/image.ashx?id=2962527&use=l&cat=p&typeid=i","cat":333682},{"id":106607,"n":"Gnocchi à poeler Lustucru Extra fromage XXL - 650g","p":4.15,"u":"6,38 €/KG","img":"https://fd13-photos.leclercdrive.fr/image.ashx?id=2786180&use=l&cat=p&typeid=i","cat":333682},{"id":106614,"n":"Rosette Justin Bridou  19 Tranches - 170g","p":2.73,"u":"16,06 €/KG","img":"https://fd13-photos.leclercdrive.fr/image.ashx?id=2948932&use=l&cat=p&typeid=i","cat":316007},{"id":106625,"n":"Lait lemiel age 1 Célia En poudre - 800g","p":19.15,"u":"23,94 €/KG","img":"https://fd13-photos.leclercdrive.fr/image.ashx?id=2977396&use=l&cat=p&typeid=i","cat":284726},{"id":106639,"n":"Culotte écologiq Mots d'Enfants T5 : 12/18kg - x20","p":8.7,"u":"0,44 €/P","img":"https://fd13-photos.leclercdrive.fr/image.ashx?id=2907243&use=l&cat=p&typeid=i","cat":290633},{"id":106641,"n":"Culotte écologiq Mots d'Enfants T6 : +16kg - x18","p":7.9,"u":"0,44 €/P","img":"https://fd13-photos.leclercdrive.fr/image.ashx?id=2907246&use=l&cat=p&typeid=i","cat":290633},{"id":106690,"n":"Gel douche Bionaïa Abricot bio - 250ml","p":1.43,"u":"5,72 €/L","img":"https://fd13-photos.leclercdrive.fr/image.ashx?id=2512478&use=l&cat=p&typeid=i","cat":284594},{"id":106705,"n":"Café Espresso Malongo Commerce équitable x16 -104g","p":5.2,"u":"50,00 €/KG","img":"https://fd13-photos.leclercdrive.fr/image.ashx?id=2971963&use=l&cat=p&typeid=i","cat":293241},{"id":106732,"n":"Sirop La Maison Guiot Citron jaune de Sicile - 70cl","p":3.16,"u":"4,51 €/L","img":"https://fd13-photos.leclercdrive.fr/image.ashx?id=2857138&use=l&cat=p&typeid=i","cat":295020},{"id":106801,"n":"Colle Ni Clou Ni Vis Pattex Extra fort & rapide - 52g","p":5.4,"u":"103,85 €/KG","img":"https://fd13-photos.leclercdrive.fr/image.ashx?id=2664707&use=l&cat=p&typeid=i","cat":300576},{"id":106806,"n":"Colle Ni Clou Ni Vis Pattex Extra fort & Rapide - 380g","p":9.3,"u":"24,47 €/KG","img":"https://fd13-photos.leclercdrive.fr/image.ashx?id=2673631&use=l&cat=p&typeid=i","cat":300576},{"id":106809,"n":"Colle multi-usages Pattex 20g","p":2.1,"u":"105,00 €/KG","img":"https://fd13-photos.leclercdrive.fr/image.ashx?id=1729581&use=l&cat=p&typeid=i","cat":300576},{"id":106886,"n":"Petit suisse nature Gervais 9,5% MG - 6x60g","p":1.84,"u":"5,11 €/KG","img":"https://fd13-photos.leclercdrive.fr/image.ashx?id=2230384&use=l&cat=p&typeid=i","cat":284409},{"id":106892,"n":"Yaourt à boire Danonino fraise - 4x70g","p":2.02,"u":"7,21 €/KG","img":"https://fd13-photos.leclercdrive.fr/image.ashx?id=2785226&use=l&cat=p&typeid=i","cat":284415},{"id":106979,"n":"Crème glacée Häagen-Dazs  Vanille cookie dough - 394g","p":4.31,"u":"10,94 €/KG","img":"https://fd13-photos.leclercdrive.fr/image.ashx?id=2893459&use=l&cat=p&typeid=i","cat":284725},{"id":106987,"n":"Mini pots Häagen-Dazs Caramel  Beurre salé x4 - 324g","p":4.57,"u":"14,10 €/KG","img":"https://fd13-photos.leclercdrive.fr/image.ashx?id=2992849&use=l&cat=p&typeid=i","cat":284725},{"id":107145,"n":"Pur jus de raisin Bio Village Bio - 6x20cl","p":4.09,"u":"3,41 €/L","img":"https://fd13-photos.leclercdrive.fr/image.ashx?id=2595549&use=l&cat=p&typeid=i","cat":284524},{"id":107166,"n":"Faisselle Rians 6%mg - 6x100g","p":2.94,"u":"4,90 €/KG","img":"https://fd13-photos.leclercdrive.fr/image.ashx?id=2396701&use=l&cat=p&typeid=i","cat":284409},{"id":107384,"n":"Bacon Justin Bridou  16 Tranches - 160g","p":2.75,"u":"17,19 €/KG","img":"https://fd13-photos.leclercdrive.fr/image.ashx?id=2924110&use=l&cat=p&typeid=i","cat":316007},{"id":107527,"n":"Protège-document Esquisse Noir - A4 - 60 vues","p":1.95,"img":"https://fd13-photos.leclercdrive.fr/image.ashx?id=1698724&use=l&cat=p&typeid=i","cat":284745},{"id":107529,"n":"Protège-document Esquisse Noir - A4 - 80 vues","p":2.49,"img":"https://fd13-photos.leclercdrive.fr/image.ashx?id=1698730&use=l&cat=p&typeid=i","cat":284745},{"id":107561,"n":"Protège-document Noir - A4 - 120 vues","p":3.49,"img":"https://fd13-photos.leclercdrive.fr/image.ashx?id=1698739&use=l&cat=p&typeid=i","cat":284745},{"id":107645,"n":"Aluminium Albal 20m","p":3.39,"img":"https://fd13-photos.leclercdrive.fr/image.ashx?id=2551444&use=l&cat=p&typeid=i","cat":334134},{"id":107646,"n":"Film 2 en 1 Albal  20m","p":2.86,"img":"https://fd13-photos.leclercdrive.fr/image.ashx?id=2551453&use=l&cat=p&typeid=i","cat":334134},{"id":107653,"n":"Lait de coco bio Jardin Bio Bio - 225ml","p":1.9,"u":"8,44 €/L","img":"https://fd13-photos.leclercdrive.fr/image.ashx?id=2875471&use=l&cat=p&typeid=i","cat":288992},{"id":107654,"n":"Sacs poubelle 100L Alfapac Maxi poids - x10","p":4.88,"u":"0,49 €/P","img":"https://fd13-photos.leclercdrive.fr/image.ashx?id=2526902&use=l&cat=p&typeid=i","cat":285168},{"id":107762,"n":"Ardoise double face Esquisse Bleu - Feutre et effacette","p":1.55,"img":"https://fd13-photos.leclercdrive.fr/image.ashx?id=2943283&use=l&cat=p&typeid=i","cat":334133},{"id":107780,"n":"Huile d'Olive Vierge Extra BIO  Classico 25cl","p":5.01,"u":"20,04 €/L","img":"https://fd13-photos.leclercdrive.fr/image.ashx?id=2737441&use=l&cat=p&typeid=i","cat":284453},{"id":107783,"n":"Huile d'Olive Vierge Extra BIO  Delicato 75cl","p":11.38,"u":"15,17 €/L","img":"https://fd13-photos.leclercdrive.fr/image.ashx?id=2737444&use=l&cat=p&typeid=i","cat":284453},{"id":107789,"n":"Vinaigre balsamique de modène  IGP Bio 50cl","p":5.2,"u":"10,40 €/L","img":"https://fd13-photos.leclercdrive.fr/image.ashx?id=2737468&use=l&cat=p&typeid=i","cat":298543},{"id":107827,"n":"Bac gourmand Eskiss Vanille caramel - 500g","p":4.11,"u":"8,22 €/KG","img":"https://fd13-photos.leclercdrive.fr/image.ashx?id=2982649&use=l&cat=p&typeid=i","cat":284263},{"id":107855,"n":"Vin rouge Espagne Table Oscar Inno Vins - 5L","p":8.49,"u":"1,70 €/L","img":"https://fd13-photos.leclercdrive.fr/image.ashx?id=2116810&use=l&cat=p&typeid=i","cat":289556},{"id":107910,"n":"Protège-documents Esquisse  Noir - A4 - 40 vues","p":1.79,"img":"https://fd13-photos.leclercdrive.fr/image.ashx?id=1690032&use=l&cat=p&typeid=i","cat":284745},{"id":107914,"n":"Calculatrice poche Esquisse Rouge","p":2.99,"u":"Dont 0,13 € d'éco-part.","img":"https://fd13-photos.leclercdrive.fr/image.ashx?id=2943289&use=l&cat=p&typeid=i","cat":334133},{"id":107915,"n":"Calculatrice poche Esquisse Turquoise","p":2.99,"u":"Dont 0,13 € d'éco-part.","img":"https://fd13-photos.leclercdrive.fr/image.ashx?id=2943292&use=l&cat=p&typeid=i","cat":334133},{"id":107997,"n":"Kit traçage Esquisse Bleu - 3 pièces","p":1.99,"img":"https://fd13-photos.leclercdrive.fr/image.ashx?id=1690122&use=l&cat=p&typeid=i","cat":334133},{"id":108146,"n":"Boisson aux fruits Oasis Tropical - 2L","p":2.41,"u":"1,21 €/L","img":"https://fd13-photos.leclercdrive.fr/image.ashx?id=2996569&use=l&cat=p&typeid=i","cat":295018},{"id":108169,"n":"Mousse de canard Henaff 3x78g","p":3.87,"u":"16,54 €/KG","img":"https://fd13-photos.leclercdrive.fr/image.ashx?id=2305604&use=l&cat=p&typeid=i","cat":305149},{"id":108180,"n":"Compotes Pom'Potes Gourdes BIO  Multivariétés - 12x90g","p":6.96,"u":"6,44 €/KG","img":"https://fd13-photos.leclercdrive.fr/image.ashx?id=2926212&use=l&cat=p&typeid=i","cat":284508},{"id":108224,"n":"Brassé végétal Bio Good Goût Banane avoine fraise - 90g","p":1.44,"u":"16,00 €/KG","img":"https://fd13-photos.leclercdrive.fr/image.ashx?id=2736100&use=l&cat=p&typeid=i","cat":312392},{"id":108422,"n":"Matière grasse Primevere 63%MG - oméga 3 - 240g","p":2.77,"u":"11,54 €/KG","img":"https://fd13-photos.leclercdrive.fr/image.ashx?id=2979060&use=l&cat=p&typeid=i","cat":315229},{"id":108443,"n":"Dentifrice Sanogyl Soin essentiel blancheur - 75ml","p":4.25,"u":"56,67 €/L","img":"https://fd13-photos.leclercdrive.fr/image.ashx?id=2453484&use=l&cat=p&typeid=i","cat":284612},{"id":108533,"n":"Thon Blanc MSC Petit Navire Au naturel - 2x56g","p":3.19,"u":"28,48 €/KG","img":"https://fd13-photos.leclercdrive.fr/image.ashx?id=2521864&use=l&cat=p&typeid=i","cat":303867},{"id":108668,"n":"Bière blonde La Goudale 7.2% vol. - 50cl","p":1.56,"u":"3,12 €/L","img":"https://fd13-photos.leclercdrive.fr/image.ashx?id=2513658&use=l&cat=p&typeid=i","cat":334852},{"id":108695,"n":"Beurre de cacahuètes Menguy's Creamy - 454g","p":4.24,"u":"9,34 €/KG","img":"https://fd13-photos.leclercdrive.fr/image.ashx?id=2844082&use=l&cat=p&typeid=i","cat":284481},{"id":108707,"n":"Filtres à café Uni vert Bruns n°4 - x80","p":1.33,"u":"0,02 €/P","img":"https://fd13-photos.leclercdrive.fr/image.ashx?id=2634878&use=l&cat=p&typeid=i","cat":284751},{"id":108717,"n":"Vinaigrette légère Amora Moutarde - 380ml","p":2.04,"u":"5,37 €/L","img":"https://fd13-photos.leclercdrive.fr/image.ashx?id=2654170&use=l&cat=p&typeid=i","cat":284456},{"id":108804,"n":"Compotes Pom'Potes Gourdes  Pomme Nature - 4x90g","p":1.79,"u":"4,97 €/KG","img":"https://fd13-photos.leclercdrive.fr/image.ashx?id=2968079&use=l&cat=p&typeid=i","cat":284508},{"id":108844,"n":"Plat bébé soir Blédichef 12mois Spaghetti crème légumes -2x230g","p":3.05,"u":"6,63 €/KG","img":"https://fd13-photos.leclercdrive.fr/image.ashx?id=2643494&use=l&cat=p&typeid=i","cat":312239},{"id":108891,"n":"Croccante alla Mozzarella  Galbani - 150g","p":2.62,"u":"17,47 €/KG","img":"https://fd13-photos.leclercdrive.fr/image.ashx?id=2786000&use=l&cat=p&typeid=i","cat":314027},{"id":108936,"n":"AOP Comté Entremont Rapé - 130g","p":2.64,"u":"20,31 €/KG","img":"https://fd13-photos.leclercdrive.fr/image.ashx?id=2983165&use=l&cat=p&typeid=i","cat":314035},{"id":108997,"n":"Crème dessert Danette vanille chocolat -16x115g","p":4.83,"u":"2,63 €/KG","img":"https://fd13-photos.leclercdrive.fr/image.ashx?id=2949850&use=l&cat=p&typeid=i","cat":285041},{"id":109112,"n":"Nectar Bio Village Bio Mangue - 1L","p":2.49,"u":"2,49 €/L","img":"https://fd13-photos.leclercdrive.fr/image.ashx?id=2954121&use=l&cat=p&typeid=i","cat":284916},{"id":109115,"n":"Nectar Bio Village Bio Abricot - 1L","p":2.69,"u":"2,69 €/L","img":"https://fd13-photos.leclercdrive.fr/image.ashx?id=2954124&use=l&cat=p&typeid=i","cat":284915},{"id":109116,"n":"Nectar de goyave Bio Village Bio - 1L","p":2.35,"u":"2,35 €/L","img":"https://fd13-photos.leclercdrive.fr/image.ashx?id=2954127&use=l&cat=p&typeid=i","cat":284916},{"id":109118,"n":"Pur jus de fruits Bio Village Bio - 1L","p":3.64,"u":"3,64 €/L","img":"https://fd13-photos.leclercdrive.fr/image.ashx?id=2901563&use=l&cat=p&typeid=i","cat":284917},{"id":109267,"n":"Panaché Force 4 0,4° - 10x25cl","p":3.96,"u":"1,58 €/L","img":"https://fd13-photos.leclercdrive.fr/image.ashx?id=2473321&use=l&cat=p&typeid=i","cat":334877},{"id":109309,"n":"Bol semoule 8 mois Bio Village Bio Patate douce lait - 2x200g","p":2.49,"u":"6,23 €/KG","img":"https://fd13-photos.leclercdrive.fr/image.ashx?id=2704807&use=l&cat=p&typeid=i","cat":312239},{"id":109310,"n":"Bol Bio Village 6 mois bio Petits pois Riz Maïs - 2x200g","p":2.21,"u":"5,53 €/KG","img":"https://fd13-photos.leclercdrive.fr/image.ashx?id=2704819&use=l&cat=p&typeid=i","cat":312239},{"id":109317,"n":"Bol Bio village 6 mois Bio Ratatouille Quinoa - 2x200g","p":2.45,"u":"6,13 €/KG","img":"https://fd13-photos.leclercdrive.fr/image.ashx?id=2704822&use=l&cat=p&typeid=i","cat":312239},{"id":109322,"n":"Bol legume vert riz Bio Village Saumon bio - 6 mois - 2x200g","p":2.55,"u":"6,38 €/KG","img":"https://fd13-photos.leclercdrive.fr/image.ashx?id=2704792&use=l&cat=p&typeid=i","cat":312235},{"id":109348,"n":"Panaché Falsbourg <0.5% vol. Canettes - 6x33cl","p":3.11,"u":"1,57 €/L","img":"https://fd13-photos.leclercdrive.fr/image.ashx?id=2637958&use=l&cat=p&typeid=i","cat":334853},{"id":109387,"n":"Pur jus Tropicana Réveil des Tropiques 90cl","p":2.84,"u":"3,16 €/L","img":"https://fd13-photos.leclercdrive.fr/image.ashx?id=2529279&use=l&cat=p&typeid=i","cat":285435},{"id":109412,"n":"Lait C'est Qui Le Patron Ecrémé - Brique 6x1L","p":7.38,"u":"1,23 €/L","img":"https://fd13-photos.leclercdrive.fr/image.ashx?id=2763277&use=l&cat=p&typeid=i","cat":284949},{"id":109418,"n":"Rillettes de Thon MSC Ronde des Mers - 125g","p":1.69,"u":"13,52 €/KG","img":"https://fd13-photos.leclercdrive.fr/image.ashx?id=2436696&use=l&cat=p&typeid=i","cat":303867},{"id":109437,"n":"Repas bébé Blédichef 12 mois  Couscous - 2x230g","p":3.38,"u":"7,35 €/KG","img":"https://fd13-photos.leclercdrive.fr/image.ashx?id=2479706&use=l&cat=p&typeid=i","cat":312237},{"id":109441,"n":"Thon entier MSC Pêche Océan Naturel - 140g","p":2.17,"u":"15,50 €/KG","img":"https://fd13-photos.leclercdrive.fr/image.ashx?id=2942211&use=l&cat=p&typeid=i","cat":303867},{"id":109444,"n":"Bol brocolis Bio Village Pomme de terre bio 4mois 2x120g","p":1.45,"u":"6,04 €/KG","img":"https://fd13-photos.leclercdrive.fr/image.ashx?id=2704756&use=l&cat=p&typeid=i","cat":312234},{"id":109449,"n":"Jus innocent ananas 900ml","p":3.34,"u":"3,71 €/L","img":"https://fd13-photos.leclercdrive.fr/image.ashx?id=2184732&use=l&cat=p&typeid=i","cat":285435},{"id":109452,"n":"Bol potiron courge bio Bio Village - 4 mois - 2x120g","p":1.45,"u":"6,04 €/KG","img":"https://fd13-photos.leclercdrive.fr/image.ashx?id=2704816&use=l&cat=p&typeid=i","cat":312234},{"id":109470,"n":"Pile alcaline Varta Longlife AAA LR03 - x20","p":8.9,"img":"https://fd13-photos.leclercdrive.fr/image.ashx?id=2306318&use=l&cat=p&typeid=i","cat":300572},{"id":109472,"n":"Pile alcaline Varta Longlife AA LR06 - x20","p":8.9,"img":"https://fd13-photos.leclercdrive.fr/image.ashx?id=2301001&use=l&cat=p&typeid=i","cat":300572},{"id":109509,"n":"crème dessert café danette - 4x125g","p":1.65,"u":"3,30 €/KG","img":"https://fd13-photos.leclercdrive.fr/image.ashx?id=2961867&use=l&cat=p&typeid=i","cat":285041},{"id":109512,"n":"Petits suisses aux fruits Danonino - 6x100g","p":3.1,"u":"5,17 €/KG","img":"https://fd13-photos.leclercdrive.fr/image.ashx?id=2785244&use=l&cat=p&typeid=i","cat":284414},{"id":109548,"n":"Olives vertes bio Bio Village - 160g","p":2.79,"u":"17,44 €/KG","img":"https://fd13-photos.leclercdrive.fr/image.ashx?id=2552448&use=l&cat=p&typeid=i","cat":284450},{"id":109554,"n":"Pulpe de tomates bio Bio Village - 2x400g","p":2.18,"u":"5,45 €/KG","img":"https://fd13-photos.leclercdrive.fr/image.ashx?id=2181840&use=l&cat=p&typeid=i","cat":312608},{"id":109564,"n":"AdBlue Diframa avec flexible 10L","p":14.89,"u":"1,49 €/L","img":"https://fd13-photos.leclercdrive.fr/image.ashx?id=1863624&use=l&cat=p&typeid=i","cat":298253},{"id":109567,"n":"AdBlue Diframa avec flexible 5L","p":7.89,"u":"1,58 €/L","img":"https://fd13-photos.leclercdrive.fr/image.ashx?id=1867723&use=l&cat=p&typeid=i","cat":298253},{"id":109578,"n":"Mouchoirs Ultra Soft Kleenex® Etuis mini x10","p":1.99,"u":"0,20 €/P","img":"https://fd13-photos.leclercdrive.fr/image.ashx?id=2840307&use=l&cat=p&typeid=i","cat":284638},{"id":109579,"n":"Pain de mie 100% Mie Harrys Nature sans sucre ajouté - 500g","p":2.47,"u":"4,94 €/KG","img":"https://fd13-photos.leclercdrive.fr/image.ashx?id=2517477&use=l&cat=p&typeid=i","cat":284477},{"id":109580,"n":"Terrine de campagne Bio Village Bio - 180g","p":2.79,"u":"15,50 €/KG","img":"https://fd13-photos.leclercdrive.fr/image.ashx?id=1710227&use=l&cat=p&typeid=i","cat":305149},{"id":109587,"n":"Diffuseur électrique Glade + Recharge Bois de Santal 20ml","p":5.74,"img":"https://fd13-photos.leclercdrive.fr/image.ashx?id=2864152&use=l&cat=p&typeid=i","cat":311629},{"id":109589,"n":"Mouchoirs Balsam Kleenex® Etuis regular x10","p":1.57,"u":"0,16 €/P","img":"https://fd13-photos.leclercdrive.fr/image.ashx?id=2840304&use=l&cat=p&typeid=i","cat":284638},{"id":109607,"n":"Skyr Danone nature 0%mg - 480g","p":3.35,"u":"6,98 €/KG","img":"https://fd13-photos.leclercdrive.fr/image.ashx?id=2810615&use=l&cat=p&typeid=i","cat":284409},{"id":109627,"n":"Crème dessert Danette vanille lit de chocolat -4x125g","p":1.5,"u":"3,00 €/KG","img":"https://fd13-photos.leclercdrive.fr/image.ashx?id=2939187&use=l&cat=p&typeid=i","cat":285041},{"id":109663,"n":"Lait concentré sucré Nestlé Ecrémé sans lactose - 387g","p":2.42,"u":"6,25 €/KG","img":"https://fd13-photos.leclercdrive.fr/image.ashx?id=2301349&use=l&cat=p&typeid=i","cat":299162},{"id":109664,"n":"Tomato Ketchup Allégé Heinz 50% sucre/sel en moins - 625g","p":3.54,"u":"5,66 €/KG","img":"https://fd13-photos.leclercdrive.fr/image.ashx?id=2927717&use=l&cat=p&typeid=i","cat":284455},{"id":109666,"n":"Café en grains L'OR Sélection 100% Arabica N° 6 1kg","p":18.59,"u":"18,59 €/KG","img":"https://fd13-photos.leclercdrive.fr/image.ashx?id=3000483&use=l&cat=p&typeid=i","cat":293237},{"id":109670,"n":"Compotes Pom'Potes Gourdes  Mix de Pommes - 20x90g","p":7.37,"u":"4,09 €/KG","img":"https://fd13-photos.leclercdrive.fr/image.ashx?id=2563349&use=l&cat=p&typeid=i","cat":284508},{"id":109749,"n":"Liquide de rinçage Uni Vert Lave-vaisselle Ecologique-750ml","p":1.99,"u":"2,65 €/L","img":"https://fd13-photos.leclercdrive.fr/image.ashx?id=2966403&use=l&cat=p&typeid=i","cat":284657},{"id":109756,"n":"Sauce gourmet Amora Poivre - 188g","p":1.74,"u":"9,26 €/KG","img":"https://fd13-photos.leclercdrive.fr/image.ashx?id=2181056&use=l&cat=p&typeid=i","cat":318430},{"id":109842,"n":"Wings party Maître Coq Barbecue - 400g","p":4.5,"u":"11,25 €/KG","img":"https://fd13-photos.leclercdrive.fr/image.ashx?id=2095620&use=l&cat=p&typeid=i","cat":333685},{"id":109856,"n":"AOP Vin d'Alsace Pinot blanc vin blanc Rebmann - 75 cl","p":4.99,"u":"6,65 €/L","img":"https://fd13-photos.leclercdrive.fr/image.ashx?id=2702333&use=l&cat=p&typeid=i","cat":289557},{"id":109873,"n":"Pur jus de pomme Jafaden Douceur - 1L","p":1.5,"u":"1,50 €/L","img":"https://fd13-photos.leclercdrive.fr/image.ashx?id=2863178&use=l&cat=p&typeid=i","cat":284522},{"id":109892,"n":"Soda Coca-Cola Cherry Bouteille - 1,25L","p":1.82,"u":"1,46 €/L","img":"https://fd13-photos.leclercdrive.fr/image.ashx?id=2678161&use=l&cat=p&typeid=i","cat":284530},{"id":109893,"n":"Soda Coca-Cola Vanille Bouteille - 1,25L","p":2.02,"u":"1,62 €/L","img":"https://fd13-photos.leclercdrive.fr/image.ashx?id=2678164&use=l&cat=p&typeid=i","cat":284530},{"id":109970,"n":"Huile Spéciale Pizza Soléou 25cl","p":2.01,"u":"8,04 €/L","img":"https://fd13-photos.leclercdrive.fr/image.ashx?id=2549651&use=l&cat=p&typeid=i","cat":284453},{"id":110000,"n":"Cornichons fins AMORA Bocal - 540g","p":3.88,"u":"7,19 €/KG","img":"https://fd13-photos.leclercdrive.fr/image.ashx?id=2672710&use=l&cat=p&typeid=i","cat":284458},{"id":110007,"n":"Tam Tam l'Original Saint-Michel - 275g","p":1.97,"u":"7,16 €/KG","img":"https://fd13-photos.leclercdrive.fr/image.ashx?id=2936239&use=l&cat=p&typeid=i","cat":284495},{"id":110009,"n":"Boisson végétale Bio Village Epeautre bio - 1l","p":1.9,"u":"1,90 €/L","img":"https://fd13-photos.leclercdrive.fr/image.ashx?id=2384935&use=l&cat=p&typeid=i","cat":316067},{"id":110020,"n":"Ravioli Bolognaise Zapetti Boeuf - 800g","p":4.07,"u":"5,09 €/KG","img":"https://fd13-photos.leclercdrive.fr/image.ashx?id=2547029&use=l&cat=p&typeid=i","cat":284442},{"id":110039,"n":"Boisson amande Nat & Vie Sans sucre - 1L","p":1.36,"u":"1,36 €/L","img":"https://fd13-photos.leclercdrive.fr/image.ashx?id=2882340&use=l&cat=p&typeid=i","cat":316067},{"id":110052,"n":"Sucre Perles Daddy 350g","p":2.8,"u":"8,00 €/KG","img":"https://fd13-photos.leclercdrive.fr/image.ashx?id=2826960&use=l&cat=p&typeid=i","cat":284502},{"id":110058,"n":"Crêpe fourrée Whaou Chocolat - x24 - 768g","p":4.05,"u":"5,27 €/KG","img":"https://fd13-photos.leclercdrive.fr/image.ashx?id=2955818&use=l&cat=p&typeid=i","cat":284494},{"id":110087,"n":"Joker Le Fruit Jus multifruits exotiques - 1L","p":2.15,"u":"2,15 €/L","img":"https://fd13-photos.leclercdrive.fr/image.ashx?id=2826864&use=l&cat=p&typeid=i","cat":284917},{"id":110098,"n":"Sirop la maison Guiot Framboise - 70cl","p":3.55,"u":"5,07 €/L","img":"https://fd13-photos.leclercdrive.fr/image.ashx?id=2857141&use=l&cat=p&typeid=i","cat":295020},{"id":110101,"n":"Huile d'olive vierge extra 1.5L","p":12.9,"u":"8,60 €/L","img":"https://fd13-photos.leclercdrive.fr/image.ashx?id=2898035&use=l&cat=p&typeid=i","cat":284453},{"id":110103,"n":"Huile d'olive vierge extra 25cl","p":2.89,"u":"11,56 €/L","img":"https://fd13-photos.leclercdrive.fr/image.ashx?id=2892349&use=l&cat=p&typeid=i","cat":284453},{"id":110121,"n":"Whisky Aberlour 10 ans Forest Single Malt Scotch 40% vol 70cl","p":25.77,"u":"36,81 €/L","img":"https://fd13-photos.leclercdrive.fr/image.ashx?id=3014871&use=l&cat=p&typeid=i","cat":284547},{"id":110133,"n":"Dessert lacté bio Bio Village Fraise brassé - 6-9 mois 4x100g","p":2.09,"u":"5,23 €/KG","img":"https://fd13-photos.leclercdrive.fr/image.ashx?id=2709755&use=l&cat=p&typeid=i","cat":312392},{"id":110139,"n":"Dessert lacté bio Bio Village Brassé nature sucré - 4x100g","p":2.12,"u":"5,30 €/KG","img":"https://fd13-photos.leclercdrive.fr/image.ashx?id=2709761&use=l&cat=p&typeid=i","cat":312392},{"id":110150,"n":"Bol légumes  Bio Village Bio Poulet - 8mois - 2x200g","p":2.49,"u":"6,23 €/KG","img":"https://fd13-photos.leclercdrive.fr/image.ashx?id=2704780&use=l&cat=p&typeid=i","cat":312236},{"id":110152,"n":"Lait C'est Qui Le Patron Entier - Brique 6x1L","p":8.22,"u":"1,37 €/L","img":"https://fd13-photos.leclercdrive.fr/image.ashx?id=2763280&use=l&cat=p&typeid=i","cat":285610},{"id":110154,"n":"Hachis parmentier Marie 300g","p":3.96,"u":"13,20 €/KG","img":"https://fd13-photos.leclercdrive.fr/image.ashx?id=2833315&use=l&cat=p&typeid=i","cat":333665},{"id":110159,"n":"Bol légumes saumon Bio Village Bio - 12 mois - 2x200g","p":2.69,"u":"6,73 €/KG","img":"https://fd13-photos.leclercdrive.fr/image.ashx?id=2704783&use=l&cat=p&typeid=i","cat":312237},{"id":110178,"n":"Radis ronds  Panier du Primeur - 250g","p":0.99,"u":"3,96 €/KG","img":"https://fd13-photos.leclercdrive.fr/image.ashx?id=3015117&use=l&cat=p&typeid=i","cat":284352},{"id":110179,"n":"Bol risotto Tomate Bio Village Aubergine bio - 2x200g","p":2.55,"u":"6,38 €/KG","img":"https://fd13-photos.leclercdrive.fr/image.ashx?id=2704825&use=l&cat=p&typeid=i","cat":312237},{"id":110182,"n":"Bol Spaghetti Bio Village 8mois Bio Bolognaise - 2x200g","p":2.59,"u":"6,48 €/KG","img":"https://fd13-photos.leclercdrive.fr/image.ashx?id=2704828&use=l&cat=p&typeid=i","cat":312236},{"id":110465,"n":"Classeur 4 anneaux Esquisse Blanc - 21x29.7cm","p":2.49,"img":"https://fd13-photos.leclercdrive.fr/image.ashx?id=1703803&use=l&cat=p&typeid=i","cat":284745},{"id":110509,"n":"boisson végétale lait d'amande non grillée sans sucre alpro-1l","p":2.63,"u":"2,63 €/L","img":"https://fd13-photos.leclercdrive.fr/image.ashx?id=2980085&use=l&cat=p&typeid=i","cat":316067},{"id":110526,"n":"Protège-document Bleu - A4 - 120 vues","p":3.49,"img":"https://fd13-photos.leclercdrive.fr/image.ashx?id=940847&use=l&cat=p&typeid=i","cat":284745},{"id":110556,"n":"Jus innocent plus  infatigableu 750ml","p":2.96,"u":"3,95 €/L","img":"https://fd13-photos.leclercdrive.fr/image.ashx?id=2862874&use=l&cat=p&typeid=i","cat":285435},{"id":110566,"n":"Crème dépilatoire Veet Men Corps Peaux Sensibles 200ml","p":5.65,"u":"28,25 €/L","img":"https://fd13-photos.leclercdrive.fr/image.ashx?id=2965689&use=l&cat=p&typeid=i","cat":284617},{"id":110568,"n":"Gel Lubrifiant Intime Durex Naturel Confort Base Eau 100ml","p":6.79,"u":"67,90 €/L","img":"https://fd13-photos.leclercdrive.fr/image.ashx?id=2960687&use=l&cat=p&typeid=i","cat":285160},{"id":110573,"n":"Culotte absorbante Chorys Plus médium - x14","p":7.93,"u":"0,57 €/P","img":"https://fd13-photos.leclercdrive.fr/image.ashx?id=2458109&use=l&cat=p&typeid=i","cat":284628},{"id":110574,"n":"Culotte absorbante Chorys Plus large - x14","p":8.65,"u":"0,62 €/P","img":"https://fd13-photos.leclercdrive.fr/image.ashx?id=2458112&use=l&cat=p&typeid=i","cat":284628},{"id":110575,"n":"Dentifrice Bionaïa Coco Aloe Vera bio - 75ml","p":1.99,"u":"26,53 €/L","img":"https://fd13-photos.leclercdrive.fr/image.ashx?id=2529549&use=l&cat=p&typeid=i","cat":284612},{"id":110577,"n":"Serviette incontinence Chorys Normal - x16","p":2.62,"u":"0,16 €/P","img":"https://fd13-photos.leclercdrive.fr/image.ashx?id=2393899&use=l&cat=p&typeid=i","cat":284628},{"id":110589,"n":"Serviette incontinence Chorys Super+ - x14","p":2.2,"u":"0,16 €/P","img":"https://fd13-photos.leclercdrive.fr/image.ashx?id=2162003&use=l&cat=p&typeid=i","cat":284628},{"id":110590,"n":"Recharge Électrique Glade Bois de Santal & Jasmin 20ml","p":3.74,"img":"https://fd13-photos.leclercdrive.fr/image.ashx?id=2600773&use=l&cat=p&typeid=i","cat":311629},{"id":110595,"n":"Gel Lave-Vaisselle Sun Tout-en-1 Expert Plus 52 Lavage","p":7.9,"u":"8,78 €/L","img":"https://fd13-photos.leclercdrive.fr/image.ashx?id=2835580&use=l&cat=p&typeid=i","cat":284656},{"id":110596,"n":"Poudre Lave Vaisselle Sun Classique 90 Lavages","p":9.02,"u":"3,16 €/KG","img":"https://fd13-photos.leclercdrive.fr/image.ashx?id=2866172&use=l&cat=p&typeid=i","cat":284656},{"id":110597,"n":"Tielles de Sète Pêcheries Sétoises 4 x 110g","p":5.85,"u":"13,30 €/KG","img":"https://fd13-photos.leclercdrive.fr/image.ashx?id=2149052&use=l&cat=p&typeid=i","cat":285094},{"id":110662,"n":"Confiturier 324ml Le Parfait Couvercle métal décoré - Pack 6","p":6.99,"u":"1,17 €/P","img":"https://fd13-photos.leclercdrive.fr/image.ashx?id=2504470&use=l&cat=p&typeid=i","cat":284710},{"id":110676,"n":"Riz cuisine Bio Village Fluide bio - 3x20cl","p":2.49,"u":"4,15 €/KG","img":"https://fd13-photos.leclercdrive.fr/image.ashx?id=2717260&use=l&cat=p&typeid=i","cat":288381},{"id":110678,"n":"Bouillon cube Bio Village Volaille Bio - x8 - 80g","p":1.43,"u":"17,88 €/KG","img":"https://fd13-photos.leclercdrive.fr/image.ashx?id=2140950&use=l&cat=p&typeid=i","cat":288379},{"id":110681,"n":"Mayonaise Bio Bio Village Dijon - 238g","p":2.35,"u":"9,87 €/KG","img":"https://fd13-photos.leclercdrive.fr/image.ashx?id=2664869&use=l&cat=p&typeid=i","cat":298295},{"id":110682,"n":"Saladier Eco+ 23cm - 1 pièce","p":1.77,"img":"https://fd13-photos.leclercdrive.fr/image.ashx?id=1704281&use=l&cat=p&typeid=i","cat":334134},{"id":110707,"n":"Beurre gastronomique Les Croisé Doux - 82% MG - 250g","p":2.49,"u":"9,96 €/KG","img":"https://fd13-photos.leclercdrive.fr/image.ashx?id=1704341&use=l&cat=p&typeid=i","cat":284379},{"id":110708,"n":"Beurre Les Croisés Demi-sel - 80% MG - 250g","p":2.49,"u":"9,96 €/KG","img":"https://fd13-photos.leclercdrive.fr/image.ashx?id=2778084&use=l&cat=p&typeid=i","cat":284379},{"id":110786,"n":"Plat à cake porcelaine 1 pièce","p":5.8,"img":"https://fd13-photos.leclercdrive.fr/image.ashx?id=1704547&use=l&cat=p&typeid=i","cat":334134},{"id":110845,"n":"Huile végétale So'Bio Etic Amande douce bio - 50ml","p":3.73,"u":"74,60 €/L","img":"https://fd13-photos.leclercdrive.fr/image.ashx?id=2827956&use=l&cat=p&typeid=i","cat":325349},{"id":110849,"n":"Dentifrice Bionaïa Charbon bio - 75ml","p":1.99,"u":"26,53 €/L","img":"https://fd13-photos.leclercdrive.fr/image.ashx?id=2529546&use=l&cat=p&typeid=i","cat":284612},{"id":110856,"n":"Pack bières blondes 8.6 8.6%vol - 4x50cl","p":5.36,"u":"2,68 €/L","img":"https://fd13-photos.leclercdrive.fr/image.ashx?id=2841601&use=l&cat=p&typeid=i","cat":334853},{"id":110859,"n":"Bières blonde original 8.6 8.6%vol - 50cl","p":1.36,"u":"2,72 €/L","img":"https://fd13-photos.leclercdrive.fr/image.ashx?id=2112516&use=l&cat=p&typeid=i","cat":334853},{"id":110913,"n":"Sirop sport Grenadine - 60cl","p":2.12,"u":"3,53 €/L","img":"https://fd13-photos.leclercdrive.fr/image.ashx?id=1892348&use=l&cat=p&typeid=i","cat":295020},{"id":111207,"n":"Jenlain ambrée 75cl","p":2.89,"u":"3,85 €/L","img":"https://fd13-photos.leclercdrive.fr/image.ashx?id=2732848&use=l&cat=p&typeid=i","cat":334852},{"id":111365,"n":"Lardons Eco+ Fumés - 180g","p":1.32,"u":"7,33 €/KG","img":"https://fd13-photos.leclercdrive.fr/image.ashx?id=2805066&use=l&cat=p&typeid=i","cat":316011},{"id":111368,"n":"Lardons nature Eco+ 180g","p":1.2,"u":"6,67 €/KG","img":"https://fd13-photos.leclercdrive.fr/image.ashx?id=2809888&use=l&cat=p&typeid=i","cat":316011},{"id":111385,"n":"Croquette chat stérilisé Ultima Boeuf - 1.5kg","p":6.91,"u":"4,61 €/KG","img":"https://fd13-photos.leclercdrive.fr/image.ashx?id=2921903&use=l&cat=p&typeid=i","cat":284680},{"id":111418,"n":"Repas bébé Blédichef 15 mois Risotto courgette saumon - 250g","p":1.98,"u":"7,92 €/KG","img":"https://fd13-photos.leclercdrive.fr/image.ashx?id=2643488&use=l&cat=p&typeid=i","cat":312238},{"id":111419,"n":"Repas bébé Blédichef 24 mois  Macaroni carotte boeuf - 250g","p":1.61,"u":"6,44 €/KG","img":"https://fd13-photos.leclercdrive.fr/image.ashx?id=2951593&use=l&cat=p&typeid=i","cat":312238},{"id":111422,"n":"Compotes Pom'Potes Gourdes  Pomm P. Frais P. Framb - 32x90g","p":12.49,"u":"4,34 €/KG","img":"https://fd13-photos.leclercdrive.fr/image.ashx?id=2870182&use=l&cat=p&typeid=i","cat":284508},{"id":111423,"n":"Compotes Materne Coupelles  Multivariétés Jaunes - 12x100g","p":4.48,"u":"3,73 €/KG","img":"https://fd13-photos.leclercdrive.fr/image.ashx?id=3012191&use=l&cat=p&typeid=i","cat":284508},{"id":111424,"n":"Repas bébé Blédichef 12 mois  Hachis parmentier - 230g","p":1.69,"u":"7,35 €/KG","img":"https://fd13-photos.leclercdrive.fr/image.ashx?id=2478571&use=l&cat=p&typeid=i","cat":312237},{"id":111425,"n":"Chips lentilles Vico Fines herbes - 85g","p":1.72,"u":"20,24 €/KG","img":"https://fd13-photos.leclercdrive.fr/image.ashx?id=3000096&use=l&cat=p&typeid=i","cat":284447},{"id":111426,"n":"Chips lentille Vico Tomate mozzarella - 85g","p":1.87,"u":"22,00 €/KG","img":"https://fd13-photos.leclercdrive.fr/image.ashx?id=2989255&use=l&cat=p&typeid=i","cat":284447},{"id":111428,"n":"Thé vert citron vert Twinings Gingembre - 20 sachets - 32g","p":2.87,"u":"89,69 €/KG","img":"https://fd13-photos.leclercdrive.fr/image.ashx?id=2893042&use=l&cat=p&typeid=i","cat":293233},{"id":111430,"n":"Compotes Materne Coupelles  Multivariétés Rouges - 12x100g","p":4.43,"u":"3,69 €/KG","img":"https://fd13-photos.leclercdrive.fr/image.ashx?id=3010870&use=l&cat=p&typeid=i","cat":284508},{"id":111435,"n":"Repas bébé Blédichef 18 mois  Ratatouille poulet - 250g","p":1.91,"u":"7,64 €/KG","img":"https://fd13-photos.leclercdrive.fr/image.ashx?id=2951596&use=l&cat=p&typeid=i","cat":312238},{"id":111448,"n":"Snack Bio Village Lentilles bio - 60g","p":2.04,"u":"34,00 €/KG","img":"https://fd13-photos.leclercdrive.fr/image.ashx?id=1709361&use=l&cat=p&typeid=i","cat":284449},{"id":111449,"n":"Snack Bio Village Pois chiches bio - 60g","p":2.04,"u":"34,00 €/KG","img":"https://fd13-photos.leclercdrive.fr/image.ashx?id=1709364&use=l&cat=p&typeid=i","cat":284449},{"id":111454,"n":"Céréales Babybio Bio Dès 6 mois Céréales 3 fruits - 220g","p":3.95,"u":"17,95 €/KG","img":"https://fd13-photos.leclercdrive.fr/image.ashx?id=2837754&use=l&cat=p&typeid=i","cat":312225},{"id":111455,"n":"Pot bébé truite 6-9mois Babybio Carotte potimarron bio - 2x200g","p":3.59,"u":"8,98 €/KG","img":"https://fd13-photos.leclercdrive.fr/image.ashx?id=2857344&use=l&cat=p&typeid=i","cat":312236},{"id":111525,"n":"Colle Super Glue 3 Loctite Précision - 5g","p":4.95,"u":"990,00 €/KG","img":"https://fd13-photos.leclercdrive.fr/image.ashx?id=2020281&use=l&cat=p&typeid=i","cat":300576},{"id":111587,"n":"Café dosettes Tassimo L'Or XL Classique x16","p":4.86,"u":"35,74 €/KG","img":"https://fd13-photos.leclercdrive.fr/image.ashx?id=2100308&use=l&cat=p&typeid=i","cat":293240},{"id":111590,"n":"Capsules café L'Or Espresso Lungo Mattinata N°5 x10","p":3.58,"u":"68,85 €/KG","img":"https://fd13-photos.leclercdrive.fr/image.ashx?id=3002309&use=l&cat=p&typeid=i","cat":284749},{"id":111644,"n":"Nectar multifruits Bio Village Bio - 1.5L","p":1.92,"u":"1,28 €/L","img":"https://fd13-photos.leclercdrive.fr/image.ashx?id=2954130&use=l&cat=p&typeid=i","cat":284917},{"id":111645,"n":"Nectar de pomme Bio Village Bio - 1.5L","p":1.81,"u":"1,21 €/L","img":"https://fd13-photos.leclercdrive.fr/image.ashx?id=2954133&use=l&cat=p&typeid=i","cat":284522},{"id":111686,"n":"Sachet fraicheur chat Sheba Volaille en sauce - 15x50g","p":5.93,"u":"7,91 €/KG","img":"https://fd13-photos.leclercdrive.fr/image.ashx?id=2347143&use=l&cat=p&typeid=i","cat":285286},{"id":111729,"n":"Tomate ronde  1P","p":0.29,"img":"https://fd13-photos.leclercdrive.fr/image.ashx?id=1633361&use=l&cat=p&typeid=i","cat":284352},{"id":111749,"n":"Dés de fromage aux noix Petit Marché - 120g","p":2.49,"u":"20,75 €/KG","img":"https://fd13-photos.leclercdrive.fr/image.ashx?id=2511558&use=l&cat=p&typeid=i","cat":314027},{"id":111785,"n":"Soda Pepsi Cola cerise sans sucres - 1.5L","p":1.64,"u":"1,09 €/L","img":"https://fd13-photos.leclercdrive.fr/image.ashx?id=2734924&use=l&cat=p&typeid=i","cat":284530},{"id":111829,"n":"Compote Charles & Alice Pommes Fraises - 4x100g","p":1.75,"u":"4,38 €/KG","img":"https://fd13-photos.leclercdrive.fr/image.ashx?id=2757338&use=l&cat=p&typeid=i","cat":284416},{"id":111893,"n":"Crème anti-crevasses Primoplast Talons - 60ml","p":2.89,"u":"48,17 €/L","img":"https://fd13-photos.leclercdrive.fr/image.ashx?id=2856567&use=l&cat=p&typeid=i","cat":325354},{"id":111894,"n":"Coloration Perfect Mousse  Schwarzkopf - 668 noisette","p":9.48,"img":"https://fd13-photos.leclercdrive.fr/image.ashx?id=2856709&use=l&cat=p&typeid=i","cat":288899},{"id":111895,"n":"Coloration Perfect Mousse Schwarzkopf - 500 châtain","p":9.48,"img":"https://fd13-photos.leclercdrive.fr/image.ashx?id=2970882&use=l&cat=p&typeid=i","cat":288899},{"id":111896,"n":"Coloration Perfect Mousse Schwarzkopf - 200 noir","p":9.05,"img":"https://fd13-photos.leclercdrive.fr/image.ashx?id=2970885&use=l&cat=p&typeid=i","cat":288899},{"id":111898,"n":"Coloration permanente Garnier Châtain foncé pur 3.0 Olia","p":8.78,"u":"73,17 €/L","img":"https://fd13-photos.leclercdrive.fr/image.ashx?id=2323619&use=l&cat=p&typeid=i","cat":288899},{"id":111899,"n":"Coloration Perfect Mousse Schwarzkopf - 465 châtain choco","p":6.64,"img":"https://fd13-photos.leclercdrive.fr/image.ashx?id=2921555&use=l&cat=p&typeid=i","cat":288899},{"id":111900,"n":"Coloration Permanente Olia 4.0 Chatain Pur sans ammoniaque","p":8.0,"img":"https://fd13-photos.leclercdrive.fr/image.ashx?id=2471319&use=l&cat=p&typeid=i","cat":288899},{"id":111901,"n":"Coloration Permanente Olia 4.15 Marron Glacé","p":8.39,"img":"https://fd13-photos.leclercdrive.fr/image.ashx?id=2471322&use=l&cat=p&typeid=i","cat":288899},{"id":111902,"n":"Coloration Permanente Olia 5.0 Chatain Clair","p":8.45,"img":"https://fd13-photos.leclercdrive.fr/image.ashx?id=2471325&use=l&cat=p&typeid=i","cat":288899},{"id":111903,"n":"Coloration Permanente Olia 5.3 Chatain Clair Doré","p":8.93,"img":"https://fd13-photos.leclercdrive.fr/image.ashx?id=2520494&use=l&cat=p&typeid=i","cat":288899},{"id":111904,"n":"Coloration cheveux permanente 100% Ultra Blond","p":7.7,"u":"38,50 €/KG","img":"https://fd13-photos.leclercdrive.fr/image.ashx?id=2575165&use=l&cat=p&typeid=i","cat":288899},{"id":111906,"n":"Déodorant compressé Ushuaïa Grenade - 100ml","p":3.08,"u":"30,80 €/L","img":"https://fd13-photos.leclercdrive.fr/image.ashx?id=2474608&use=l&cat=p&typeid=i","cat":284595},{"id":111907,"n":"Déodorant compressé Ushuaïa Fleur d'Oranger - 100ml","p":3.07,"u":"30,70 €/L","img":"https://fd13-photos.leclercdrive.fr/image.ashx?id=2474614&use=l&cat=p&typeid=i","cat":284595},{"id":111908,"n":"Huile d'amande douce Primoplast 100ml","p":3.25,"u":"32,50 €/L","img":"https://fd13-photos.leclercdrive.fr/image.ashx?id=2856573&use=l&cat=p&typeid=i","cat":284630},{"id":111910,"n":"Gommage tube Manava 150ml","p":1.99,"u":"13,27 €/L","img":"https://fd13-photos.leclercdrive.fr/image.ashx?id=2515691&use=l&cat=p&typeid=i","cat":284594},{"id":111914,"n":"Bière ambrée Grimbergen 6,5° - 12x25cl","p":10.41,"u":"3,47 €/L","img":"https://fd13-photos.leclercdrive.fr/image.ashx?id=2294378&use=l&cat=p&typeid=i","cat":334852},{"id":111938,"n":"Bière blonde Affligem  Sans alcool - 6x25cl","p":5.01,"u":"3,34 €/L","img":"https://fd13-photos.leclercdrive.fr/image.ashx?id=2979695&use=l&cat=p&typeid=i","cat":334877},{"id":111958,"n":"Barquette de quenelles Giraudet bio Nature - 16x20g","p":4.23,"u":"13,22 €/KG","img":"https://fd13-photos.leclercdrive.fr/image.ashx?id=2214810&use=l&cat=p&typeid=i","cat":333682},{"id":111972,"n":"Serviettes Discreet Tena Lady Extra Plus - x16","p":5.55,"u":"0,35 €/P","img":"https://fd13-photos.leclercdrive.fr/image.ashx?id=2597250&use=l&cat=p&typeid=i","cat":284628},{"id":111987,"n":"Repas bébé Blédichef 18 mois  Pâtes boeuf bourguignon - 250g","p":2.0,"u":"8,00 €/KG","img":"https://fd13-photos.leclercdrive.fr/image.ashx?id=2643746&use=l&cat=p&typeid=i","cat":312238},{"id":111989,"n":"Plat bébé soir Blédichef 12mois Semoule carotte - 230g","p":1.89,"u":"8,22 €/KG","img":"https://fd13-photos.leclercdrive.fr/image.ashx?id=2852363&use=l&cat=p&typeid=i","cat":312239},{"id":111990,"n":"Plat bébé soir Blédichef 18mois Pâtes épinards carotte - 250g","p":1.54,"u":"6,16 €/KG","img":"https://fd13-photos.leclercdrive.fr/image.ashx?id=2479027&use=l&cat=p&typeid=i","cat":312239},{"id":112001,"n":"Recharge Power Tabs Rubson Aero Neutre - Lot de 6","p":28.9,"img":"https://fd13-photos.leclercdrive.fr/image.ashx?id=1971368&use=l&cat=p&typeid=i","cat":300576},{"id":112025,"n":"Fromage St Marcellin IGP 25%mg NRT - 80g","p":1.59,"u":"19,88 €/KG","img":"https://fd13-photos.leclercdrive.fr/image.ashx?id=2174738&use=l&cat=p&typeid=i","cat":329558},{"id":112026,"n":"Fromage Saint Félicien Dauphine NRT - 180g","p":2.65,"u":"14,72 €/KG","img":"https://fd13-photos.leclercdrive.fr/image.ashx?id=2600617&use=l&cat=p&typeid=i","cat":329558},{"id":112039,"n":"Mastic B&C Pure silicone Rubson Anti-moisissures blanc -280ml","p":11.5,"u":"41,07 €/L","img":"https://fd13-photos.leclercdrive.fr/image.ashx?id=2520608&use=l&cat=p&typeid=i","cat":300576},{"id":112040,"n":"Mastic Perfect Home Rubson Acrylique murs-fenêtres - 280ml","p":7.6,"u":"27,14 €/L","img":"https://fd13-photos.leclercdrive.fr/image.ashx?id=2563964&use=l&cat=p&typeid=i","cat":300576},{"id":112125,"n":"Crème nutritive nuit So'bio Précieux Argan bio  - 50ml","p":11.02,"u":"220,40 €/L","img":"https://fd13-photos.leclercdrive.fr/image.ashx?id=2990715&use=l&cat=p&typeid=i","cat":325345},{"id":112126,"n":"Crème rose jour So'Bio Etic Précieux Argan bio - 50ml","p":11.02,"u":"220,40 €/L","img":"https://fd13-photos.leclercdrive.fr/image.ashx?id=2792687&use=l&cat=p&typeid=i","cat":325345},{"id":112143,"n":"Oignon rouge Panier du Primeur x4","p":1.79,"u":"0,45 €/P","img":"https://fd13-photos.leclercdrive.fr/image.ashx?id=2966490&use=l&cat=p&typeid=i","cat":284352},{"id":112150,"n":"Graisse à Frire Vegétaline 100% végétale - 1kg","p":7.08,"u":"7,08 €/KG","img":"https://fd13-photos.leclercdrive.fr/image.ashx?id=1928297&use=l&cat=p&typeid=i","cat":315229},{"id":112153,"n":"Planta Fin Cuisson 79%MG - 500ml","p":2.54,"u":"5,08 €/L","img":"https://fd13-photos.leclercdrive.fr/image.ashx?id=2793083&use=l&cat=p&typeid=i","cat":315229},{"id":112210,"n":"Bière blonde Affligem 6x25cl","p":5.28,"u":"3,52 €/L","img":"https://fd13-photos.leclercdrive.fr/image.ashx?id=2530323&use=l&cat=p&typeid=i","cat":334852},{"id":112285,"n":"Terreau Beaux Jours Universel - 20L","p":2.99,"u":"0,15 €/L","img":"https://fd13-photos.leclercdrive.fr/image.ashx?id=1723039&use=l&cat=p&typeid=i","cat":335919},{"id":112286,"n":"Terreau Beaux Jours Universel - 40L","p":4.79,"u":"0,12 €/L","img":"https://fd13-photos.leclercdrive.fr/image.ashx?id=1723042&use=l&cat=p&typeid=i","cat":335919},{"id":112291,"n":"Yaourt protéiné Hipro Myrtille 0%mg - 2x160g","p":2.15,"u":"6,72 €/KG","img":"https://fd13-photos.leclercdrive.fr/image.ashx?id=2800285&use=l&cat=p&typeid=i","cat":315000},{"id":112293,"n":"Yaourt à boire protéiné Hipro Vanille cookie 0%mg - 300g","p":2.18,"u":"7,27 €/KG","img":"https://fd13-photos.leclercdrive.fr/image.ashx?id=2329753&use=l&cat=p&typeid=i","cat":315000},{"id":112294,"n":"Yaourt à boire protéiné Hipro Fraise framboise 0%mg - 300g","p":2.04,"u":"6,80 €/KG","img":"https://fd13-photos.leclercdrive.fr/image.ashx?id=2806060&use=l&cat=p&typeid=i","cat":315000},{"id":112330,"n":"Sauce soja sucre Kikkoman Carafe - 150ml","p":4.44,"u":"29,60 €/L","img":"https://fd13-photos.leclercdrive.fr/image.ashx?id=2536293&use=l&cat=p&typeid=i","cat":288992},{"id":112335,"n":"Sauce soja carafe Kikkoman 150ml","p":4.09,"u":"27,27 €/L","img":"https://fd13-photos.leclercdrive.fr/image.ashx?id=2536290&use=l&cat=p&typeid=i","cat":288992},{"id":112340,"n":"Eau Micellaire La Provençale  Purifiante bio - 400ml","p":5.54,"u":"13,85 €/L","img":"https://fd13-photos.leclercdrive.fr/image.ashx?id=2759313&use=l&cat=p&typeid=i","cat":284603},{"id":112412,"n":"Huile OPTIMA Tramier  Biologique 1l","p":6.57,"u":"6,57 €/L","img":"https://fd13-photos.leclercdrive.fr/image.ashx?id=2890472&use=l&cat=p&typeid=i","cat":284453},{"id":112471,"n":"Mousse Danette  Chocolat - 4x60g","p":1.69,"u":"7,04 €/KG","img":"https://fd13-photos.leclercdrive.fr/image.ashx?id=2964923&use=l&cat=p&typeid=i","cat":284417},{"id":112503,"n":"Baume de nuit La Provençale Bio Anti-Âge regénérant - 50ml","p":7.57,"u":"151,40 €/L","img":"https://fd13-photos.leclercdrive.fr/image.ashx?id=2950360&use=l&cat=p&typeid=i","cat":325345},{"id":112562,"n":"Radis ronds bio Bio Village - 250g","p":1.49,"u":"5,96 €/KG","img":"https://fd13-photos.leclercdrive.fr/image.ashx?id=3015156&use=l&cat=p&typeid=i","cat":284352},{"id":112583,"n":"Biscuits Milka Chocolat au lait - 150g","p":1.94,"u":"12,93 €/KG","img":"https://fd13-photos.leclercdrive.fr/image.ashx?id=2347326&use=l&cat=p&typeid=i","cat":284488},{"id":112599,"n":"Sachets Chats Ultima Nature Poissons - 12x85g","p":8.48,"u":"8,31 €/KG","img":"https://fd13-photos.leclercdrive.fr/image.ashx?id=2338648&use=l&cat=p&typeid=i","cat":285286},{"id":112624,"n":"Semoule au lait La Laitière Vanille - 4x115g","p":1.65,"u":"3,59 €/KG","img":"https://fd13-photos.leclercdrive.fr/image.ashx?id=2654578&use=l&cat=p&typeid=i","cat":284418},{"id":112662,"n":"Vin mousseux Charles Volner Soirée blanche - 75cl","p":4.9,"pp":3.23,"u":"4,31 €/L","img":"https://fd13-photos.leclercdrive.fr/image.ashx?id=1727814&use=l&cat=p&typeid=i","cat":284544},{"id":112666,"n":"Meringues Valdelice Fantaisie P'tit bout - 250g","p":2.19,"u":"8,76 €/KG","img":"https://fd13-photos.leclercdrive.fr/image.ashx?id=2865854&use=l&cat=p&typeid=i","cat":327605},{"id":112694,"n":"Foie gras canard IGP Sud-Ouest Label Rouge Lobe NRT - 200g","p":19.99,"u":"99,95 €/KG","img":"https://fd13-photos.leclercdrive.fr/image.ashx?id=1759903&use=l&cat=p&typeid=i","cat":316008},{"id":112699,"n":"yaourt bifidus activia muesli framboise chia - 170g","p":1.79,"u":"10,53 €/KG","img":"https://fd13-photos.leclercdrive.fr/image.ashx?id=2965888&use=l&cat=p&typeid=i","cat":315000},{"id":112806,"n":"Soupe Liquide Liebig  10 Légumes & Crème fraiche - 1L","p":2.22,"u":"2,22 €/L","img":"https://fd13-photos.leclercdrive.fr/image.ashx?id=2941484&use=l&cat=p&typeid=i","cat":284462},{"id":112807,"n":"Soupe liquide Liebig  Légumes et vermicelles - 2x30cl","p":2.0,"u":"3,33 €/L","img":"https://fd13-photos.leclercdrive.fr/image.ashx?id=2164075&use=l&cat=p&typeid=i","cat":284462},{"id":112808,"n":"Soupe liquide Liebig légumes Et vermicelles - Brique 1L","p":2.16,"u":"2,16 €/L","img":"https://fd13-photos.leclercdrive.fr/image.ashx?id=2892142&use=l&cat=p&typeid=i","cat":284462},{"id":112811,"n":"Gel Lave-Vaisselle Sun Tout-en-1 Citron 52 Lavages","p":7.9,"u":"8,78 €/L","img":"https://fd13-photos.leclercdrive.fr/image.ashx?id=2356268&use=l&cat=p&typeid=i","cat":284656},{"id":112817,"n":"AOP Faugères Vin rouge Bio Château Estanille - 75cl","p":5.95,"u":"7,93 €/L","img":"https://fd13-photos.leclercdrive.fr/image.ashx?id=2908129&use=l&cat=p&typeid=i","cat":289556},{"id":112905,"n":"Soupe liquide bouteille Liebig  Velouté Potiron Chataîgne -75cl","p":2.79,"u":"3,72 €/L","img":"https://fd13-photos.leclercdrive.fr/image.ashx?id=2842564&use=l&cat=p&typeid=i","cat":284462},{"id":112933,"n":"Soupe liquide brique Liebig  Mouliné Légumes d'hiver 2x30cl","p":2.21,"u":"3,68 €/L","img":"https://fd13-photos.leclercdrive.fr/image.ashx?id=2369918&use=l&cat=p&typeid=i","cat":284462},{"id":112947,"n":"Tablette de Chocolat Côte d'Or Praliné lait cajou amande 200g","p":4.86,"u":"24,30 €/KG","img":"https://fd13-photos.leclercdrive.fr/image.ashx?id=2957773&use=l&cat=p&typeid=i","cat":284497},{"id":113052,"n":"Confiture Bonne Maman Cerise intense - 335g","p":2.54,"u":"7,58 €/KG","img":"https://fd13-photos.leclercdrive.fr/image.ashx?id=2341023&use=l&cat=p&typeid=i","cat":284480},{"id":113108,"n":"Tartine Grilletine de Pasquier Froment - x18 - 242g","p":1.64,"u":"6,78 €/KG","img":"https://fd13-photos.leclercdrive.fr/image.ashx?id=2333060&use=l&cat=p&typeid=i","cat":284479},{"id":113110,"n":"Tartine Grilletine de Pasquier Blé complet - x18 - 242g","p":1.61,"u":"6,65 €/KG","img":"https://fd13-photos.leclercdrive.fr/image.ashx?id=2333063&use=l&cat=p&typeid=i","cat":284479},{"id":113118,"n":"Dès de meule Les Croisés Fruitée - 150g","p":2.75,"u":"18,33 €/KG","img":"https://fd13-photos.leclercdrive.fr/image.ashx?id=1864494&use=l&cat=p&typeid=i","cat":314027},{"id":113127,"n":"Groseilles Panier du Primeur 125g","p":2.89,"u":"23,12 €/KG","img":"https://fd13-photos.leclercdrive.fr/image.ashx?id=2414573&use=l&cat=p&typeid=i","cat":284356},{"id":113287,"n":"Bière Ambree Jenlain 6x25cl","p":5.51,"u":"3,67 €/L","img":"https://fd13-photos.leclercdrive.fr/image.ashx?id=2504677&use=l&cat=p&typeid=i","cat":334852},{"id":113292,"n":"Boisson énergisante Monster Energy Punch Pipeline - 50CL","p":1.57,"u":"3,14 €/L","img":"https://fd13-photos.leclercdrive.fr/image.ashx?id=2207436&use=l&cat=p&typeid=i","cat":284533},{"id":113330,"n":"Petits pois Cassegrain 2x280g","p":3.49,"u":"6,23 €/KG","img":"https://fd13-photos.leclercdrive.fr/image.ashx?id=2138611&use=l&cat=p&typeid=i","cat":312607},{"id":113331,"n":"Recharges absorbeur d'humidité Foxter Lavande - Galet x4 450g","p":9.99,"u":"5,55 €/KG","img":"https://fd13-photos.leclercdrive.fr/image.ashx?id=1735984&use=l&cat=p&typeid=i","cat":300576},{"id":113358,"n":"Bière ambrée Leffe 6,6% - 12x25cl","p":9.49,"u":"3,16 €/L","img":"https://fd13-photos.leclercdrive.fr/image.ashx?id=2533985&use=l&cat=p&typeid=i","cat":334852},{"id":113580,"n":"Filtre à café Melita 1x6 Original brun - x40","p":1.65,"u":"13,75 €/KG","img":"https://fd13-photos.leclercdrive.fr/image.ashx?id=2882047&use=l&cat=p&typeid=i","cat":284751},{"id":113618,"n":"Crozets aux noix Alpina Savoie Dauphine - 375g","p":2.16,"u":"5,76 €/KG","img":"https://fd13-photos.leclercdrive.fr/image.ashx?id=2795069&use=l&cat=p&typeid=i","cat":284427},{"id":113641,"n":"Bolino Italie tomates Maggi Mozzarella - 69g","p":1.78,"u":"25,80 €/KG","img":"https://fd13-photos.leclercdrive.fr/image.ashx?id=2866079&use=l&cat=p&typeid=i","cat":284953},{"id":113654,"n":"Xtrem Box Sodebo Radiatori Bœuf Poivre - 400g","p":3.49,"u":"8,73 €/KG","img":"https://fd13-photos.leclercdrive.fr/image.ashx?id=2643998&use=l&cat=p&typeid=i","cat":334983},{"id":113663,"n":"Culottes Taille L Tena Plus Night - x12","p":9.06,"u":"0,76 €/P","img":"https://fd13-photos.leclercdrive.fr/image.ashx?id=1868299&use=l&cat=p&typeid=i","cat":284628},{"id":113680,"n":"Brioche tressée Nature Harrys Sucre perlé sans additif - 500g","p":2.88,"u":"5,76 €/KG","img":"https://fd13-photos.leclercdrive.fr/image.ashx?id=2503013&use=l&cat=p&typeid=i","cat":284478},{"id":113711,"n":"Filets de cabillaud Findus MSC - 600g","p":13.53,"u":"22,55 €/KG","img":"https://fd13-photos.leclercdrive.fr/image.ashx?id=2735350&use=l&cat=p&typeid=i","cat":319786},{"id":113716,"n":"Saumon fumé Norvège Delpierre 6 tranches - 180g","p":9.57,"u":"53,17 €/KG","img":"https://fd13-photos.leclercdrive.fr/image.ashx?id=2921465&use=l&cat=p&typeid=i","cat":285188},{"id":113717,"n":"Saumon fumé d'Ecosse Delpierre 6 tranches - 180g","p":9.57,"u":"53,17 €/KG","img":"https://fd13-photos.leclercdrive.fr/image.ashx?id=2921471&use=l&cat=p&typeid=i","cat":285188},{"id":113743,"n":"Tenders Maître Coq Filet de poulet crusty - 380g","p":5.96,"u":"15,68 €/KG","img":"https://fd13-photos.leclercdrive.fr/image.ashx?id=2773412&use=l&cat=p&typeid=i","cat":333684},{"id":113754,"n":"Crème fraîche Yoplait Légère -12% matière grasse 450g","p":1.38,"u":"3,07 €/KG","img":"https://fd13-photos.leclercdrive.fr/image.ashx?id=2811032&use=l&cat=p&typeid=i","cat":284381},{"id":113756,"n":"Fromage blanc Calin Nature - 3,2%MG - 1kg","p":2.77,"u":"2,77 €/KG","img":"https://fd13-photos.leclercdrive.fr/image.ashx?id=2973727&use=l&cat=p&typeid=i","cat":284409},{"id":113773,"n":"Tagliatelle Gayelord Hauser Sans rinçage, Konjac - 160g","p":1.96,"u":"12,25 €/KG","img":"https://fd13-photos.leclercdrive.fr/image.ashx?id=2827086&use=l&cat=p&typeid=i","cat":318652},{"id":113779,"n":"Assiette bio Bio Village Haricot vert dinde 12 mois 230g","p":1.45,"u":"6,30 €/KG","img":"https://fd13-photos.leclercdrive.fr/image.ashx?id=2900217&use=l&cat=p&typeid=i","cat":312237},{"id":113787,"n":"Assiette pâtes bio Bio Village Légumes saumon 18 mois 260g","p":1.95,"u":"7,50 €/KG","img":"https://fd13-photos.leclercdrive.fr/image.ashx?id=2900232&use=l&cat=p&typeid=i","cat":312238},{"id":113792,"n":"Assiette bio 15mois Bio Village Legumes volaille basquaise 250g","p":1.79,"u":"7,16 €/KG","img":"https://fd13-photos.leclercdrive.fr/image.ashx?id=2900244&use=l&cat=p&typeid=i","cat":312238},{"id":113794,"n":"Assiette bio Bio Village Tomate aubergine 18 mois 260g","p":1.85,"u":"7,12 €/KG","img":"https://fd13-photos.leclercdrive.fr/image.ashx?id=2900247&use=l&cat=p&typeid=i","cat":312238},{"id":113806,"n":"Omelette norvégienne L'Angelys Vanille - 360g","p":11.99,"u":"33,31 €/KG","img":"https://fd13-photos.leclercdrive.fr/image.ashx?id=2921987&use=l&cat=p&typeid=i","cat":284266},{"id":113808,"n":"Crème dessert La Laitière Pot de crème vanille - 4x100g","p":2.28,"u":"5,70 €/KG","img":"https://fd13-photos.leclercdrive.fr/image.ashx?id=2875969&use=l&cat=p&typeid=i","cat":285041},{"id":113811,"n":"Crème dessert La Laitière Pot de crème chocolat - 4x100g","p":2.23,"u":"5,58 €/KG","img":"https://fd13-photos.leclercdrive.fr/image.ashx?id=2875966&use=l&cat=p&typeid=i","cat":285041},{"id":113813,"n":"Crème dessert La Laitière Pot de crème café - 4x100g","p":2.39,"u":"5,98 €/KG","img":"https://fd13-photos.leclercdrive.fr/image.ashx?id=2875963&use=l&cat=p&typeid=i","cat":285041},{"id":113851,"n":"100% pur Jus bio Bio Village Petit-déjeuner  - 1L","p":2.87,"u":"2,87 €/L","img":"https://fd13-photos.leclercdrive.fr/image.ashx?id=2901566&use=l&cat=p&typeid=i","cat":284521},{"id":113854,"n":"Panaché Millbrau <0.5%vol - 10x25cl","p":2.45,"u":"0,98 €/L","img":"https://fd13-photos.leclercdrive.fr/image.ashx?id=2059071&use=l&cat=p&typeid=i","cat":334877},{"id":113858,"n":"Yaourt à la grecque YAOS Nature - 8x125g","p":3.34,"u":"3,34 €/KG","img":"https://fd13-photos.leclercdrive.fr/image.ashx?id=2418462&use=l&cat=p&typeid=i","cat":314999},{"id":113969,"n":"Thon Albacore Le Savoureux Entier à l'Huile d'Olive - 80g","p":1.64,"u":"20,50 €/KG","img":"https://fd13-photos.leclercdrive.fr/image.ashx?id=2167919&use=l&cat=p&typeid=i","cat":303867},{"id":113971,"n":"Huile d'Olive Puget 25cl","p":3.39,"u":"13,56 €/L","img":"https://fd13-photos.leclercdrive.fr/image.ashx?id=2343297&use=l&cat=p&typeid=i","cat":284453},{"id":113973,"n":"Biscuits Baiocchi Mulino Bianco Chocolat noisette - 260g","p":2.5,"u":"9,62 €/KG","img":"https://fd13-photos.leclercdrive.fr/image.ashx?id=2787968&use=l&cat=p&typeid=i","cat":284488},{"id":113980,"n":"Café dosettes Tassimo Grand-mère - Expresso x16","p":4.28,"u":"41,15 €/KG","img":"https://fd13-photos.leclercdrive.fr/image.ashx?id=1749617&use=l&cat=p&typeid=i","cat":293240},{"id":113998,"n":"Girasoli Lustucru Selection  Ricotta Epinard - 250g","p":2.58,"u":"10,32 €/KG","img":"https://fd13-photos.leclercdrive.fr/image.ashx?id=2974351&use=l&cat=p&typeid=i","cat":333682},{"id":114017,"n":"Bière blonde Heineken 5%vol - 12x33cl","p":9.53,"u":"2,41 €/L","img":"https://fd13-photos.leclercdrive.fr/image.ashx?id=3008125&use=l&cat=p&typeid=i","cat":334853},{"id":114018,"n":"Bière blonde Heineken 5%vol - Boite 4x50cl","p":4.66,"u":"2,33 €/L","img":"https://fd13-photos.leclercdrive.fr/image.ashx?id=3008122&use=l&cat=p&typeid=i","cat":334853},{"id":114020,"n":"Bière aromatisée  Desperados 5.9%vol - Boite 50cl","p":1.74,"u":"3,48 €/L","img":"https://fd13-photos.leclercdrive.fr/image.ashx?id=2977303&use=l&cat=p&typeid=i","cat":334853},{"id":114023,"n":"Thon au naturel Petit Navire Démarche Responsable - 280g","p":4.54,"u":"16,21 €/KG","img":"https://fd13-photos.leclercdrive.fr/image.ashx?id=2909974&use=l&cat=p&typeid=i","cat":303867},{"id":114092,"n":"Brosse à dents bambou Dentamyl Médium - 1 pièce","p":1.95,"img":"https://fd13-photos.leclercdrive.fr/image.ashx?id=2783495&use=l&cat=p&typeid=i","cat":284614},{"id":114093,"n":"Brosse à dents bambou Dentamyl Souple - 1 pièce","p":1.95,"img":"https://fd13-photos.leclercdrive.fr/image.ashx?id=2790997&use=l&cat=p&typeid=i","cat":284614},{"id":114094,"n":"Shampooing douche Petit Manava Pêche abricot - 500ml","p":2.19,"u":"4,38 €/L","img":"https://fd13-photos.leclercdrive.fr/image.ashx?id=2410636&use=l&cat=p&typeid=i","cat":284606},{"id":114095,"n":"Mouchoirs blancs 3 plis Caresse Boîte - x150","p":1.65,"u":"0,01 €/P","img":"https://fd13-photos.leclercdrive.fr/image.ashx?id=2779298&use=l&cat=p&typeid=i","cat":284638},{"id":114096,"n":"Culotte Chorys Taille XL - x10","p":10.31,"u":"1,03 €/P","img":"https://fd13-photos.leclercdrive.fr/image.ashx?id=2623016&use=l&cat=p&typeid=i","cat":284628},{"id":114098,"n":"Lingettes Pampers Freshclean - 3x52","p":6.81,"u":"0,04 €/P","img":"https://fd13-photos.leclercdrive.fr/image.ashx?id=2964066&use=l&cat=p&typeid=i","cat":284738},{"id":114101,"n":"Culottes Mots d'enfants T4 : 8/15kg - x42","p":9.75,"u":"0,23 €/P","img":"https://fd13-photos.leclercdrive.fr/image.ashx?id=2907234&use=l&cat=p&typeid=i","cat":290633},{"id":114102,"n":"Change culottes Mots d'enfants T5 : 12/18kg - x40","p":9.75,"u":"0,24 €/P","img":"https://fd13-photos.leclercdrive.fr/image.ashx?id=2907237&use=l&cat=p&typeid=i","cat":290633},{"id":114103,"n":"Change culottes Mots d'enfants T6 : +16kg - x36","p":9.75,"u":"0,27 €/P","img":"https://fd13-photos.leclercdrive.fr/image.ashx?id=2907240&use=l&cat=p&typeid=i","cat":290633},{"id":114135,"n":"Oeufs Bio C'est Qui Le Patron x6","p":3.05,"u":"0,51 €/P","img":"https://fd13-photos.leclercdrive.fr/image.ashx?id=2580041&use=l&cat=p&typeid=i","cat":284378},{"id":114156,"n":"Huile vierge coco Jardin Bio  Bio - 460g","p":7.08,"u":"15,39 €/KG","img":"https://fd13-photos.leclercdrive.fr/image.ashx?id=2790036&use=l&cat=p&typeid=i","cat":284453},{"id":114170,"n":"Père Noël Milka Noisettes - 95g","p":3.16,"u":"33,26 €/KG","img":"https://fd13-photos.leclercdrive.fr/image.ashx?id=2881503&use=l&cat=p&typeid=i","cat":327592},{"id":114187,"n":"Barres amandes Toblerone 360g","p":7.5,"u":"20,83 €/KG","img":"https://fd13-photos.leclercdrive.fr/image.ashx?id=2912650&use=l&cat=p&typeid=i","cat":327595},{"id":114190,"n":"Chocolat Mon Chéri cerise Etui Noël - 262g","p":9.19,"u":"35,08 €/KG","img":"https://fd13-photos.leclercdrive.fr/image.ashx?id=2940501&use=l&cat=p&typeid=i","cat":327601},{"id":114238,"n":"Yaourt gourde Délisse Vanille/framboise - 6x90g","p":2.97,"u":"33,00 €/KG","img":"https://fd13-photos.leclercdrive.fr/image.ashx?id=2705089&use=l&cat=p&typeid=i","cat":284415},{"id":114242,"n":"Taboulé Oriental Pierre Martinet - 510g","p":2.18,"u":"4,27 €/KG","img":"https://fd13-photos.leclercdrive.fr/image.ashx?id=2684491&use=l&cat=p&typeid=i","cat":333657},{"id":114245,"n":"Fromage Beaufort NRT AOP  200g","p":4.99,"u":"24,95 €/KG","img":"https://fd13-photos.leclercdrive.fr/image.ashx?id=2271969&use=l&cat=p&typeid=i","cat":329184},{"id":114337,"n":"AOP Muscadet Sèvres et Maine Domaine Salmon - 75cl","p":5.45,"u":"7,27 €/L","img":"https://fd13-photos.leclercdrive.fr/image.ashx?id=2689010&use=l&cat=p&typeid=i","cat":289557},{"id":114400,"n":"Thon entier MSC Pêche Océan A l'huile - 104g","p":1.73,"u":"16,63 €/KG","img":"https://fd13-photos.leclercdrive.fr/image.ashx?id=2942208&use=l&cat=p&typeid=i","cat":303867},{"id":114406,"n":"Taboulé Pierre Martinet Oriental à l'huile d'olive 310g","p":1.45,"u":"4,68 €/KG","img":"https://fd13-photos.leclercdrive.fr/image.ashx?id=2432241&use=l&cat=p&typeid=i","cat":333657},{"id":114411,"n":"Dès de cheddar  Les Croisés 150g","p":2.19,"u":"14,60 €/KG","img":"https://fd13-photos.leclercdrive.fr/image.ashx?id=2422553&use=l&cat=p&typeid=i","cat":314027},{"id":114522,"n":"Bière blonde Leffe Triple 8,5% - 12x25cl","p":10.04,"u":"3,35 €/L","img":"https://fd13-photos.leclercdrive.fr/image.ashx?id=2548294&use=l&cat=p&typeid=i","cat":334852},{"id":114570,"n":"Traîneau chocolat oeuf Kinder Bleu - 75g","p":3.49,"u":"46,53 €/KG","img":"https://fd13-photos.leclercdrive.fr/image.ashx?id=2417549&use=l&cat=p&typeid=i","cat":327592},{"id":114652,"n":"Mouchoirs blanc 2 plis Caresse Boîte mouchoirs papier - x180","p":1.69,"u":"0,01 €/P","img":"https://fd13-photos.leclercdrive.fr/image.ashx?id=2752640&use=l&cat=p&typeid=i","cat":284638},{"id":114654,"n":"Allumettes Silex 10cm - x70","p":1.26,"u":"0,02 €/P","img":"https://fd13-photos.leclercdrive.fr/image.ashx?id=2595942&use=l&cat=p&typeid=i","cat":300578},{"id":114784,"n":"Comté fromage bloc Les Croisés 350g","p":4.75,"u":"13,57 €/KG","img":"https://fd13-photos.leclercdrive.fr/image.ashx?id=1749677&use=l&cat=p&typeid=i","cat":314034},{"id":114805,"n":"Coeur Coulant Bonne Maman Chocolat - 2x80g","p":2.88,"u":"18,00 €/KG","img":"https://fd13-photos.leclercdrive.fr/image.ashx?id=2912326&use=l&cat=p&typeid=i","cat":284419},{"id":114807,"n":"Dessert Fruitier Andros Poire Williams morceaux 4x100g","p":2.66,"u":"6,65 €/KG","img":"https://fd13-photos.leclercdrive.fr/image.ashx?id=2908198&use=l&cat=p&typeid=i","cat":284416},{"id":114865,"n":"Père Noel Smarties Orange - 85g","p":2.89,"u":"34,00 €/KG","img":"https://fd13-photos.leclercdrive.fr/image.ashx?id=1985742&use=l&cat=p&typeid=i","cat":284958},{"id":114901,"n":"Plat bébé Blédina 12 mois  Artichaut dinde - 2x200g","p":2.59,"u":"6,48 €/KG","img":"https://fd13-photos.leclercdrive.fr/image.ashx?id=2975089&use=l&cat=p&typeid=i","cat":312237},{"id":114956,"n":"Skyr Myrtille Délisse 450g","p":2.78,"u":"6,18 €/KG","img":"https://fd13-photos.leclercdrive.fr/image.ashx?id=2992552&use=l&cat=p&typeid=i","cat":315000},{"id":115011,"n":"Lingettes bébé Mots d'enfants à l'eau - x60","p":1.66,"u":"0,03 €/P","img":"https://fd13-photos.leclercdrive.fr/image.ashx?id=3014293&use=l&cat=p&typeid=i","cat":284738},{"id":115016,"n":"Protège slip Chorys Ultra mini discret - x28","p":1.57,"u":"0,06 €/P","img":"https://fd13-photos.leclercdrive.fr/image.ashx?id=2003029&use=l&cat=p&typeid=i","cat":284625},{"id":115017,"n":"Protège slip Chorys Ultra mini long - x24","p":1.7,"u":"0,07 €/P","img":"https://fd13-photos.leclercdrive.fr/image.ashx?id=1962795&use=l&cat=p&typeid=i","cat":284628},{"id":115072,"n":"Girasoli Lustucru Selection  Cèpes Ricotta - 250g","p":2.69,"u":"10,76 €/KG","img":"https://fd13-photos.leclercdrive.fr/image.ashx?id=2974599&use=l&cat=p&typeid=i","cat":333682},{"id":115093,"n":"Mozzarella vache Casa Azzurra Râpée - 150g","p":2.44,"u":"16,27 €/KG","img":"https://fd13-photos.leclercdrive.fr/image.ashx?id=1757239&use=l&cat=p&typeid=i","cat":314035},{"id":115094,"n":"Emmental Rapé Français Entremont - 500g","p":5.48,"u":"10,96 €/KG","img":"https://fd13-photos.leclercdrive.fr/image.ashx?id=2983159&use=l&cat=p&typeid=i","cat":314035},{"id":115113,"n":"Tirlibibi Haribo Boîte bonbons - 750g","p":4.52,"u":"6,03 €/KG","img":"https://fd13-photos.leclercdrive.fr/image.ashx?id=2806922&use=l&cat=p&typeid=i","cat":304250},{"id":115114,"n":"Polka Haribo Sachet bonbons - 300g","p":1.38,"u":"4,60 €/KG","img":"https://fd13-photos.leclercdrive.fr/image.ashx?id=2982414&use=l&cat=p&typeid=i","cat":304250},{"id":115115,"n":"Les Schtroumpfs Haribo Sachet bonbons - 300g","p":1.4,"u":"4,67 €/KG","img":"https://fd13-photos.leclercdrive.fr/image.ashx?id=2788475&use=l&cat=p&typeid=i","cat":304250},{"id":115116,"n":"Chamallows Haribo Guimauves   - 300g","p":1.48,"u":"4,93 €/KG","img":"https://fd13-photos.leclercdrive.fr/image.ashx?id=2984937&use=l&cat=p&typeid=i","cat":304250},{"id":115122,"n":"Spaghetti Lustucru 3mn - 500g","p":1.29,"u":"2,58 €/KG","img":"https://fd13-photos.leclercdrive.fr/image.ashx?id=2103832&use=l&cat=p&typeid=i","cat":284427},{"id":115124,"n":"Terrine chien Bio Poulet légume - 300g","p":1.62,"u":"5,40 €/KG","img":"https://fd13-photos.leclercdrive.fr/image.ashx?id=2333808&use=l&cat=p&typeid=i","cat":284673},{"id":115128,"n":"Pain de mie Epi d'Or Grandes tranches nature - 550g","p":1.31,"u":"2,38 €/KG","img":"https://fd13-photos.leclercdrive.fr/image.ashx?id=2860775&use=l&cat=p&typeid=i","cat":284477},{"id":115156,"n":"Stick lèvres Bio Naïa Bio - 1 pièce","p":1.85,"img":"https://fd13-photos.leclercdrive.fr/image.ashx?id=2518837&use=l&cat=p&typeid=i","cat":285485},{"id":115163,"n":"Infusion Twinings Ayurveda gingembre miel et citron x20","p":3.04,"u":"95,00 €/KG","img":"https://fd13-photos.leclercdrive.fr/image.ashx?id=2893036&use=l&cat=p&typeid=i","cat":293234},{"id":115251,"n":"Déodorant compressé Ushuaïa Vanille - 100ml","p":3.04,"u":"30,40 €/L","img":"https://fd13-photos.leclercdrive.fr/image.ashx?id=2555715&use=l&cat=p&typeid=i","cat":284595},{"id":115252,"n":"Soin yeux La Provençale Bio  Anti-Âge Hydratant - 15ml","p":8.73,"u":"582,00 €/L","img":"https://fd13-photos.leclercdrive.fr/image.ashx?id=3014560&use=l&cat=p&typeid=i","cat":325345},{"id":115278,"n":"Gressins traditionnels Artesani 300g","p":2.23,"u":"7,43 €/KG","img":"https://fd13-photos.leclercdrive.fr/image.ashx?id=2475852&use=l&cat=p&typeid=i","cat":289010},{"id":115280,"n":"Gressins Florelli Au Sésame Artesani - 300g","p":2.28,"u":"7,60 €/KG","img":"https://fd13-photos.leclercdrive.fr/image.ashx?id=2475858&use=l&cat=p&typeid=i","cat":289010},{"id":115320,"n":"Capsules café Plantation Equilibré n°6 - x10 - 52g","p":2.19,"u":"42,12 €/KG","img":"https://fd13-photos.leclercdrive.fr/image.ashx?id=2891785&use=l&cat=p&typeid=i","cat":284749},{"id":115321,"n":"Capsules café Plantation Intense n°10 - x10 - 52g","p":2.19,"u":"42,12 €/KG","img":"https://fd13-photos.leclercdrive.fr/image.ashx?id=2418104&use=l&cat=p&typeid=i","cat":284749},{"id":115323,"n":"Capsules café Plantation Subtil n°5 - x10 - 52g","p":2.25,"u":"43,27 €/KG","img":"https://fd13-photos.leclercdrive.fr/image.ashx?id=2418107&use=l&cat=p&typeid=i","cat":284749},{"id":115324,"n":"Capsules café Plantation Décaféiné n°5 -  x10 - 52g","p":2.39,"u":"45,96 €/KG","img":"https://fd13-photos.leclercdrive.fr/image.ashx?id=2441423&use=l&cat=p&typeid=i","cat":284749},{"id":115326,"n":"Capsules café Plantation Lungo Délicat n°4 - x10 - 52g","p":2.35,"u":"45,19 €/KG","img":"https://fd13-photos.leclercdrive.fr/image.ashx?id=2418113&use=l&cat=p&typeid=i","cat":284749},{"id":115328,"n":"Capsules café Plantation  Ristretto n°12 - x10 - 52g","p":2.24,"u":"43,08 €/KG","img":"https://fd13-photos.leclercdrive.fr/image.ashx?id=2418116&use=l&cat=p&typeid=i","cat":284749},{"id":115332,"n":"Capsules café Plantation Brésil n°7 - x10 - 52g","p":2.39,"u":"45,96 €/KG","img":"https://fd13-photos.leclercdrive.fr/image.ashx?id=2929879&use=l&cat=p&typeid=i","cat":284749},{"id":115345,"n":"Capsules café Plantation Café vanille n°6 - x10 - 52g","p":2.39,"u":"45,96 €/KG","img":"https://fd13-photos.leclercdrive.fr/image.ashx?id=2918475&use=l&cat=p&typeid=i","cat":284749},{"id":115348,"n":"Capsules café Plantation Noisette n°7 - x10 - 52g","p":2.39,"u":"45,96 €/KG","img":"https://fd13-photos.leclercdrive.fr/image.ashx?id=2908858&use=l&cat=p&typeid=i","cat":284749},{"id":115349,"n":"Capsules café Plantation Intense n°10 - x30 - 156g","p":5.19,"u":"33,27 €/KG","img":"https://fd13-photos.leclercdrive.fr/image.ashx?id=2865095&use=l&cat=p&typeid=i","cat":284749},{"id":115350,"n":"Capsules café Plantation Equilibré N°6 - x30 - 156g","p":5.19,"u":"33,27 €/KG","img":"https://fd13-photos.leclercdrive.fr/image.ashx?id=2852249&use=l&cat=p&typeid=i","cat":284749},{"id":115351,"n":"Capsules café Plantation Espresso Forte n°8 - x10 - 52g","p":2.35,"u":"45,19 €/KG","img":"https://fd13-photos.leclercdrive.fr/image.ashx?id=2918478&use=l&cat=p&typeid=i","cat":284749},{"id":115354,"n":"Morilles Borde bocal 150g","p":14.99,"pp":9.89,"u":"65,93 €/KG","img":"https://fd13-photos.leclercdrive.fr/image.ashx?id=2731093&use=l&cat=p&typeid=i","cat":312610},{"id":115357,"n":"Tablette De Chocolat A Patisser Pralinoise Praline - 180g","p":2.98,"u":"16,56 €/KG","img":"https://fd13-photos.leclercdrive.fr/image.ashx?id=2890265&use=l&cat=p&typeid=i","cat":285562},{"id":115359,"n":"Pancakes Nature Epi d'Or x18 - 360g","p":1.69,"u":"4,69 €/KG","img":"https://fd13-photos.leclercdrive.fr/image.ashx?id=2860763&use=l&cat=p&typeid=i","cat":284495},{"id":115363,"n":"Lait bébé en poudre Blédilait 1er âge 0-6 mois 900g","p":14.53,"u":"16,14 €/KG","img":"https://fd13-photos.leclercdrive.fr/image.ashx?id=2855052&use=l&cat=p&typeid=i","cat":284726},{"id":115364,"n":"Lait bébé en poudre Blédilait 2e âge 6-12 mois 900g","p":13.31,"u":"14,79 €/KG","img":"https://fd13-photos.leclercdrive.fr/image.ashx?id=2616853&use=l&cat=p&typeid=i","cat":284727},{"id":115377,"n":"Cornichons Rustica Verre décoré - 100g","p":1.86,"u":"18,60 €/KG","img":"https://fd13-photos.leclercdrive.fr/image.ashx?id=3004648&use=l&cat=p&typeid=i","cat":284458},{"id":115455,"n":"Bougies d'anniversaire Vahiné Bleues - blister de 16 bougies","p":1.45,"u":"0,09 €/P","img":"https://fd13-photos.leclercdrive.fr/image.ashx?id=1584569&use=l&cat=p&typeid=i","cat":284504},{"id":115463,"n":"Litière chats Tranquille Carbonite - 7.1kg","p":6.04,"u":"0,85 €/KG","img":"https://fd13-photos.leclercdrive.fr/image.ashx?id=2421871&use=l&cat=p&typeid=i","cat":284683},{"id":115488,"n":"Bière blonde 1664 5,5° - 12x25cl","p":7.53,"u":"2,51 €/L","img":"https://fd13-photos.leclercdrive.fr/image.ashx?id=2215566&use=l&cat=p&typeid=i","cat":334873},{"id":115492,"n":"Bière blonde 1664 5,5° - 6x25cl","p":4.13,"u":"2,75 €/L","img":"https://fd13-photos.leclercdrive.fr/image.ashx?id=2215572&use=l&cat=p&typeid=i","cat":334873},{"id":115502,"n":"Persil et Ail Rustica 75g","p":1.99,"u":"26,53 €/KG","img":"https://fd13-photos.leclercdrive.fr/image.ashx?id=2365493&use=l&cat=p&typeid=i","cat":319804},{"id":115505,"n":"Fromage Fourme d'Ambert NRT  AOP - 250g","p":3.23,"u":"12,92 €/KG","img":"https://fd13-photos.leclercdrive.fr/image.ashx?id=2459397&use=l&cat=p&typeid=i","cat":314032},{"id":115526,"n":"Serviette incontinence Chorys Maxi nuit - x12","p":3.99,"u":"0,33 €/P","img":"https://fd13-photos.leclercdrive.fr/image.ashx?id=2586028&use=l&cat=p&typeid=i","cat":284628},{"id":115528,"n":"Alcool 90° Primoplast 100ml","p":2.19,"u":"21,90 €/L","img":"https://fd13-photos.leclercdrive.fr/image.ashx?id=1761546&use=l&cat=p&typeid=i","cat":284630},{"id":115529,"n":"Bloc WC Uni Vert Ball - 55g","p":1.99,"u":"36,18 €/KG","img":"https://fd13-photos.leclercdrive.fr/image.ashx?id=2568801&use=l&cat=p&typeid=i","cat":284662},{"id":115771,"n":"Lait bébé en poudre Gallia Calisma 2e âge 6-12mois 2x600g","p":19.48,"u":"16,23 €/KG","img":"https://fd13-photos.leclercdrive.fr/image.ashx?id=2935750&use=l&cat=p&typeid=i","cat":284727},{"id":115772,"n":"Pâte à tartiner Bio Village Aux noisette bio - 600g","p":4.16,"u":"6,93 €/KG","img":"https://fd13-photos.leclercdrive.fr/image.ashx?id=2977201&use=l&cat=p&typeid=i","cat":284481},{"id":115773,"n":"Lait bébé en poudre Gallia Calisma 1er âge 0-6 mois 2x600g","p":23.42,"u":"19,52 €/KG","img":"https://fd13-photos.leclercdrive.fr/image.ashx?id=2953755&use=l&cat=p&typeid=i","cat":284726},{"id":115781,"n":"AOC Gigondas vin rouge Rives & Terrasses - 75cl","p":12.49,"u":"16,65 €/L","img":"https://fd13-photos.leclercdrive.fr/image.ashx?id=2750168&use=l&cat=p&typeid=i","cat":289556},{"id":115787,"n":"AOC Coteaux d'Aix-en-Provence vin rosé Terres Ocrées - 75cl","p":4.49,"u":"5,99 €/L","img":"https://fd13-photos.leclercdrive.fr/image.ashx?id=2900172&use=l&cat=p&typeid=i","cat":289558},{"id":115821,"n":"Confiture mirabelle Bonne Maman Intense - 335g","p":2.38,"u":"7,10 €/KG","img":"https://fd13-photos.leclercdrive.fr/image.ashx?id=2341026&use=l&cat=p&typeid=i","cat":284480},{"id":115850,"n":"Compote Charles & Alice Pommes Passion - 4x97g","p":1.66,"u":"4,28 €/KG","img":"https://fd13-photos.leclercdrive.fr/image.ashx?id=2757692&use=l&cat=p&typeid=i","cat":284416},{"id":115874,"n":"Dessert fruitier pomme pêche Andros x4","p":1.33,"u":"3,33 €/KG","img":"https://fd13-photos.leclercdrive.fr/image.ashx?id=2968100&use=l&cat=p&typeid=i","cat":284416},{"id":115905,"n":"Yaourt brassé Perle de Lait Coco - 8x125g","p":3.34,"u":"3,34 €/KG","img":"https://fd13-photos.leclercdrive.fr/image.ashx?id=2989204&use=l&cat=p&typeid=i","cat":314999},{"id":115906,"n":"Yaourt aromatisé Perle de Lait sur Lit de Framboise - 4x125g","p":2.32,"u":"5,04 €/P","img":"https://fd13-photos.leclercdrive.fr/image.ashx?id=2989207&use=l&cat=p&typeid=i","cat":314999},{"id":115958,"n":"Poelée de cèpes Magda Au beurre persillé - 300g","p":3.98,"pp":2.63,"u":"8,77 €/KG","img":"https://fd13-photos.leclercdrive.fr/image.ashx?id=2790015&use=l&cat=p&typeid=i","cat":319823},{"id":115963,"n":"Foie gras Delpeyrat Canard entier Sud ouest - 270g","p":39.9,"u":"147,78 €/KG","img":"https://fd13-photos.leclercdrive.fr/image.ashx?id=2906088&use=l&cat=p&typeid=i","cat":316008},{"id":115970,"n":"Girolles à la crème Magda 300g","p":3.98,"pp":2.63,"u":"8,77 €/KG","img":"https://fd13-photos.leclercdrive.fr/image.ashx?id=2411117&use=l&cat=p&typeid=i","cat":319805},{"id":115986,"n":"Pain surprise de campagne Côté Table x32 - 460g","p":8.5,"u":"18,48 €/KG","img":"https://fd13-photos.leclercdrive.fr/image.ashx?id=2776466&use=l&cat=p&typeid=i","cat":319774},{"id":115989,"n":"Pain Surprise Suédois  x32 - 360g","p":7.77,"u":"21,58 €/KG","img":"https://fd13-photos.leclercdrive.fr/image.ashx?id=2598710&use=l&cat=p&typeid=i","cat":319774},{"id":115991,"n":"Squidgies Haribo Sachet bonbons - 200g","p":1.79,"u":"8,95 €/KG","img":"https://fd13-photos.leclercdrive.fr/image.ashx?id=2984934&use=l&cat=p&typeid=i","cat":304250},{"id":116002,"n":"Porto Cruz Blanc - 18%vol - 75cl","p":7.68,"u":"10,24 €/L","img":"https://fd13-photos.leclercdrive.fr/image.ashx?id=2535822&use=l&cat=p&typeid=i","cat":284913},{"id":116010,"n":"Biscotte Pasquier Blé sans sucre ajoutés - 300g","p":1.93,"u":"6,43 €/KG","img":"https://fd13-photos.leclercdrive.fr/image.ashx?id=2507952&use=l&cat=p&typeid=i","cat":284479},{"id":116011,"n":"Biscotte Pasquier Froment sans sucre - 300g","p":1.93,"u":"6,43 €/KG","img":"https://fd13-photos.leclercdrive.fr/image.ashx?id=2507955&use=l&cat=p&typeid=i","cat":284479},{"id":116096,"n":"Shampooing douche Petit Manava Fraise cerise - 250ml","p":1.35,"u":"5,40 €/L","img":"https://fd13-photos.leclercdrive.fr/image.ashx?id=1763207&use=l&cat=p&typeid=i","cat":284606},{"id":116114,"n":"Shampooing douche Petit Manava Pêche banane - 250ml","p":1.35,"u":"5,40 €/L","img":"https://fd13-photos.leclercdrive.fr/image.ashx?id=2440458&use=l&cat=p&typeid=i","cat":284606},{"id":116166,"n":"Adoucissant concentré Hyperdou Rosée du matin x60 - 1.5L","p":3.95,"u":"2,63 €/L","img":"https://fd13-photos.leclercdrive.fr/image.ashx?id=2602916&use=l&cat=p&typeid=i","cat":284650},{"id":116167,"n":"Adoucissant concentré Hyperdou Rêve merveille x60 - 1.5L","p":3.95,"u":"2,63 €/L","img":"https://fd13-photos.leclercdrive.fr/image.ashx?id=2602925&use=l&cat=p&typeid=i","cat":284650},{"id":116168,"n":"Adoucissant concentré Hyperdou Fraîcheur fleurie x60 - 1.5L","p":3.95,"u":"2,63 €/L","img":"https://fd13-photos.leclercdrive.fr/image.ashx?id=2602931&use=l&cat=p&typeid=i","cat":284650},{"id":116172,"n":"Lingettes bio Bionaïa Démaquillantes - x25","p":1.04,"u":"0,04 €/P","img":"https://fd13-photos.leclercdrive.fr/image.ashx?id=2515500&use=l&cat=p&typeid=i","cat":284603},{"id":116179,"n":"Crème visage hydratante Mixa Peaux Sensibles bio - 100ml","p":5.24,"u":"52,40 €/L","img":"https://fd13-photos.leclercdrive.fr/image.ashx?id=2423208&use=l&cat=p&typeid=i","cat":325345},{"id":116199,"n":"Vin blanc pétillant Roche Mazet Brut Chardonnay - 75cl","p":4.5,"pp":2.9,"u":"3,87 €/L","img":"https://fd13-photos.leclercdrive.fr/image.ashx?id=2475615&use=l&cat=p&typeid=i","cat":284544},{"id":116221,"n":"Crème de jour L'Oréal Paris  Revitalift Anti-âge - 50ml","p":13.59,"u":"271,80 €/L","img":"https://fd13-photos.leclercdrive.fr/image.ashx?id=2926581&use=l&cat=p&typeid=i","cat":325345},{"id":116224,"n":"Porto Tawny Cruz 18%vol - 75cl","p":7.39,"u":"9,85 €/L","img":"https://fd13-photos.leclercdrive.fr/image.ashx?id=2536373&use=l&cat=p&typeid=i","cat":284913},{"id":116240,"n":"Lait bébé liquide Blédilait croissance 1-3 ans 6x1L","p":12.59,"u":"2,10 €/L","img":"https://fd13-photos.leclercdrive.fr/image.ashx?id=2685799&use=l&cat=p&typeid=i","cat":284728},{"id":116250,"n":"LLait bébé en poudre Gallia Calisma 1er âge  0-6 mois 700g","p":18.6,"u":"26,57 €/KG","img":"https://fd13-photos.leclercdrive.fr/image.ashx?id=2479718&use=l&cat=p&typeid=i","cat":284726},{"id":116254,"n":"Lait bébé en poudre Calisma Bio Gallia croissance 10 mois 800g","p":15.91,"u":"19,89 €/KG","img":"https://fd13-photos.leclercdrive.fr/image.ashx?id=2760325&use=l&cat=p&typeid=i","cat":290219},{"id":116284,"n":"Tablette de chocolat Côte d'Or Lait coeur coulant caramel 200g","p":3.81,"u":"19,05 €/KG","img":"https://fd13-photos.leclercdrive.fr/image.ashx?id=1925405&use=l&cat=p&typeid=i","cat":284497},{"id":116321,"n":"Soupe liquide Liebig tomates  Et vermicelles - Brique 1L","p":2.12,"u":"2,12 €/L","img":"https://fd13-photos.leclercdrive.fr/image.ashx?id=2941481&use=l&cat=p&typeid=i","cat":284462},{"id":116339,"n":"Test de grossesse Mercurochrome 1 pièce","p":4.46,"img":"https://fd13-photos.leclercdrive.fr/image.ashx?id=2806958&use=l&cat=p&typeid=i","cat":324482},{"id":116387,"n":"Pâte à tartiner Poulain  Cacao noisette - 400g","p":2.96,"u":"7,40 €/KG","img":"https://fd13-photos.leclercdrive.fr/image.ashx?id=2806354&use=l&cat=p&typeid=i","cat":284481},{"id":116432,"n":"Parmentier de saumon Fleury Michon - 300g","p":3.05,"u":"10,17 €/KG","img":"https://fd13-photos.leclercdrive.fr/image.ashx?id=2662349&use=l&cat=p&typeid=i","cat":333665},{"id":116436,"n":"Rougail saucisses Fleury Michon riz créole - 300g","p":3.49,"u":"11,63 €/KG","img":"https://fd13-photos.leclercdrive.fr/image.ashx?id=2680152&use=l&cat=p&typeid=i","cat":333665},{"id":116557,"n":"Mouche bébé Prohinel  x2 embouts jetables","p":5.96,"img":"https://fd13-photos.leclercdrive.fr/image.ashx?id=2918817&use=l&cat=p&typeid=i","cat":289435},{"id":116583,"n":"Pâte a tartiner Bio Village Aux noisettes bio - 350g","p":2.45,"u":"7,00 €/KG","img":"https://fd13-photos.leclercdrive.fr/image.ashx?id=2977198&use=l&cat=p&typeid=i","cat":284481},{"id":116584,"n":"Confiture extra bio Bio Village Framboises - 370g","p":2.79,"u":"7,54 €/KG","img":"https://fd13-photos.leclercdrive.fr/image.ashx?id=2965635&use=l&cat=p&typeid=i","cat":284480},{"id":116610,"n":"Pains au lait bio Pasquier x8 - 280g","p":1.95,"u":"6,96 €/KG","img":"https://fd13-photos.leclercdrive.fr/image.ashx?id=2858210&use=l&cat=p&typeid=i","cat":293505},{"id":116958,"n":"Chorizo Espagnol Merle 16 tranches - 80g","p":1.29,"u":"16,13 €/KG","img":"https://fd13-photos.leclercdrive.fr/image.ashx?id=2913259&use=l&cat=p&typeid=i","cat":316007},{"id":116967,"n":"Carottes filière  Panier du Primeur - 1kg","p":1.49,"u":"1,49 €/KG","img":"https://fd13-photos.leclercdrive.fr/image.ashx?id=2920229&use=l&cat=p&typeid=i","cat":284352},{"id":116985,"n":"Parmesan Râpé Giovanni Ferrari  22 mois AOP - 60g","p":1.81,"u":"30,17 €/KG","img":"https://fd13-photos.leclercdrive.fr/image.ashx?id=3002297&use=l&cat=p&typeid=i","cat":314035},{"id":117132,"n":"Bouillon kub légumes Maggi -25% sel - 120g","p":1.54,"u":"12,83 €/KG","img":"https://fd13-photos.leclercdrive.fr/image.ashx?id=2758443&use=l&cat=p&typeid=i","cat":288379},{"id":117225,"n":"Sirop Moulin de Valdonne Grenadine - 70cl","p":3.05,"u":"4,36 €/L","img":"https://fd13-photos.leclercdrive.fr/image.ashx?id=2170610&use=l&cat=p&typeid=i","cat":295020},{"id":117235,"n":"Sirop Moulin de Valdonne Pêche abricot - 70cl","p":3.46,"u":"4,94 €/L","img":"https://fd13-photos.leclercdrive.fr/image.ashx?id=2170613&use=l&cat=p&typeid=i","cat":295020},{"id":117242,"n":"Biscuit coco pavot GERBLE BIO  Bio - 4x3, 132g","p":2.0,"u":"15,15 €/KG","img":"https://fd13-photos.leclercdrive.fr/image.ashx?id=2664052&use=l&cat=p&typeid=i","cat":284487},{"id":117244,"n":"Biscuit 3 graines Gerblé Bio  - 132g","p":2.0,"u":"15,15 €/KG","img":"https://fd13-photos.leclercdrive.fr/image.ashx?id=2664055&use=l&cat=p&typeid=i","cat":318651},{"id":117246,"n":"Biscuits Gerblé Bio Citron gingembre - 132g","p":2.01,"u":"15,23 €/KG","img":"https://fd13-photos.leclercdrive.fr/image.ashx?id=2662871&use=l&cat=p&typeid=i","cat":318651},{"id":117248,"n":"Biscuits Gerblé Bio Amande cranberry - 132g","p":1.89,"u":"14,32 €/KG","img":"https://fd13-photos.leclercdrive.fr/image.ashx?id=2662868&use=l&cat=p&typeid=i","cat":318651},{"id":117252,"n":"Mouliné Régal Soupe Légumes d'autrefois - 1L","p":1.65,"u":"1,65 €/L","img":"https://fd13-photos.leclercdrive.fr/image.ashx?id=2607590&use=l&cat=p&typeid=i","cat":284462},{"id":117297,"n":"Haricots verts Notre Jardin Sans sel ajouté - 225g","p":0.88,"u":"3,91 €/KG","img":"https://fd13-photos.leclercdrive.fr/image.ashx?id=3002644&use=l&cat=p&typeid=i","cat":312606},{"id":117330,"n":"Champignon Notre Jardin Emincé Sans sel ajouté - 230g","p":1.18,"u":"5,13 €/KG","img":"https://fd13-photos.leclercdrive.fr/image.ashx?id=1792507&use=l&cat=p&typeid=i","cat":312610},{"id":117379,"n":"Pois chiches Bio D'Aucy 340g","p":3.38,"u":"9,94 €/KG","img":"https://fd13-photos.leclercdrive.fr/image.ashx?id=2562193&use=l&cat=p&typeid=i","cat":312609},{"id":117394,"n":"Confit d'oignons Larnaudie 150g","p":2.2,"u":"14,67 €/KG","img":"https://fd13-photos.leclercdrive.fr/image.ashx?id=1861358&use=l&cat=p&typeid=i","cat":284458},{"id":117404,"n":"La Poêlée Rustique Bonduelle 750g","p":3.42,"u":"4,56 €/KG","img":"https://fd13-photos.leclercdrive.fr/image.ashx?id=2910055&use=l&cat=p&typeid=i","cat":319823},{"id":117407,"n":"Poêlée à la paysanne Bonduelle 750g","p":3.41,"u":"4,55 €/KG","img":"https://fd13-photos.leclercdrive.fr/image.ashx?id=2907911&use=l&cat=p&typeid=i","cat":319823},{"id":117408,"n":"Yaourt nature ferme C'est Qui Le Patron - 8x125g","p":2.43,"u":"2,43 €/KG","img":"https://fd13-photos.leclercdrive.fr/image.ashx?id=2672386&use=l&cat=p&typeid=i","cat":284409},{"id":117570,"n":"Galettes de riz Tables du monde Sachet - 100g","p":2.25,"u":"22,50 €/KG","img":"https://fd13-photos.leclercdrive.fr/image.ashx?id=2920223&use=l&cat=p&typeid=i","cat":288992},{"id":117639,"n":"Bière blonde Heineken 50cl","p":1.17,"u":"2,34 €/L","img":"https://fd13-photos.leclercdrive.fr/image.ashx?id=3008116&use=l&cat=p&typeid=i","cat":334853},{"id":117657,"n":"IGP Foie gras Maison Montfort Canard Entier Sélection - 320g","p":32.69,"u":"102,16 €/KG","img":"https://fd13-photos.leclercdrive.fr/image.ashx?id=2730982&use=l&cat=p&typeid=i","cat":316008},{"id":117669,"n":"IGP Foie gras Maison Montfort Canard Excellent Torchon - 380g","p":35.59,"u":"93,66 €/KG","img":"https://fd13-photos.leclercdrive.fr/image.ashx?id=2324603&use=l&cat=p&typeid=i","cat":316008},{"id":117705,"n":"Ras El Hanout Ducros Epices couscous - 38g","p":1.66,"u":"43,68 €/KG","img":"https://fd13-photos.leclercdrive.fr/image.ashx?id=2559490&use=l&cat=p&typeid=i","cat":298297},{"id":117721,"n":"Truite Fumée  Ronde des Mers  4 tranches - 120g","p":4.3,"u":"35,83 €/KG","img":"https://fd13-photos.leclercdrive.fr/image.ashx?id=2084096&use=l&cat=p&typeid=i","cat":285188},{"id":117828,"n":"Lardons fumés au bois CharcuFine du Forez - 140g","p":1.29,"u":"9,21 €/KG","img":"https://fd13-photos.leclercdrive.fr/image.ashx?id=2913268&use=l&cat=p&typeid=i","cat":316011},{"id":117829,"n":"Lardons natures  Charcufine du Forez - 140g","p":1.29,"u":"9,21 €/KG","img":"https://fd13-photos.leclercdrive.fr/image.ashx?id=2913271&use=l&cat=p&typeid=i","cat":316011},{"id":117905,"n":"Oeuf Village Label Rouge x6","p":2.27,"u":"0,38 €/P","img":"https://fd13-photos.leclercdrive.fr/image.ashx?id=2985249&use=l&cat=p&typeid=i","cat":284378},{"id":118038,"n":"AOP Alsace Gewurztraminer Nos Vignerons ont du Talent - 75cl","p":8.99,"u":"11,99 €/L","img":"https://fd13-photos.leclercdrive.fr/image.ashx?id=3004570&use=l&cat=p&typeid=i","cat":289557},{"id":118102,"n":"Huile Fruit d'Or Lesieur Végétale - 1L","p":3.31,"u":"3,31 €/L","img":"https://fd13-photos.leclercdrive.fr/image.ashx?id=2508003&use=l&cat=p&typeid=i","cat":284453},{"id":118113,"n":"Sauce soja Bio Village Bio - 150ml","p":1.99,"u":"13,27 €/L","img":"https://fd13-photos.leclercdrive.fr/image.ashx?id=2913772&use=l&cat=p&typeid=i","cat":288992},{"id":118116,"n":"Sauce soja sucrée Bio Village Bio - 150ml","p":1.99,"u":"13,27 €/L","img":"https://fd13-photos.leclercdrive.fr/image.ashx?id=2913775&use=l&cat=p&typeid=i","cat":288992},{"id":118217,"n":"Mini coquilles Saint-Jacques  Tipiak x8 - 100g","p":3.75,"u":"37,50 €/KG","img":"https://fd13-photos.leclercdrive.fr/image.ashx?id=2484212&use=l&cat=p&typeid=i","cat":319775},{"id":118220,"n":"Mini croustillants Tipiak Saint Jacques - x10 - 120g","p":3.75,"u":"31,25 €/KG","img":"https://fd13-photos.leclercdrive.fr/image.ashx?id=2484209&use=l&cat=p&typeid=i","cat":319774},{"id":118289,"n":"Canard confit Marie Ecrasé de pomme de terre 300g","p":4.33,"u":"14,43 €/KG","img":"https://fd13-photos.leclercdrive.fr/image.ashx?id=2799886&use=l&cat=p&typeid=i","cat":333665},{"id":118408,"n":"Lait bébé en poudre Galliagest 1er âge 0-6 mois 820g","p":19.51,"u":"23,79 €/KG","img":"https://fd13-photos.leclercdrive.fr/image.ashx?id=2983054&use=l&cat=p&typeid=i","cat":284726},{"id":118412,"n":"Lait bébé en poudre Galliagest 2 âge 6-12 mois 820g","p":18.35,"u":"22,38 €/KG","img":"https://fd13-photos.leclercdrive.fr/image.ashx?id=2771666&use=l&cat=p&typeid=i","cat":284727},{"id":118414,"n":"Lait bébé en poudre Blédilait 1er âge 0-6 mois 820g","p":15.17,"u":"18,50 €/KG","img":"https://fd13-photos.leclercdrive.fr/image.ashx?id=2500051&use=l&cat=p&typeid=i","cat":284726},{"id":118442,"n":"Bonbons Tic Tac Menthe extra fraîche x100 - 49g","p":1.6,"u":"32,65 €/KG","img":"https://fd13-photos.leclercdrive.fr/image.ashx?id=2737243&use=l&cat=p&typeid=i","cat":304256},{"id":118447,"n":"Soupe deshydratée Knorr Tomate mozzarella - 75cl","p":1.56,"u":"2,08 €/L","img":"https://fd13-photos.leclercdrive.fr/image.ashx?id=2788919&use=l&cat=p&typeid=i","cat":284463},{"id":118516,"n":"Mini quenelle nature 300g","p":4.4,"u":"14,67 €/KG","img":"https://fd13-photos.leclercdrive.fr/image.ashx?id=2104291&use=l&cat=p&typeid=i","cat":333682},{"id":118536,"n":"Boules inox Eco+ x2","p":0.24,"u":"0,12 €/P","img":"https://fd13-photos.leclercdrive.fr/image.ashx?id=2984483&use=l&cat=p&typeid=i","cat":284667},{"id":118581,"n":"Sacs poubelle 50L Alfapac Maxi poids - x10","p":2.6,"u":"0,26 €/P","img":"https://fd13-photos.leclercdrive.fr/image.ashx?id=2526899&use=l&cat=p&typeid=i","cat":285168},{"id":118583,"n":"Tampons Uni Vert Normal digital - x16","p":1.63,"u":"0,10 €/P","img":"https://fd13-photos.leclercdrive.fr/image.ashx?id=2896901&use=l&cat=p&typeid=i","cat":284626},{"id":118601,"n":"Sirop d'Erable Maple Joe Bio - 250g","p":4.21,"u":"16,84 €/KG","img":"https://fd13-photos.leclercdrive.fr/image.ashx?id=2101084&use=l&cat=p&typeid=i","cat":287643},{"id":118612,"n":"Crêpes fourrées  Whaou Chocolat au lait  - x8 - 256g","p":2.14,"u":"8,36 €/KG","img":"https://fd13-photos.leclercdrive.fr/image.ashx?id=2960171&use=l&cat=p&typeid=i","cat":284494},{"id":119022,"n":"Fromage Le Mottin  Crémeux - 185g","p":2.1,"u":"11,35 €/KG","img":"https://fd13-photos.leclercdrive.fr/image.ashx?id=2415574&use=l&cat=p&typeid=i","cat":329558},{"id":119105,"n":"Nouille de riz Suzi Wan 160g","p":1.95,"u":"12,19 €/KG","img":"https://fd13-photos.leclercdrive.fr/image.ashx?id=3002180&use=l&cat=p&typeid=i","cat":288992},{"id":119123,"n":"Barre de céréales Nature Valley Crunchy multi variétés X5-210g","p":2.51,"u":"11,95 €/KG","img":"https://fd13-photos.leclercdrive.fr/image.ashx?id=2616270&use=l&cat=p&typeid=i","cat":285869},{"id":119262,"n":"Sauce bolognaise Panzani 100% Pur Bœuf - 400G","p":2.21,"u":"5,53 €/KG","img":"https://fd13-photos.leclercdrive.fr/image.ashx?id=2984754&use=l&cat=p&typeid=i","cat":287599},{"id":119264,"n":"Sauce Bolognaise Panzani 100% Pur Bœuf - 650G","p":3.5,"u":"5,38 €/KG","img":"https://fd13-photos.leclercdrive.fr/image.ashx?id=2977933&use=l&cat=p&typeid=i","cat":287599},{"id":119267,"n":"Café moulu Plantation Noir intense - 3x250g","p":10.19,"u":"13,59 €/KG","img":"https://fd13-photos.leclercdrive.fr/image.ashx?id=2607587&use=l&cat=p&typeid=i","cat":284750},{"id":119271,"n":"Haricots rouge Notre Jardin 3x125g","p":1.91,"u":"5,09 €/KG","img":"https://fd13-photos.leclercdrive.fr/image.ashx?id=2988111&use=l&cat=p&typeid=i","cat":312606},{"id":119273,"n":"Carottes Notre Jardin 3x130g","p":2.25,"u":"5,77 €/KG","img":"https://fd13-photos.leclercdrive.fr/image.ashx?id=2537364&use=l&cat=p&typeid=i","cat":312607},{"id":119337,"n":"Crème légère jour So Bio Etic Anti-âge argan bio - 50ml","p":8.58,"u":"171,60 €/L","img":"https://fd13-photos.leclercdrive.fr/image.ashx?id=2788730&use=l&cat=p&typeid=i","cat":325345},{"id":119510,"n":"Blancs de poireaux filière Panier du Primeur - 500g","p":2.49,"u":"4,98 €/KG","img":"https://fd13-photos.leclercdrive.fr/image.ashx?id=2930894&use=l&cat=p&typeid=i","cat":284352},{"id":119556,"n":"Compotes Materne Coupelles  Pomme Châtaigne - 4x100g","p":1.83,"u":"4,58 €/KG","img":"https://fd13-photos.leclercdrive.fr/image.ashx?id=3007915&use=l&cat=p&typeid=i","cat":284508},{"id":119560,"n":"Compotes Materne Coupelles  Multivariétés Jaunes - 16x100g","p":4.22,"u":"2,64 €/KG","img":"https://fd13-photos.leclercdrive.fr/image.ashx?id=3010846&use=l&cat=p&typeid=i","cat":284508},{"id":119571,"n":"Douceur de Brebis vanille 4x100g - Le Petit Basque","p":2.75,"u":"6,88 €/KG","img":"https://fd13-photos.leclercdrive.fr/image.ashx?id=2248093&use=l&cat=p&typeid=i","cat":314998},{"id":119594,"n":"Endives jeunes pousses  Nos Régions ont du Talent x6","p":2.49,"u":"9,58 €/KG","img":"https://fd13-photos.leclercdrive.fr/image.ashx?id=2778099&use=l&cat=p&typeid=i","cat":284352},{"id":119632,"n":"AOP Cabernet d'Anjou rosé Charles de Villeneuve - 75cl","p":4.34,"u":"5,79 €/L","img":"https://fd13-photos.leclercdrive.fr/image.ashx?id=2859272&use=l&cat=p&typeid=i","cat":289558},{"id":119709,"n":"Fromage Persillée Saint Agur  125g","p":2.4,"u":"19,20 €/KG","img":"https://fd13-photos.leclercdrive.fr/image.ashx?id=2981515&use=l&cat=p&typeid=i","cat":314032},{"id":119728,"n":"Blanc poulet fumé 6 Tranches - 180g","p":2.24,"u":"12,44 €/KG","img":"https://fd13-photos.leclercdrive.fr/image.ashx?id=2970474&use=l&cat=p&typeid=i","cat":316010},{"id":119743,"n":"Emmental français Entremont Portion - 500g","p":6.18,"u":"12,36 €/KG","img":"https://fd13-photos.leclercdrive.fr/image.ashx?id=2966980&use=l&cat=p&typeid=i","cat":314034},{"id":119767,"n":"Eau micellaire bio Bionaïa 400ml","p":3.73,"u":"9,33 €/L","img":"https://fd13-photos.leclercdrive.fr/image.ashx?id=2376055&use=l&cat=p&typeid=i","cat":284603},{"id":119797,"n":"Comté fromage bloc Les Croisés 200g","p":2.85,"u":"14,25 €/KG","img":"https://fd13-photos.leclercdrive.fr/image.ashx?id=2856585&use=l&cat=p&typeid=i","cat":314034},{"id":119886,"n":"Yaourt grec nature Délisse 1kg","p":4.75,"u":"4,75 €/KG","img":"https://fd13-photos.leclercdrive.fr/image.ashx?id=2885137&use=l&cat=p&typeid=i","cat":314999},{"id":119893,"n":"Skyr Nature Délisse 450g","p":1.89,"u":"4,20 €/KG","img":"https://fd13-photos.leclercdrive.fr/image.ashx?id=2992549&use=l&cat=p&typeid=i","cat":315000},{"id":119913,"n":"Yaourt à boire Yop Yoplait Chocolat - 850g","p":1.74,"u":"2,05 €/KG","img":"https://fd13-photos.leclercdrive.fr/image.ashx?id=2855534&use=l&cat=p&typeid=i","cat":295246},{"id":119940,"n":"Mini candy play Copains Copines 180g","p":1.49,"u":"8,28 €/KG","img":"https://fd13-photos.leclercdrive.fr/image.ashx?id=1866524&use=l&cat=p&typeid=i","cat":304250},{"id":119941,"n":"Fromage à Tartiner Tartare Ail et Fines Herbes 10P - 160g","p":2.08,"u":"13,00 €/KG","img":"https://fd13-photos.leclercdrive.fr/image.ashx?id=2867410&use=l&cat=p&typeid=i","cat":314029},{"id":119943,"n":"Soupe 10 légumes Liebig A la crème - x2 - 60cl","p":2.31,"u":"3,85 €/L","img":"https://fd13-photos.leclercdrive.fr/image.ashx?id=2892139&use=l&cat=p&typeid=i","cat":284462},{"id":119956,"n":"Filets de limande du Nord MSC L'Atelier Poissonnerie x2 200g","p":3.39,"u":"16,95 €/KG","img":"https://fd13-photos.leclercdrive.fr/image.ashx?id=2652101&use=l&cat=p&typeid=i","cat":284344},{"id":119957,"n":"Acras de morue Maison Briau A la créole ciboule piment 200g","p":2.71,"u":"13,55 €/KG","img":"https://fd13-photos.leclercdrive.fr/image.ashx?id=2959469&use=l&cat=p&typeid=i","cat":333673},{"id":119958,"n":"Filets de colin d'Alaska Meunière MSC x2 - 200g","p":2.49,"u":"12,45 €/KG","img":"https://fd13-photos.leclercdrive.fr/image.ashx?id=2652107&use=l&cat=p&typeid=i","cat":284344},{"id":119959,"n":"Filets de limande du Nord MSC L'Atelier Poissonnerie x4 400g","p":6.49,"u":"16,23 €/KG","img":"https://fd13-photos.leclercdrive.fr/image.ashx?id=2855292&use=l&cat=p&typeid=i","cat":284344},{"id":119960,"n":"Filets de colin pané d'Alaska MSC sans arrêtes x2 - 220g","p":2.99,"u":"13,59 €/KG","img":"https://fd13-photos.leclercdrive.fr/image.ashx?id=2652110&use=l&cat=p&typeid=i","cat":284344},{"id":119963,"n":"Pavés de saumon de Norvège ASC L'Atelier Poissonnerie x2 250g","p":5.99,"u":"23,96 €/KG","img":"https://fd13-photos.leclercdrive.fr/image.ashx?id=2340590&use=l&cat=p&typeid=i","cat":284342},{"id":119965,"n":"Pavés de saumon ASC Norvège L'Atelier Poissonnerie x4 -500g","p":11.49,"u":"22,98 €/KG","img":"https://fd13-photos.leclercdrive.fr/image.ashx?id=2349926&use=l&cat=p&typeid=i","cat":284342},{"id":120211,"n":"Nissin soba Cup Yakitori Poulet 89g","p":2.69,"u":"30,22 €/KG","img":"https://fd13-photos.leclercdrive.fr/image.ashx?id=2433509&use=l&cat=p&typeid=i","cat":288992},{"id":120212,"n":"Nouilles soba Cup Nissin Classique - 90g","p":1.99,"u":"22,11 €/KG","img":"https://fd13-photos.leclercdrive.fr/image.ashx?id=2433512&use=l&cat=p&typeid=i","cat":288992},{"id":120214,"n":"Nissin Soba Cup Teriyaki  90g","p":1.99,"u":"22,11 €/KG","img":"https://fd13-photos.leclercdrive.fr/image.ashx?id=2160111&use=l&cat=p&typeid=i","cat":288992},{"id":120224,"n":"Cristaux de soude Clair 500g","p":1.93,"u":"3,86 €/KG","img":"https://fd13-photos.leclercdrive.fr/image.ashx?id=2822144&use=l&cat=p&typeid=i","cat":325365},{"id":120225,"n":"Percarbonate de sodium Clair 500g","p":2.99,"u":"5,98 €/KG","img":"https://fd13-photos.leclercdrive.fr/image.ashx?id=2822141&use=l&cat=p&typeid=i","cat":325365},{"id":120261,"n":"Lessive liquide Epsil Anti-transfert - 40 lavages 2L","p":5.99,"u":"3,00 €/L","img":"https://fd13-photos.leclercdrive.fr/image.ashx?id=2838936&use=l&cat=p&typeid=i","cat":284640},{"id":120267,"n":"Tablette chocolat noir Lindt Sésame grillé - 2x100g","p":4.48,"u":"22,40 €/KG","img":"https://fd13-photos.leclercdrive.fr/image.ashx?id=2230893&use=l&cat=p&typeid=i","cat":284956},{"id":120295,"n":"Mascara Waterproof Maybelline  Cils Sensational Extra-noir","p":6.58,"img":"https://fd13-photos.leclercdrive.fr/image.ashx?id=2377781&use=l&cat=p&typeid=i","cat":287029},{"id":120331,"n":"Eau gazeuse minérale Salvetat Pauvre en sodium - 6x1,15L","p":3.03,"u":"0,44 €/L","img":"https://fd13-photos.leclercdrive.fr/image.ashx?id=2578693&use=l&cat=p&typeid=i","cat":284536},{"id":120335,"n":"Eau gazeuse aromatisée Salvetat citron - 1,15L","p":0.83,"u":"0,72 €/L","img":"https://fd13-photos.leclercdrive.fr/image.ashx?id=2279753&use=l&cat=p&typeid=i","cat":284536},{"id":120348,"n":"Purée 4 mois Bio Village Pomme pruneaux bio - 4x100g","p":1.69,"u":"4,23 €/KG","img":"https://fd13-photos.leclercdrive.fr/image.ashx?id=2704837&use=l&cat=p&typeid=i","cat":312387},{"id":120349,"n":"Purée 4 mois Bio Village Pomme Abricot bio - 4x100g","p":1.89,"u":"4,73 €/KG","img":"https://fd13-photos.leclercdrive.fr/image.ashx?id=2704690&use=l&cat=p&typeid=i","cat":312387},{"id":120350,"n":"Purée 4 mois Bio Village Pomme coing bio - 4x100g","p":1.79,"u":"4,48 €/KG","img":"https://fd13-photos.leclercdrive.fr/image.ashx?id=2704840&use=l&cat=p&typeid=i","cat":312387},{"id":120392,"n":"Palets pur beurre mère poulard Lot de 3 - 375g","p":2.99,"u":"7,97 €/KG","img":"https://fd13-photos.leclercdrive.fr/image.ashx?id=2912248&use=l&cat=p&typeid=i","cat":284487},{"id":120403,"n":"Adoucissant L'Arbre Vert Souffle de pureté x53 - 800ml","p":2.71,"u":"3,39 €/L","img":"https://fd13-photos.leclercdrive.fr/image.ashx?id=3001386&use=l&cat=p&typeid=i","cat":284650},{"id":120426,"n":"Protège slip écolo Uni vert Normal - x30","p":2.12,"u":"0,07 €/P","img":"https://fd13-photos.leclercdrive.fr/image.ashx?id=2799787&use=l&cat=p&typeid=i","cat":284625},{"id":120428,"n":"Serviette ecolo Uni Vert Normal - x14","p":1.79,"u":"0,13 €/P","img":"https://fd13-photos.leclercdrive.fr/image.ashx?id=2831589&use=l&cat=p&typeid=i","cat":284624},{"id":120429,"n":"Serviette écolo Uni vert Super+ - x12","p":1.55,"u":"0,13 €/P","img":"https://fd13-photos.leclercdrive.fr/image.ashx?id=2820445&use=l&cat=p&typeid=i","cat":284624},{"id":120485,"n":"Mascara Volume L'Oréal Paris Millions de Cils Extra Black","p":10.79,"pp":7.12,"img":"https://fd13-photos.leclercdrive.fr/image.ashx?id=2419170&use=l&cat=p&typeid=i","cat":287029},{"id":120488,"n":"Riz parfumé Comptoir du Grain Basmati -1kg","p":2.48,"u":"2,48 €/KG","img":"https://fd13-photos.leclercdrive.fr/image.ashx?id=2923399&use=l&cat=p&typeid=i","cat":284428},{"id":120492,"n":"Céréales fourrées P'tit Déli Chocolat noisette - 450g","p":2.19,"u":"4,87 €/KG","img":"https://fd13-photos.leclercdrive.fr/image.ashx?id=2819636&use=l&cat=p&typeid=i","cat":309513},{"id":120505,"n":"Mascara Waterproof L'OréalParis Millions de Cils Noir","p":13.38,"u":"495,56 €/KG","img":"https://fd13-photos.leclercdrive.fr/image.ashx?id=2278076&use=l&cat=p&typeid=i","cat":287029},{"id":120512,"n":"Fond de Teint L'Oréal Paris Accord Parfait 4.N Beige","p":11.56,"img":"https://fd13-photos.leclercdrive.fr/image.ashx?id=2937352&use=l&cat=p&typeid=i","cat":287029},{"id":120519,"n":"Correcteur anticerne Maybelline Instant Anti-Age 02 Beige Nu","p":8.09,"img":"https://fd13-photos.leclercdrive.fr/image.ashx?id=2423172&use=l&cat=p&typeid=i","cat":287029},{"id":120520,"n":"Mascara Maybelline  Cils Sensational Extra-noir","p":6.99,"img":"https://fd13-photos.leclercdrive.fr/image.ashx?id=2377784&use=l&cat=p&typeid=i","cat":287029},{"id":120587,"n":"Friandise pour chat Dentalife Saumon - 40g","p":1.45,"u":"36,25 €/KG","img":"https://fd13-photos.leclercdrive.fr/image.ashx?id=2468638&use=l&cat=p&typeid=i","cat":285285},{"id":120660,"n":"Purée 4 mois Bio Village Fruits verger bio - 4x100g","p":1.89,"u":"4,73 €/KG","img":"https://fd13-photos.leclercdrive.fr/image.ashx?id=2704846&use=l&cat=p&typeid=i","cat":312387},{"id":120661,"n":"Purée 4 mois Bio Village Pomme Fraise Banane bio -4x100g","p":1.69,"u":"4,23 €/KG","img":"https://fd13-photos.leclercdrive.fr/image.ashx?id=2704849&use=l&cat=p&typeid=i","cat":312387},{"id":120665,"n":"Purée 6 mois Bio Village Pomme Biscuit bio - 4x100g","p":1.79,"u":"4,48 €/KG","img":"https://fd13-photos.leclercdrive.fr/image.ashx?id=2704855&use=l&cat=p&typeid=i","cat":312388},{"id":120679,"n":"Petits pots bébé P'TIT SOUPER Petits pois pâtes 12M+ - 2x200g","p":1.77,"u":"4,43 €/KG","img":"https://fd13-photos.leclercdrive.fr/image.ashx?id=2526517&use=l&cat=p&typeid=i","cat":312239},{"id":120681,"n":"Petits pots bébé P'TIT SOUPER Légumes Pâtes 8M+ - 2x200g","p":2.03,"u":"5,08 €/KG","img":"https://fd13-photos.leclercdrive.fr/image.ashx?id=2526520&use=l&cat=p&typeid=i","cat":312239},{"id":120683,"n":"Petits pots bébé P'TITE RECETTE Bœuf bourguignon 12M+ - 2x200g","p":2.03,"u":"5,08 €/KG","img":"https://fd13-photos.leclercdrive.fr/image.ashx?id=2525714&use=l&cat=p&typeid=i","cat":312237},{"id":120688,"n":"Gel douche argan So Bio Etic Nutrition bio - 650ml","p":6.21,"u":"9,55 €/L","img":"https://fd13-photos.leclercdrive.fr/image.ashx?id=2891583&use=l&cat=p&typeid=i","cat":284594},{"id":120690,"n":"Shampoing Nateïs Cheveux fragiles - 250ml","p":1.27,"u":"5,08 €/L","img":"https://fd13-photos.leclercdrive.fr/image.ashx?id=1889803&use=l&cat=p&typeid=i","cat":284606},{"id":120691,"n":"Après-shampoing Nateïs Cheveux fragiles - 250ml","p":1.35,"u":"5,40 €/L","img":"https://fd13-photos.leclercdrive.fr/image.ashx?id=1905506&use=l&cat=p&typeid=i","cat":284607},{"id":120692,"n":"Pur jus d'orange Bio Village Bio - 2L","p":4.75,"u":"2,38 €/L","img":"https://fd13-photos.leclercdrive.fr/image.ashx?id=2751922&use=l&cat=p&typeid=i","cat":284521},{"id":120694,"n":"Jus de pomme bio Bio Village 1L","p":1.29,"u":"1,29 €/L","img":"https://fd13-photos.leclercdrive.fr/image.ashx?id=2958783&use=l&cat=p&typeid=i","cat":284522},{"id":120715,"n":"IGP Pâte Garofalo  Rigatoni - 500g","p":2.35,"u":"4,70 €/KG","img":"https://fd13-photos.leclercdrive.fr/image.ashx?id=3011890&use=l&cat=p&typeid=i","cat":284427},{"id":120721,"n":"Pâtes fusilli Garofalo  500g","p":1.68,"u":"3,36 €/KG","img":"https://fd13-photos.leclercdrive.fr/image.ashx?id=1931106&use=l&cat=p&typeid=i","cat":284427},{"id":120741,"n":"Jus d'orange Bio Village Bio A base de concentré - 1L","p":2.19,"u":"2,19 €/L","img":"https://fd13-photos.leclercdrive.fr/image.ashx?id=2958777&use=l&cat=p&typeid=i","cat":284521},{"id":120744,"n":"Barre de céréales Nature Valley Sweet & Salty cacahuète x5-150g","p":2.78,"u":"18,53 €/KG","img":"https://fd13-photos.leclercdrive.fr/image.ashx?id=2737711&use=l&cat=p&typeid=i","cat":285869},{"id":120797,"n":"Cubes de filets de poulet Volandrie - 450g","p":5.09,"u":"11,31 €/KG","img":"https://fd13-photos.leclercdrive.fr/image.ashx?id=2647901&use=l&cat=p&typeid=i","cat":284336},{"id":120798,"n":"Filet de poulet jaune Volandrie Extra tendre - 300g","p":3.8,"u":"12,67 €/KG","img":"https://fd13-photos.leclercdrive.fr/image.ashx?id=2714894&use=l&cat=p&typeid=i","cat":284336},{"id":120799,"n":"Filet de poulet jaune Volandrie 300g","p":3.69,"u":"12,30 €/KG","img":"https://fd13-photos.leclercdrive.fr/image.ashx?id=2647910&use=l&cat=p&typeid=i","cat":284336},{"id":120800,"n":"Filet de poulet blanc Volandrie Extra tendre - 300g","p":3.8,"u":"12,67 €/KG","img":"https://fd13-photos.leclercdrive.fr/image.ashx?id=2647904&use=l&cat=p&typeid=i","cat":284336},{"id":120801,"n":"Filets poulet blanc Volandrie 300g","p":3.69,"u":"12,30 €/KG","img":"https://fd13-photos.leclercdrive.fr/image.ashx?id=2647907&use=l&cat=p&typeid=i","cat":284336},{"id":120827,"n":"Bonbon Surfizz XL Lutti 200g","p":1.96,"u":"9,80 €/KG","img":"https://fd13-photos.leclercdrive.fr/image.ashx?id=2964840&use=l&cat=p&typeid=i","cat":304250},{"id":120828,"n":"Poêle 24cm Easy Cook'n Clean Tous feux sauf induction","p":16.9,"img":"https://fd13-photos.leclercdrive.fr/image.ashx?id=2531856&use=l&cat=p&typeid=i","cat":298490},{"id":120829,"n":"Poêle 28cm Easy Cook'n Clean Tous feux sauf induction","p":19.9,"img":"https://fd13-photos.leclercdrive.fr/image.ashx?id=2531859&use=l&cat=p&typeid=i","cat":298490},{"id":120841,"n":"Bonbons Lutti Max 2 Fizz Assortiment Piquant - 500g","p":4.42,"u":"8,84 €/KG","img":"https://fd13-photos.leclercdrive.fr/image.ashx?id=2964685&use=l&cat=p&typeid=i","cat":304250},{"id":120843,"n":"Chicorée Soluble Ricoré  Aux Céréales - 250g","p":4.24,"u":"16,96 €/KG","img":"https://fd13-photos.leclercdrive.fr/image.ashx?id=2979611&use=l&cat=p&typeid=i","cat":284843},{"id":120847,"n":"Bonbon colabizz Lutti Acidulé goût cola - 275g","p":1.92,"u":"6,98 €/KG","img":"https://fd13-photos.leclercdrive.fr/image.ashx?id=2551042&use=l&cat=p&typeid=i","cat":304250},{"id":120851,"n":"Réglisse Lutti O'Tablo Rafraichissante - 200g","p":1.45,"u":"7,25 €/KG","img":"https://fd13-photos.leclercdrive.fr/image.ashx?id=2817425&use=l&cat=p&typeid=i","cat":304250},{"id":120852,"n":"Bonbon arlequin Lutti Acidulé aux fruits - 320g","p":2.88,"u":"9,00 €/KG","img":"https://fd13-photos.leclercdrive.fr/image.ashx?id=2817431&use=l&cat=p&typeid=i","cat":304250},{"id":120853,"n":"Bonbons Lutti Scoubifizz Piquants Fruits - 180g","p":1.63,"u":"9,06 €/KG","img":"https://fd13-photos.leclercdrive.fr/image.ashx?id=2964837&use=l&cat=p&typeid=i","cat":304250},{"id":120855,"n":"Bonbons Lutti Filitubs xl Piquants - 180g","p":1.74,"u":"9,67 €/KG","img":"https://fd13-photos.leclercdrive.fr/image.ashx?id=2817440&use=l&cat=p&typeid=i","cat":304250},{"id":120856,"n":"Bonbon guimauve Lutti Koala - 185g","p":1.56,"u":"8,43 €/KG","img":"https://fd13-photos.leclercdrive.fr/image.ashx?id=2817443&use=l&cat=p&typeid=i","cat":304250},{"id":120857,"n":"Bonbons Carambar Mini Fête Assortiment - 326g","p":2.92,"u":"8,96 €/KG","img":"https://fd13-photos.leclercdrive.fr/image.ashx?id=2972035&use=l&cat=p&typeid=i","cat":304250},{"id":120858,"n":"Carambar Atomic 220g","p":2.2,"u":"10,00 €/KG","img":"https://fd13-photos.leclercdrive.fr/image.ashx?id=2757434&use=l&cat=p&typeid=i","cat":304250},{"id":120864,"n":"Bonbons Lutti Flexifizz Piquants Fraise - 225g","p":1.57,"u":"6,98 €/KG","img":"https://fd13-photos.leclercdrive.fr/image.ashx?id=2806396&use=l&cat=p&typeid=i","cat":304250},{"id":120869,"n":"Poudre d'amande Bio Village Doypack bio - 100g","p":2.5,"u":"25,00 €/KG","img":"https://fd13-photos.leclercdrive.fr/image.ashx?id=1873546&use=l&cat=p&typeid=i","cat":284504},{"id":120872,"n":"Pépites chocolat Bio Village Bio - 100g","p":2.22,"u":"22,20 €/KG","img":"https://fd13-photos.leclercdrive.fr/image.ashx?id=2590544&use=l&cat=p&typeid=i","cat":284504},{"id":120890,"n":"Chiffonnade de chorizo 80g","p":3.28,"u":"41,00 €/KG","img":"https://fd13-photos.leclercdrive.fr/image.ashx?id=2484389&use=l&cat=p&typeid=i","cat":316006},{"id":120891,"n":"Chiffonnade de Serrano 80g","p":3.7,"u":"46,25 €/KG","img":"https://fd13-photos.leclercdrive.fr/image.ashx?id=2484392&use=l&cat=p&typeid=i","cat":316007},{"id":121096,"n":"Chocolat Peluche mix Kinder Ours - 133g","p":13.92,"u":"104,66 €/KG","img":"https://fd13-photos.leclercdrive.fr/image.ashx?id=1895392&use=l&cat=p&typeid=i","cat":327789},{"id":121157,"n":"Foie gras de canard Delpeyrat Entier - 270g","p":39.9,"u":"147,78 €/KG","img":"https://fd13-photos.leclercdrive.fr/image.ashx?id=2906082&use=l&cat=p&typeid=i","cat":316008},{"id":121237,"n":"Compotes Pom'Potes Gourdes  5 Fruits Rouges - 4x90g","p":2.26,"u":"6,28 €/KG","img":"https://fd13-photos.leclercdrive.fr/image.ashx?id=3010885&use=l&cat=p&typeid=i","cat":284508},{"id":121242,"n":"Pizza Turini Prosciutto - 400g","p":2.89,"u":"7,23 €/KG","img":"https://fd13-photos.leclercdrive.fr/image.ashx?id=2619740&use=l&cat=p&typeid=i","cat":333679},{"id":121265,"n":"Chocolat en poudre Poulain 1848 Boîte - 450g","p":4.28,"u":"9,51 €/KG","img":"https://fd13-photos.leclercdrive.fr/image.ashx?id=2867122&use=l&cat=p&typeid=i","cat":293235},{"id":121270,"n":"Miel de fleurs liquide 500g","p":4.74,"u":"9,48 €/KG","img":"https://fd13-photos.leclercdrive.fr/image.ashx?id=2315910&use=l&cat=p&typeid=i","cat":287643},{"id":121274,"n":"Compotes Pom'Potes Gourdes  Pomme Fraise - 4x90g","p":2.04,"u":"5,67 €/KG","img":"https://fd13-photos.leclercdrive.fr/image.ashx?id=3010897&use=l&cat=p&typeid=i","cat":284508},{"id":121276,"n":"Compotes Pom'Potes Gourdes BIO  Pomme Nature - 4x90g","p":2.25,"u":"6,25 €/KG","img":"https://fd13-photos.leclercdrive.fr/image.ashx?id=2949814&use=l&cat=p&typeid=i","cat":284508},{"id":121315,"n":"Haché Happy Family Charal 20x80g - 1,6kg","p":19.83,"u":"12,39 €/KG","img":"https://fd13-photos.leclercdrive.fr/image.ashx?id=2739776&use=l&cat=p&typeid=i","cat":319778},{"id":121346,"n":"Yaourt aromatisé Perle de Lait sur Lit de Fraise - 4x125g","p":2.13,"u":"17,04 €/KG","img":"https://fd13-photos.leclercdrive.fr/image.ashx?id=2989210&use=l&cat=p&typeid=i","cat":314999},{"id":121387,"n":"Lingettes Mots d'Enfants Toilettes bio - x60","p":2.17,"u":"0,04 €/P","img":"https://fd13-photos.leclercdrive.fr/image.ashx?id=2856579&use=l&cat=p&typeid=i","cat":284738},{"id":121391,"n":"Sauce tomate Lucien Georgelin Aux oignons et à l'ail - 300g","p":2.29,"u":"7,63 €/KG","img":"https://fd13-photos.leclercdrive.fr/image.ashx?id=2015663&use=l&cat=p&typeid=i","cat":287599},{"id":121392,"n":"Sauce tomate Lucien Georgelin Au piment D'espelette - 300g","p":2.29,"u":"7,63 €/KG","img":"https://fd13-photos.leclercdrive.fr/image.ashx?id=2015666&use=l&cat=p&typeid=i","cat":288384},{"id":121393,"n":"Sauce tomate Lucien Georgelin  au basilic - 300g","p":2.79,"u":"9,30 €/KG","img":"https://fd13-photos.leclercdrive.fr/image.ashx?id=2015669&use=l&cat=p&typeid=i","cat":288384},{"id":121412,"n":"Sérum Anti-rides L'Oréal Paris Revitalift Peau Neuve - 30ml","p":15.09,"u":"503,00 €/L","img":"https://fd13-photos.leclercdrive.fr/image.ashx?id=2879730&use=l&cat=p&typeid=i","cat":325345},{"id":121417,"n":"Couches écologiques Biolane Jumbo T3 - x52","p":15.42,"u":"0,30 €/P","img":"https://fd13-photos.leclercdrive.fr/image.ashx?id=2876521&use=l&cat=p&typeid=i","cat":284737},{"id":121418,"n":"Couches écologiques Biolane Jumbo T4 - x44","p":16.1,"u":"0,37 €/P","img":"https://fd13-photos.leclercdrive.fr/image.ashx?id=2876524&use=l&cat=p&typeid=i","cat":284737},{"id":121419,"n":"Couches écologiques Biolane Single T2 - x28","p":8.31,"u":"0,30 €/P","img":"https://fd13-photos.leclercdrive.fr/image.ashx?id=2876530&use=l&cat=p&typeid=i","cat":284737},{"id":121436,"n":"Crème anti-âge L'Oréal Paris Revitalift SPF 25 - 50ml","p":13.59,"u":"271,80 €/L","img":"https://fd13-photos.leclercdrive.fr/image.ashx?id=2853230&use=l&cat=p&typeid=i","cat":325345},{"id":121438,"n":"Sérum repulpant L'Oréal Paris Revitalift Anti-rides - 30ml","p":13.98,"u":"466,00 €/L","img":"https://fd13-photos.leclercdrive.fr/image.ashx?id=2926584&use=l&cat=p&typeid=i","cat":325345},{"id":121440,"n":"Délice Soufflé Quenelles Cèpes Morilles Ecochard - 4x100g","p":3.82,"u":"9,55 €/KG","img":"https://fd13-photos.leclercdrive.fr/image.ashx?id=2842642&use=l&cat=p&typeid=i","cat":333682},{"id":121444,"n":"Délices soufflés Quenelles Emmental de Savoie - 4x100g","p":3.59,"u":"8,98 €/KG","img":"https://fd13-photos.leclercdrive.fr/image.ashx?id=2842645&use=l&cat=p&typeid=i","cat":333682},{"id":121446,"n":"Peaches Haribo  Sachet bonbons - 250g","p":2.15,"u":"8,60 €/KG","img":"https://fd13-photos.leclercdrive.fr/image.ashx?id=2984925&use=l&cat=p&typeid=i","cat":304250},{"id":121447,"n":"Flanbolo Haribo Sachet bonbons - 200g","p":1.87,"u":"9,35 €/KG","img":"https://fd13-photos.leclercdrive.fr/image.ashx?id=2806117&use=l&cat=p&typeid=i","cat":304250},{"id":121492,"n":"Mini shampooing voyage Nateïs Tilleul Pomme - 100ml","p":1.09,"u":"10,90 €/L","img":"https://fd13-photos.leclercdrive.fr/image.ashx?id=2626841&use=l&cat=p&typeid=i","cat":284606},{"id":121493,"n":"Gel nettoyant Syphon Javel canalisation - 1L","p":2.98,"u":"2,98 €/L","img":"https://fd13-photos.leclercdrive.fr/image.ashx?id=2917659&use=l&cat=p&typeid=i","cat":284908},{"id":121699,"n":"Farine semi-complète Bio Bio Village - 1kg","p":1.45,"u":"1,45 €/KG","img":"https://fd13-photos.leclercdrive.fr/image.ashx?id=2460045&use=l&cat=p&typeid=i","cat":284503},{"id":121707,"n":"Sauce bolognaise pur boeuf Panzani - 200g","p":1.49,"u":"7,45 €/KG","img":"https://fd13-photos.leclercdrive.fr/image.ashx?id=2880682&use=l&cat=p&typeid=i","cat":287599},{"id":121708,"n":"Céréales fourrées P'tit Déli Chocolat noisette - 650g","p":3.08,"u":"4,74 €/KG","img":"https://fd13-photos.leclercdrive.fr/image.ashx?id=2840740&use=l&cat=p&typeid=i","cat":309513},{"id":121864,"n":"Thé Earl Grey Yaté x25- 45g","p":0.82,"u":"18,22 €/KG","img":"https://fd13-photos.leclercdrive.fr/image.ashx?id=2684748&use=l&cat=p&typeid=i","cat":293233},{"id":121992,"n":"Secret de mousse La laitière Chocolat Lait et Blanc - 4x59 g","p":1.55,"u":"6,57 €/KG","img":"https://fd13-photos.leclercdrive.fr/image.ashx?id=2729782&use=l&cat=p&typeid=i","cat":284417},{"id":122035,"n":"Vinaigre de ménage 14° Briochin Ecocert - 1L","p":3.29,"u":"3,29 €/L","img":"https://fd13-photos.leclercdrive.fr/image.ashx?id=3000734&use=l&cat=p&typeid=i","cat":325365},{"id":122074,"n":"Biscuit pavot Nat&Vie Citron - 200g","p":1.29,"u":"6,45 €/KG","img":"https://fd13-photos.leclercdrive.fr/image.ashx?id=1879930&use=l&cat=p&typeid=i","cat":318651},{"id":122094,"n":"Barre bio Bio village Chocolat coeur au lait - 125g","p":3.35,"u":"26,80 €/KG","img":"https://fd13-photos.leclercdrive.fr/image.ashx?id=2176095&use=l&cat=p&typeid=i","cat":284488},{"id":122102,"n":"Noix de coco bio Bio Village En poudre - 100g","p":1.63,"u":"16,30 €/KG","img":"https://fd13-photos.leclercdrive.fr/image.ashx?id=1879994&use=l&cat=p&typeid=i","cat":284504},{"id":122225,"n":"Tortillas Chips bio Bio Village Chili - 150g","p":1.72,"u":"11,47 €/KG","img":"https://fd13-photos.leclercdrive.fr/image.ashx?id=2647964&use=l&cat=p&typeid=i","cat":287899},{"id":122344,"n":"Pots bébé soir bio Babybio Légumes riz - 8 mois - 2x200g","p":2.95,"u":"7,38 €/KG","img":"https://fd13-photos.leclercdrive.fr/image.ashx?id=2838314&use=l&cat=p&typeid=i","cat":312239},{"id":122346,"n":"Babybio Optima croissance 3 Bio 800g","p":17.19,"u":"21,49 €/KG","img":"https://fd13-photos.leclercdrive.fr/image.ashx?id=2944029&use=l&cat=p&typeid=i","cat":290219},{"id":122347,"n":"Lait Primea 2 Bio Babybio 800g","p":18.51,"u":"23,14 €/KG","img":"https://fd13-photos.leclercdrive.fr/image.ashx?id=2962824&use=l&cat=p&typeid=i","cat":284727},{"id":122348,"n":"Lait Primea 3 Bio Babybio 800g","p":15.19,"u":"18,99 €/KG","img":"https://fd13-photos.leclercdrive.fr/image.ashx?id=2944026&use=l&cat=p&typeid=i","cat":290219},{"id":122367,"n":"Sacs Congélation Zip Alfapac Petit Modèle - x30","p":1.92,"u":"0,06 €/P","img":"https://fd13-photos.leclercdrive.fr/image.ashx?id=2986335&use=l&cat=p&typeid=i","cat":334134},{"id":122420,"n":"Skyr Siggi's  Vanille - 2x140g","p":2.12,"u":"7,57 €/KG","img":"https://fd13-photos.leclercdrive.fr/image.ashx?id=2646119&use=l&cat=p&typeid=i","cat":315000},{"id":122486,"n":"Thon blanc entier Pêche Océan MSC - 160g","p":2.89,"u":"18,06 €/KG","img":"https://fd13-photos.leclercdrive.fr/image.ashx?id=2942229&use=l&cat=p&typeid=i","cat":303867},{"id":122528,"n":"Skyr Siggi's  Framboise - 2x140g","p":2.11,"u":"7,54 €/KG","img":"https://fd13-photos.leclercdrive.fr/image.ashx?id=2692095&use=l&cat=p&typeid=i","cat":315000},{"id":122529,"n":"Skyr Siggi's  Myrtille - 2x140g","p":2.17,"u":"7,75 €/KG","img":"https://fd13-photos.leclercdrive.fr/image.ashx?id=2692098&use=l&cat=p&typeid=i","cat":315000},{"id":122532,"n":"Boisson Thé Glacé FuzeTea Pêche Bouteille - 40 cl","p":1.26,"u":"3,15 €/L","img":"https://fd13-photos.leclercdrive.fr/image.ashx?id=2940399&use=l&cat=p&typeid=i","cat":295019},{"id":122539,"n":"Débouche-évier Homeside 1 pièce","p":1.47,"img":"https://fd13-photos.leclercdrive.fr/image.ashx?id=2081104&use=l&cat=p&typeid=i","cat":284669},{"id":122676,"n":"Dentifrice Email Diamant Le Charbon - 75ml","p":3.57,"u":"47,60 €/L","img":"https://fd13-photos.leclercdrive.fr/image.ashx?id=2975960&use=l&cat=p&typeid=i","cat":284612},{"id":122731,"n":"Pâte à tartiner Poulain 750g","p":5.28,"u":"7,04 €/KG","img":"https://fd13-photos.leclercdrive.fr/image.ashx?id=2815100&use=l&cat=p&typeid=i","cat":284481},{"id":122790,"n":"Chips Tuiles Pringles Hot Spicy - 175g","p":1.74,"u":"9,94 €/KG","img":"https://fd13-photos.leclercdrive.fr/image.ashx?id=2902295&use=l&cat=p&typeid=i","cat":287899},{"id":122792,"n":"Chips Tuiles Pringles Crème et Oignon - 175g","p":1.7,"u":"9,71 €/KG","img":"https://fd13-photos.leclercdrive.fr/image.ashx?id=2902292&use=l&cat=p&typeid=i","cat":287899},{"id":122808,"n":"Jeune pousse Panier du Primeur 125g","p":0.99,"u":"7,92 €/KG","img":"https://fd13-photos.leclercdrive.fr/image.ashx?id=2616060&use=l&cat=p&typeid=i","cat":284353},{"id":122810,"n":"Kakis Panier du Primeur Barquette 1kg","p":2.99,"u":"2,99 €/KG","img":"https://fd13-photos.leclercdrive.fr/image.ashx?id=2402798&use=l&cat=p&typeid=i","cat":284356},{"id":122825,"n":"Sauce au poivre Rustica 245g","p":1.19,"u":"4,86 €/KG","img":"https://fd13-photos.leclercdrive.fr/image.ashx?id=2558829&use=l&cat=p&typeid=i","cat":318431},{"id":122895,"n":"Chips Tuiles Pringles Original - 175g","p":1.68,"u":"9,60 €/KG","img":"https://fd13-photos.leclercdrive.fr/image.ashx?id=2902298&use=l&cat=p&typeid=i","cat":287899},{"id":122903,"n":"Chlore permanent 5kg","p":29.9,"u":"5,98 €/KG","img":"https://fd13-photos.leclercdrive.fr/image.ashx?id=1919420&use=l&cat=p&typeid=i","cat":335918},{"id":122905,"n":"Shampooing antipelliculaire Vitanove cheveux normaux -250ml","p":1.66,"u":"6,64 €/L","img":"https://fd13-photos.leclercdrive.fr/image.ashx?id=2949212&use=l&cat=p&typeid=i","cat":284606},{"id":122906,"n":"Chlore multiactions 5kg","p":29.9,"u":"5,98 €/KG","img":"https://fd13-photos.leclercdrive.fr/image.ashx?id=1919423&use=l&cat=p&typeid=i","cat":335918},{"id":122907,"n":"Anti-algue concentré 5L","p":14.99,"u":"3,00 €/L","img":"https://fd13-photos.leclercdrive.fr/image.ashx?id=1919426&use=l&cat=p&typeid=i","cat":335918},{"id":122911,"n":"Chlore choc Granulés - 5kg","p":29.9,"u":"5,98 €/KG","img":"https://fd13-photos.leclercdrive.fr/image.ashx?id=1919438&use=l&cat=p&typeid=i","cat":335918},{"id":122912,"n":"Shampoing Déjaunisseur Dessange Cheveux Blancs et Gris - 250ml","p":3.55,"u":"14,20 €/L","img":"https://fd13-photos.leclercdrive.fr/image.ashx?id=2308054&use=l&cat=p&typeid=i","cat":284606},{"id":122913,"n":"Poudre PH moins 5kg","p":9.9,"u":"1,98 €/KG","img":"https://fd13-photos.leclercdrive.fr/image.ashx?id=1919432&use=l&cat=p&typeid=i","cat":335918},{"id":122915,"n":"Poudre PH Plus 5kg","p":9.9,"u":"1,98 €/KG","img":"https://fd13-photos.leclercdrive.fr/image.ashx?id=1919435&use=l&cat=p&typeid=i","cat":335918},{"id":122928,"n":"Sauce apéritif Old El Paso Mexicanita medium - 335g","p":2.78,"u":"8,30 €/KG","img":"https://fd13-photos.leclercdrive.fr/image.ashx?id=2737609&use=l&cat=p&typeid=i","cat":288993},{"id":122929,"n":"Sauces Old El Paso Guacamole Salsa et Poivrons - 575g","p":4.19,"u":"7,29 €/KG","img":"https://fd13-photos.leclercdrive.fr/image.ashx?id=2765399&use=l&cat=p&typeid=i","cat":288993},{"id":122930,"n":"Tortillas Old El Paso sans gluten x6 - 216g","p":3.2,"u":"14,81 €/KG","img":"https://fd13-photos.leclercdrive.fr/image.ashx?id=2737666&use=l&cat=p&typeid=i","cat":288993},{"id":122931,"n":"Kit Fajita Old El Paso sans gluten doux - 462g","p":5.65,"u":"12,23 €/KG","img":"https://fd13-photos.leclercdrive.fr/image.ashx?id=2759508&use=l&cat=p&typeid=i","cat":288993},{"id":122993,"n":"Quenelles de brochet Forestière Petit Jean - 2+1offert","p":4.1,"u":"3,42 €/KG","img":"https://fd13-photos.leclercdrive.fr/image.ashx?id=2953869&use=l&cat=p&typeid=i","cat":284441},{"id":123029,"n":"Poisson pané Colin Findus Extra croustillant - x2 250g","p":2.88,"u":"11,52 €/KG","img":"https://fd13-photos.leclercdrive.fr/image.ashx?id=3014548&use=l&cat=p&typeid=i","cat":319788},{"id":123033,"n":"Litière chats Nullodor 6kg","p":22.9,"u":"3,82 €/KG","img":"https://fd13-photos.leclercdrive.fr/image.ashx?id=1898714&use=l&cat=p&typeid=i","cat":284683},{"id":123062,"n":"Jambon de Paris Tradilège A l'étouffé - 160g","p":1.69,"u":"10,56 €/KG","img":"https://fd13-photos.leclercdrive.fr/image.ashx?id=2951143&use=l&cat=p&typeid=i","cat":316009},{"id":123063,"n":"Jambon de Paris Tradilège Découenné dégraissé x6 - 240g","p":2.39,"u":"9,96 €/KG","img":"https://fd13-photos.leclercdrive.fr/image.ashx?id=2951146&use=l&cat=p&typeid=i","cat":316009},{"id":123065,"n":"Jambon de Paris Tradilège À l'étouffée x8 - 320g","p":3.13,"u":"9,78 €/KG","img":"https://fd13-photos.leclercdrive.fr/image.ashx?id=2994387&use=l&cat=p&typeid=i","cat":316009},{"id":123067,"n":"Jambon de Paris Tradilège Découenné dégraissé x10 - 400g","p":3.86,"u":"9,65 €/KG","img":"https://fd13-photos.leclercdrive.fr/image.ashx?id=2930787&use=l&cat=p&typeid=i","cat":316009},{"id":123070,"n":"Jambon de Paris Tradilège -25% de sel - 4 tranches - 140g","p":2.05,"u":"14,64 €/KG","img":"https://fd13-photos.leclercdrive.fr/image.ashx?id=2991527&use=l&cat=p&typeid=i","cat":316009},{"id":123074,"n":"Jambon supérieur Tradilège Découenné dégraissé x4 - 160g","p":2.21,"u":"13,81 €/KG","img":"https://fd13-photos.leclercdrive.fr/image.ashx?id=2984194&use=l&cat=p&typeid=i","cat":316009},{"id":123076,"n":"Jambon supérieur Tradilège Découenné dégraissé x6 - 240g","p":3.25,"u":"13,54 €/KG","img":"https://fd13-photos.leclercdrive.fr/image.ashx?id=2974879&use=l&cat=p&typeid=i","cat":316009},{"id":123103,"n":"Jambon supérieur Tradilège Sans couenne x8 - 320g","p":4.29,"u":"13,41 €/KG","img":"https://fd13-photos.leclercdrive.fr/image.ashx?id=2943692&use=l&cat=p&typeid=i","cat":316009},{"id":123105,"n":"Jambon supérieur Tradilège Avec couenne 4 tranches - 160g","p":2.06,"u":"12,88 €/KG","img":"https://fd13-photos.leclercdrive.fr/image.ashx?id=2925756&use=l&cat=p&typeid=i","cat":316009},{"id":123106,"n":"Jambon supérieur Tradilège Avec couenne 6 tranches - 240g","p":3.08,"u":"12,83 €/KG","img":"https://fd13-photos.leclercdrive.fr/image.ashx?id=2970593&use=l&cat=p&typeid=i","cat":316009},{"id":123107,"n":"Jambon supérieur Tradilège Avec couenne 8 tranches - 320g","p":4.09,"u":"12,78 €/KG","img":"https://fd13-photos.leclercdrive.fr/image.ashx?id=2979586&use=l&cat=p&typeid=i","cat":316009},{"id":123108,"n":"Jambon supérieur Tradilège Label rouge découenné x4 - 160g","p":2.59,"u":"16,19 €/KG","img":"https://fd13-photos.leclercdrive.fr/image.ashx?id=2943698&use=l&cat=p&typeid=i","cat":316009},{"id":123121,"n":"Oeufs Marque rèpere De Nos Régions - x20","p":4.29,"u":"0,21 €/P","img":"https://fd13-photos.leclercdrive.fr/image.ashx?id=2969809&use=l&cat=p&typeid=i","cat":284378},{"id":123182,"n":"IGP Méditerranée vin rouge Cellier des Dauphins - BIB 5L","p":17.95,"u":"3,59 €/L","img":"https://fd13-photos.leclercdrive.fr/image.ashx?id=2104933&use=l&cat=p&typeid=i","cat":289560},{"id":123186,"n":"IGP Pays d'Oc blancChardonnay Côtes des Roses -75cl","p":7.48,"u":"9,97 €/L","img":"https://fd13-photos.leclercdrive.fr/image.ashx?id=2981578&use=l&cat=p&typeid=i","cat":289557},{"id":123249,"n":"Thé blanc bio Clipper Framboise - 34g","p":2.3,"u":"67,65 €/KG","img":"https://fd13-photos.leclercdrive.fr/image.ashx?id=2906757&use=l&cat=p&typeid=i","cat":293233},{"id":123254,"n":"Rhum Blanc agricole Dillon  Martinique - 70cl","p":12.53,"u":"17,90 €/L","img":"https://fd13-photos.leclercdrive.fr/image.ashx?id=2650949&use=l&cat=p&typeid=i","cat":284550},{"id":123257,"n":"Capsules café Plantation Lungo forte n°7 - x16 - 105g","p":3.35,"u":"31,90 €/KG","img":"https://fd13-photos.leclercdrive.fr/image.ashx?id=2649744&use=l&cat=p&typeid=i","cat":293239},{"id":123310,"n":"Pâtes Barilla Capellini - 1kg","p":1.97,"u":"1,97 €/KG","img":"https://fd13-photos.leclercdrive.fr/image.ashx?id=2986948&use=l&cat=p&typeid=i","cat":284427},{"id":123319,"n":"Spaghettini N°3 Barilla Qualité Supérieure - 500g","p":1.0,"u":"2,00 €/KG","img":"https://fd13-photos.leclercdrive.fr/image.ashx?id=2392197&use=l&cat=p&typeid=i","cat":284427},{"id":123340,"n":"IGP Pays d'Oc Vin rosé Lyv 12% vol - 75cl","p":5.91,"u":"7,88 €/L","img":"https://fd13-photos.leclercdrive.fr/image.ashx?id=2418819&use=l&cat=p&typeid=i","cat":289558},{"id":123360,"n":"Pétales Tables du Monde A la crevette ASC - 50g","p":0.65,"u":"13,00 €/KG","img":"https://fd13-photos.leclercdrive.fr/image.ashx?id=3013639&use=l&cat=p&typeid=i","cat":288992},{"id":123368,"n":"Brume d'eau Mot d'enfant 200ml","p":1.99,"u":"9,95 €/L","img":"https://fd13-photos.leclercdrive.fr/image.ashx?id=3015123&use=l&cat=p&typeid=i","cat":284741},{"id":123369,"n":"Crème hydratante visage & corps 75 Ml","p":1.39,"u":"18,53 €/L","img":"https://fd13-photos.leclercdrive.fr/image.ashx?id=1890346&use=l&cat=p&typeid=i","cat":325345},{"id":123371,"n":"Déboucheur Syphon Spécial cheveux - 1L","p":2.35,"u":"2,35 €/L","img":"https://fd13-photos.leclercdrive.fr/image.ashx?id=2202473&use=l&cat=p&typeid=i","cat":284908},{"id":123375,"n":"Gel Toilette Intime Neutre Intima Natural 200ml","p":3.15,"u":"15,75 €/L","img":"https://fd13-photos.leclercdrive.fr/image.ashx?id=2959865&use=l&cat=p&typeid=i","cat":284627},{"id":123393,"n":"Bière sans alcool Tourtel Twist Agrume 0,0° - 6x27,5cl","p":4.14,"u":"2,51 €/L","img":"https://fd13-photos.leclercdrive.fr/image.ashx?id=2730736&use=l&cat=p&typeid=i","cat":334877},{"id":123397,"n":"Bière sans alcool Tourtel Twist Framboise 0,0° - 6x27,5cl","p":4.08,"u":"2,47 €/L","img":"https://fd13-photos.leclercdrive.fr/image.ashx?id=2886705&use=l&cat=p&typeid=i","cat":334877},{"id":123407,"n":"Bière sans alcool Tourtel Twist Citron 0,0° - 6x27,5cl","p":3.85,"u":"2,33 €/L","img":"https://fd13-photos.leclercdrive.fr/image.ashx?id=2886702&use=l&cat=p&typeid=i","cat":334877},{"id":123416,"n":"Soda Coca-Cola Original Bouteille - Pack 6x1,75L","p":14.2,"u":"1,35 €/L","img":"https://fd13-photos.leclercdrive.fr/image.ashx?id=2878333&use=l&cat=p&typeid=i","cat":284530},{"id":123418,"n":"Bière blonde Leffe sans alcool 0,0% - 6x25cl","p":4.68,"u":"3,12 €/L","img":"https://fd13-photos.leclercdrive.fr/image.ashx?id=2548303&use=l&cat=p&typeid=i","cat":334877},{"id":123422,"n":"Soda Coca-Cola Sans Sucres Bouteille - 1,75L","p":1.73,"u":"0,99 €/L","img":"https://fd13-photos.leclercdrive.fr/image.ashx?id=2971748&use=l&cat=p&typeid=i","cat":284530},{"id":123436,"n":"Boisson fruit shoot Teisseire Tropical - 6x20cl","p":2.65,"u":"2,21 €/L","img":"https://fd13-photos.leclercdrive.fr/image.ashx?id=2858204&use=l&cat=p&typeid=i","cat":295018},{"id":123437,"n":"Boisson Fruit shoot Teisseire Multivamine - 6x20cl","p":2.67,"u":"2,23 €/L","img":"https://fd13-photos.leclercdrive.fr/image.ashx?id=2858201&use=l&cat=p&typeid=i","cat":295018},{"id":123441,"n":"Mascara Maybelline  Colossal Go volume extrême Noir","p":8.75,"u":"380,43 €/L","img":"https://fd13-photos.leclercdrive.fr/image.ashx?id=2344162&use=l&cat=p&typeid=i","cat":287029},{"id":123443,"n":"Pâtes Spaghetti Plat Panzani 3 Minutes - 500G","p":1.3,"u":"2,60 €/KG","img":"https://fd13-photos.leclercdrive.fr/image.ashx?id=2896114&use=l&cat=p&typeid=i","cat":284427},{"id":123448,"n":"Biscuits cacao Kinder Cards Au lait et au cacao 2x5 - 128g","p":3.56,"u":"13,91 €/KG","img":"https://fd13-photos.leclercdrive.fr/image.ashx?id=2672608&use=l&cat=p&typeid=i","cat":284488},{"id":123491,"n":"Crêpe fourrée Whaou Chocolat - x8 - 256g","p":2.1,"u":"8,20 €/KG","img":"https://fd13-photos.leclercdrive.fr/image.ashx?id=2962863&use=l&cat=p&typeid=i","cat":284494},{"id":123492,"n":"Crêpes Whaou! Chocolat x15 - 480g","p":3.65,"u":"7,60 €/KG","img":"https://fd13-photos.leclercdrive.fr/image.ashx?id=2986449&use=l&cat=p&typeid=i","cat":284494},{"id":123503,"n":"Yaourt fjord fromage blanc Nature - 4x125g","p":2.07,"u":"4,14 €/KG","img":"https://fd13-photos.leclercdrive.fr/image.ashx?id=2956993&use=l&cat=p&typeid=i","cat":284409},{"id":123504,"n":"Yaourt fjord fromage blanc Nature - 8x125g","p":3.39,"u":"3,39 €/KG","img":"https://fd13-photos.leclercdrive.fr/image.ashx?id=2653222&use=l&cat=p&typeid=i","cat":284409},{"id":123523,"n":"Tubes Copains Copines Arc-en-ciel - 200g","p":1.13,"u":"5,65 €/KG","img":"https://fd13-photos.leclercdrive.fr/image.ashx?id=2589864&use=l&cat=p&typeid=i","cat":304250},{"id":123540,"n":"Eau minérale naturelle Volvic 6x50cl","p":2.15,"u":"0,72 €/L","img":"https://fd13-photos.leclercdrive.fr/image.ashx?id=2730247&use=l&cat=p&typeid=i","cat":284535},{"id":123545,"n":"Quiche lorraine Marie Pur beurre - 400g","p":3.33,"u":"8,33 €/KG","img":"https://fd13-photos.leclercdrive.fr/image.ashx?id=2318546&use=l&cat=p&typeid=i","cat":333680},{"id":123547,"n":"Tarte poireaux Marie Pur beurre - 400g","p":3.38,"u":"8,45 €/KG","img":"https://fd13-photos.leclercdrive.fr/image.ashx?id=2318549&use=l&cat=p&typeid=i","cat":333680},{"id":123550,"n":"Yaourt aux fruits brassés Velouté fruix Danone - 16x125g","p":4.35,"u":"2,18 €/KG","img":"https://fd13-photos.leclercdrive.fr/image.ashx?id=2912923&use=l&cat=p&typeid=i","cat":284410},{"id":123551,"n":"Yaourt aux fruits brassés Velouté fruix Danone - 12x125g","p":3.88,"u":"2,59 €/KG","img":"https://fd13-photos.leclercdrive.fr/image.ashx?id=2912929&use=l&cat=p&typeid=i","cat":284410},{"id":123552,"n":"Yaourt fruits rouges brassés Velouté fruix Danone - 8x125g","p":2.68,"u":"2,68 €/KG","img":"https://fd13-photos.leclercdrive.fr/image.ashx?id=2912932&use=l&cat=p&typeid=i","cat":284410},{"id":123554,"n":"Yaourt aux fruits velouté fruix Danone brassé framboise -4x125g","p":1.79,"u":"3,58 €/KG","img":"https://fd13-photos.leclercdrive.fr/image.ashx?id=2911858&use=l&cat=p&typeid=i","cat":284410},{"id":123555,"n":"Yaourt fruits jaunes brassés Velouté fruix Danone - 8x125g","p":2.69,"u":"2,69 €/KG","img":"https://fd13-photos.leclercdrive.fr/image.ashx?id=2912926&use=l&cat=p&typeid=i","cat":284410},{"id":123557,"n":"Kiwi Panier du Primeur Filière Mûrs à point - x6","p":3.99,"u":"0,67 €/P","img":"https://fd13-photos.leclercdrive.fr/image.ashx?id=2955047&use=l&cat=p&typeid=i","cat":284356},{"id":123558,"n":"Pomelo Bio Bio Village x1","p":0.99,"img":"https://fd13-photos.leclercdrive.fr/image.ashx?id=2231573&use=l&cat=p&typeid=i","cat":284356},{"id":123563,"n":"Filet de poulet blanc Maître Coq - 1kg","p":9.75,"u":"9,75 €/KG","img":"https://fd13-photos.leclercdrive.fr/image.ashx?id=2551132&use=l&cat=p&typeid=i","cat":284336},{"id":123603,"n":"Kit Distributeur Savon Mains Dettol Citron 250ml","p":9.27,"u":"Dont 0,02 € d'éco-part.","img":"https://fd13-photos.leclercdrive.fr/image.ashx?id=2975134&use=l&cat=p&typeid=i","cat":284597},{"id":123606,"n":"Lessive liquide blanc Epsil 25 lavages - 1.25L","p":2.54,"u":"2,03 €/L","img":"https://fd13-photos.leclercdrive.fr/image.ashx?id=2838933&use=l&cat=p&typeid=i","cat":284640},{"id":123622,"n":"Lait poudre Optima 2 Babybio  Bio 6 mois à 1an - 800g","p":17.6,"u":"22,00 €/KG","img":"https://fd13-photos.leclercdrive.fr/image.ashx?id=2988436&use=l&cat=p&typeid=i","cat":284727},{"id":123687,"n":"Lait de croissance Bio BabyBio 6x1L","p":13.4,"u":"2,23 €/L","img":"https://fd13-photos.leclercdrive.fr/image.ashx?id=2953875&use=l&cat=p&typeid=i","cat":284728},{"id":123693,"n":"Pâtes Eco+ Vermicelles - 1kg","p":1.34,"u":"1,34 €/KG","img":"https://fd13-photos.leclercdrive.fr/image.ashx?id=2949400&use=l&cat=p&typeid=i","cat":284427},{"id":123695,"n":"Lait Primea 1 Bio BabyBio 800g","p":18.34,"u":"22,93 €/KG","img":"https://fd13-photos.leclercdrive.fr/image.ashx?id=2911327&use=l&cat=p&typeid=i","cat":284726},{"id":123697,"n":"Lait Caprea 2 Bio Babybio Bio 800g","p":27.21,"u":"34,01 €/KG","img":"https://fd13-photos.leclercdrive.fr/image.ashx?id=2733340&use=l&cat=p&typeid=i","cat":284727},{"id":123706,"n":"Ravioles du Dauphiné IGP 2x5 plaques - 600g","p":8.7,"u":"14,50 €/KG","img":"https://fd13-photos.leclercdrive.fr/image.ashx?id=2881365&use=l&cat=p&typeid=i","cat":333682},{"id":123776,"n":"Collerettes Lustucru   3 minutes - 1kg","p":2.89,"u":"2,89 €/KG","img":"https://fd13-photos.leclercdrive.fr/image.ashx?id=2108447&use=l&cat=p&typeid=i","cat":284427},{"id":123777,"n":"Torsettes Lustucru  3min - 1kg","p":2.61,"u":"2,61 €/KG","img":"https://fd13-photos.leclercdrive.fr/image.ashx?id=2892148&use=l&cat=p&typeid=i","cat":284427},{"id":123778,"n":"Coquillettes Lustucru  3min - 1kg","p":3.17,"u":"3,17 €/KG","img":"https://fd13-photos.leclercdrive.fr/image.ashx?id=2892151&use=l&cat=p&typeid=i","cat":284427},{"id":123864,"n":"Crème Pieds Anti-Crevasses Talons 24h - 60 ml","p":4.84,"u":"80,67 €/L","img":"https://fd13-photos.leclercdrive.fr/image.ashx?id=2980878&use=l&cat=p&typeid=i","cat":325354},{"id":123883,"n":"Thon Alba Connetable Naturel Label Rouge - 112g","p":2.99,"u":"26,70 €/KG","img":"https://fd13-photos.leclercdrive.fr/image.ashx?id=2674128&use=l&cat=p&typeid=i","cat":303867},{"id":123898,"n":"Tablette gourmande Poulain Chocolat au lait - 100g","p":1.86,"u":"18,60 €/KG","img":"https://fd13-photos.leclercdrive.fr/image.ashx?id=2867128&use=l&cat=p&typeid=i","cat":284497},{"id":123924,"n":"Barres choco caram biscuit 348g","p":1.97,"u":"5,66 €/KG","img":"https://fd13-photos.leclercdrive.fr/image.ashx?id=2196637&use=l&cat=p&typeid=i","cat":284498},{"id":123960,"n":"Bière sans alcool Desperados Virgin - Agrumes 3x33cl","p":3.91,"u":"3,95 €/L","img":"https://fd13-photos.leclercdrive.fr/image.ashx?id=2977966&use=l&cat=p&typeid=i","cat":334877},{"id":124035,"n":"Jus de raisin ABC Eco+ 1L","p":0.98,"u":"0,98 €/L","img":"https://fd13-photos.leclercdrive.fr/image.ashx?id=2594407&use=l&cat=p&typeid=i","cat":284915},{"id":124052,"n":"Nouilles de riz Table du monde 250g","p":1.99,"u":"7,96 €/KG","img":"https://fd13-photos.leclercdrive.fr/image.ashx?id=2679780&use=l&cat=p&typeid=i","cat":288992},{"id":124140,"n":"Saumon fumé Labeyrie Norvège - x4 - 130g","p":8.99,"u":"69,15 €/KG","img":"https://fd13-photos.leclercdrive.fr/image.ashx?id=2729896&use=l&cat=p&typeid=i","cat":285188},{"id":124243,"n":"Pâté en croûte Maison Monterrat Apéri'Croq classique - 450g","p":3.09,"u":"6,87 €/KG","img":"https://fd13-photos.leclercdrive.fr/image.ashx?id=2277260&use=l&cat=p&typeid=i","cat":316003},{"id":124272,"n":"Thon nature entier Saupiquet MSC - 140g","p":2.57,"u":"18,36 €/KG","img":"https://fd13-photos.leclercdrive.fr/image.ashx?id=2731540&use=l&cat=p&typeid=i","cat":303867},{"id":124375,"n":"Eau infusée Bio Volvic Concombre menthe - 75cl","p":1.65,"u":"2,20 €/L","img":"https://fd13-photos.leclercdrive.fr/image.ashx?id=2462517&use=l&cat=p&typeid=i","cat":284537},{"id":124467,"n":"AOC Vin blanc Monbazillac Bio Terrasses d'Autan - 75cl","p":7.99,"u":"10,65 €/L","img":"https://fd13-photos.leclercdrive.fr/image.ashx?id=2775119&use=l&cat=p&typeid=i","cat":289557},{"id":124478,"n":"IGP Méditérranée rosé Les Calandières - 75cl","p":3.01,"u":"4,01 €/L","img":"https://fd13-photos.leclercdrive.fr/image.ashx?id=2996608&use=l&cat=p&typeid=i","cat":289558},{"id":124496,"n":"Crème glacée Ben & Jerry's Choco Fudge Brownie - 408g","p":3.74,"u":"9,17 €/KG","img":"https://fd13-photos.leclercdrive.fr/image.ashx?id=2738050&use=l&cat=p&typeid=i","cat":284725},{"id":124498,"n":"Glace en Pot BEN & JERRY'S Cookie Dough - 465ml","p":3.67,"u":"9,04 €/KG","img":"https://fd13-photos.leclercdrive.fr/image.ashx?id=2738056&use=l&cat=p&typeid=i","cat":284725},{"id":124499,"n":"Glace en Pot BEN & JERRY'S Vanilla Pecan Blondie - 465ml","p":3.99,"u":"9,64 €/KG","img":"https://fd13-photos.leclercdrive.fr/image.ashx?id=2832548&use=l&cat=p&typeid=i","cat":284725},{"id":124500,"n":"Crème glacée Ben & Jerry's Peanut butter - 425g","p":3.67,"u":"8,64 €/KG","img":"https://fd13-photos.leclercdrive.fr/image.ashx?id=3001524&use=l&cat=p&typeid=i","cat":284725},{"id":124533,"n":"Confiture extra bio Bio Village Rhubarbe - 370g","p":2.59,"u":"7,00 €/KG","img":"https://fd13-photos.leclercdrive.fr/image.ashx?id=2482514&use=l&cat=p&typeid=i","cat":284480},{"id":124585,"n":"Black spiced \"The kraken\" 40° - 70cl","p":27.51,"u":"39,30 €/L","img":"https://fd13-photos.leclercdrive.fr/image.ashx?id=2550940&use=l&cat=p&typeid=i","cat":284550},{"id":124595,"n":"Nutella Biscuit pâte à tartiner Cacao Noisettes - 166g","p":1.9,"u":"11,45 €/KG","img":"https://fd13-photos.leclercdrive.fr/image.ashx?id=2922200&use=l&cat=p&typeid=i","cat":284488},{"id":124654,"n":"Bac crème glacée Eskiss Caramel - 500g","p":3.89,"u":"7,78 €/KG","img":"https://fd13-photos.leclercdrive.fr/image.ashx?id=1958907&use=l&cat=p&typeid=i","cat":284263},{"id":124655,"n":"Bac sorbet Eskiss Mangue - 650g","p":2.49,"u":"3,83 €/KG","img":"https://fd13-photos.leclercdrive.fr/image.ashx?id=2982673&use=l&cat=p&typeid=i","cat":284263},{"id":124670,"n":"Pain de mie complet Jacquet Maxi - Sans sucre ajouté - 550g","p":1.6,"u":"2,91 €/KG","img":"https://fd13-photos.leclercdrive.fr/image.ashx?id=2935708&use=l&cat=p&typeid=i","cat":284477},{"id":124671,"n":"Pain de mie Sans croûte Jacquet Sans sucre ajouté - 475g","p":1.79,"u":"3,77 €/KG","img":"https://fd13-photos.leclercdrive.fr/image.ashx?id=2919754&use=l&cat=p&typeid=i","cat":284477},{"id":124694,"n":"Saucisson Mini Justin Bridou  Bâton de Berger nature - 160g","p":3.26,"u":"20,38 €/KG","img":"https://fd13-photos.leclercdrive.fr/image.ashx?id=2921786&use=l&cat=p&typeid=i","cat":316006},{"id":124713,"n":"Cire wax effet scultant Taft 75 ml","p":3.25,"u":"43,33 €/L","img":"https://fd13-photos.leclercdrive.fr/image.ashx?id=2334914&use=l&cat=p&typeid=i","cat":284609},{"id":124714,"n":"Combinés gratte éponges Spontex x3","p":2.36,"u":"0,79 €/P","img":"https://fd13-photos.leclercdrive.fr/image.ashx?id=2968895&use=l&cat=p&typeid=i","cat":284667},{"id":124723,"n":"Champignon Bonduelle Emincé - 3x115g","p":2.66,"u":"7,71 €/KG","img":"https://fd13-photos.leclercdrive.fr/image.ashx?id=2913121&use=l&cat=p&typeid=i","cat":312610},{"id":124743,"n":"Gratte éponge Spontex anti bactérien - x2","p":1.9,"u":"0,95 €/P","img":"https://fd13-photos.leclercdrive.fr/image.ashx?id=2973081&use=l&cat=p&typeid=i","cat":284667},{"id":124744,"n":"Gratte éponge Spontex x3","p":2.25,"u":"0,75 €/P","img":"https://fd13-photos.leclercdrive.fr/image.ashx?id=2973084&use=l&cat=p&typeid=i","cat":284667},{"id":124762,"n":"Biscuit Milka Chocolat pause - 3x260g","p":4.41,"pp":3.09,"u":"3,96 €/KG","img":"https://fd13-photos.leclercdrive.fr/image.ashx?id=2680377&use=l&cat=p&typeid=i","cat":284488},{"id":124787,"n":"Shampooing sec Batiste Volume - 200ml","p":4.39,"u":"21,95 €/L","img":"https://fd13-photos.leclercdrive.fr/image.ashx?id=2557979&use=l&cat=p&typeid=i","cat":289143},{"id":124791,"n":"Serviette Nana Maxi goodnight - x12","p":1.94,"u":"0,16 €/P","img":"https://fd13-photos.leclercdrive.fr/image.ashx?id=2806402&use=l&cat=p&typeid=i","cat":284624},{"id":124837,"n":"Dual nature saumon One Purina Chat stérilisé - 1,4kg","p":7.44,"u":"5,31 €/KG","img":"https://fd13-photos.leclercdrive.fr/image.ashx?id=2871145&use=l&cat=p&typeid=i","cat":284680},{"id":124838,"n":"Lunettes de Romans Myrtille - 350g","p":2.99,"u":"8,54 €/KG","img":"https://fd13-photos.leclercdrive.fr/image.ashx?id=2188107&use=l&cat=p&typeid=i","cat":284487},{"id":124847,"n":"Lunettes de Roman Abricot - 350g","p":2.99,"u":"10,68 €/KG","img":"https://fd13-photos.leclercdrive.fr/image.ashx?id=2188104&use=l&cat=p&typeid=i","cat":284489},{"id":124854,"n":"Huile de lin Mieuxa 1L","p":8.85,"u":"8,85 €/L","img":"https://fd13-photos.leclercdrive.fr/image.ashx?id=2277026&use=l&cat=p&typeid=i","cat":300576},{"id":124874,"n":"Crème glacée Ben & Jerry's  Caramel Brownie Party - 405g","p":3.83,"u":"9,46 €/KG","img":"https://fd13-photos.leclercdrive.fr/image.ashx?id=2773889&use=l&cat=p&typeid=i","cat":284725},{"id":124901,"n":"Pâte à tartiner Nutella 630g","p":4.81,"u":"7,63 €/KG","img":"https://fd13-photos.leclercdrive.fr/image.ashx?id=2968841&use=l&cat=p&typeid=i","cat":284481},{"id":124902,"n":"Eponges végétales Eco+ x2","p":0.46,"u":"0,23 €/P","img":"https://fd13-photos.leclercdrive.fr/image.ashx?id=2770242&use=l&cat=p&typeid=i","cat":284667},{"id":124903,"n":"Laque fixation forte Eco+ 400ml","p":1.11,"u":"2,78 €/L","img":"https://fd13-photos.leclercdrive.fr/image.ashx?id=2932387&use=l&cat=p&typeid=i","cat":284609},{"id":124904,"n":"Liquide allume-feu Eco+ 1L","p":2.92,"u":"2,92 €/L","img":"https://fd13-photos.leclercdrive.fr/image.ashx?id=1901698&use=l&cat=p&typeid=i","cat":300577},{"id":124905,"n":"Sacs poubelle coulissants Eco+ 30 l - x20","p":1.23,"u":"0,06 €/P","img":"https://fd13-photos.leclercdrive.fr/image.ashx?id=1901701&use=l&cat=p&typeid=i","cat":285168},{"id":124906,"n":"Sacs poubelle Eco+ 50L Coulissants - x25","p":2.33,"u":"0,09 €/P","img":"https://fd13-photos.leclercdrive.fr/image.ashx?id=1916286&use=l&cat=p&typeid=i","cat":285168},{"id":124908,"n":"Crème coiffante Carré Homme Cheveux & Barbe - 75ml","p":3.79,"u":"50,53 €/L","img":"https://fd13-photos.leclercdrive.fr/image.ashx?id=2635691&use=l&cat=p&typeid=i","cat":284609},{"id":124909,"n":"Culotte Enuresie Mots d'Enfants 4-7 ans -17-30 kg - x15","p":9.49,"u":"0,63 €/P","img":"https://fd13-photos.leclercdrive.fr/image.ashx?id=2900169&use=l&cat=p&typeid=i","cat":290633},{"id":124910,"n":"Culotte Enuresie Mots d'enfants 8/15 ans -27/57 kg- x12","p":9.29,"u":"0,77 €/P","img":"https://fd13-photos.leclercdrive.fr/image.ashx?id=2905234&use=l&cat=p&typeid=i","cat":290633},{"id":124912,"n":"Insecticide Insectivor Anti-acariens puce- 400ml","p":4.99,"u":"12,48 €/L","img":"https://fd13-photos.leclercdrive.fr/image.ashx?id=2805051&use=l&cat=p&typeid=i","cat":298368},{"id":124913,"n":"Insecticide Insectivor Volant/rampant - 400ml","p":3.95,"u":"9,88 €/L","img":"https://fd13-photos.leclercdrive.fr/image.ashx?id=2933322&use=l&cat=p&typeid=i","cat":298368},{"id":124923,"n":"Croquettes chat stérilisé  Ultima Nature bœuf – 1,1kg","p":6.64,"u":"6,04 €/KG","img":"https://fd13-photos.leclercdrive.fr/image.ashx?id=2629884&use=l&cat=p&typeid=i","cat":284680},{"id":124924,"n":"Croquettes chat Ultima Nature Sans céréales - Dinde- 1.1kg","p":6.54,"u":"5,95 €/KG","img":"https://fd13-photos.leclercdrive.fr/image.ashx?id=2929218&use=l&cat=p&typeid=i","cat":284680},{"id":124930,"n":"Sacs poubelle Elembal Coulissants spécial tri 50L-x10","p":2.19,"u":"0,22 €/P","img":"https://fd13-photos.leclercdrive.fr/image.ashx?id=2958756&use=l&cat=p&typeid=i","cat":285168},{"id":124931,"n":"Coton maxi ovale Bio Bionaia x60","p":2.16,"u":"0,04 €/P","img":"https://fd13-photos.leclercdrive.fr/image.ashx?id=2658584&use=l&cat=p&typeid=i","cat":284636},{"id":124936,"n":"Serviettes hygiéniques Eco+ Normales Ultra minces - x14","p":0.51,"u":"0,04 €/P","img":"https://fd13-photos.leclercdrive.fr/image.ashx?id=2809686&use=l&cat=p&typeid=i","cat":284624},{"id":124959,"n":"Shampooing sec Nateïs Pomme - 150ml","p":2.16,"u":"14,40 €/L","img":"https://fd13-photos.leclercdrive.fr/image.ashx?id=2843602&use=l&cat=p&typeid=i","cat":289143},{"id":124961,"n":"Shampoing sec Nateis 150ml","p":1.87,"u":"12,47 €/L","img":"https://fd13-photos.leclercdrive.fr/image.ashx?id=2751919&use=l&cat=p&typeid=i","cat":289143},{"id":124962,"n":"Sacs poubelle Elembal Salle de bain 5L - x40","p":1.26,"u":"0,03 €/P","img":"https://fd13-photos.leclercdrive.fr/image.ashx?id=2793284&use=l&cat=p&typeid=i","cat":285168},{"id":125216,"n":"Cacahuètes Eco+ Grillées à sec - 150g","p":0.46,"u":"3,07 €/KG","img":"https://fd13-photos.leclercdrive.fr/image.ashx?id=2780710&use=l&cat=p&typeid=i","cat":284448},{"id":125218,"n":"Cacahuètes Eco  Grillées et salées - 250g","p":0.7,"u":"2,80 €/KG","img":"https://fd13-photos.leclercdrive.fr/image.ashx?id=2836801&use=l&cat=p&typeid=i","cat":284448},{"id":125238,"n":"Cookies P'tit Déli Chocolat noisette - 200g","p":1.69,"u":"8,45 €/KG","img":"https://fd13-photos.leclercdrive.fr/image.ashx?id=1943253&use=l&cat=p&typeid=i","cat":325066},{"id":125241,"n":"Amandes Bio Village Bio - 100g","p":2.09,"u":"20,90 €/KG","img":"https://fd13-photos.leclercdrive.fr/image.ashx?id=2664596&use=l&cat=p&typeid=i","cat":284448},{"id":125314,"n":"Farine de blé Jardin Bio Blanche - 1kg","p":1.81,"u":"1,81 €/KG","img":"https://fd13-photos.leclercdrive.fr/image.ashx?id=2638286&use=l&cat=p&typeid=i","cat":284503},{"id":125315,"n":"Farine bio Jardin Bio Semi-complète T80 - 1kg","p":2.69,"u":"2,69 €/KG","img":"https://fd13-photos.leclercdrive.fr/image.ashx?id=2944834&use=l&cat=p&typeid=i","cat":284503},{"id":125328,"n":"Ketchup Rustica Nature - 560g","p":1.25,"u":"2,23 €/KG","img":"https://fd13-photos.leclercdrive.fr/image.ashx?id=2870050&use=l&cat=p&typeid=i","cat":284455},{"id":125383,"n":"Comté fromage râpé Les Croisés 130g","p":1.95,"u":"15,00 €/KG","img":"https://fd13-photos.leclercdrive.fr/image.ashx?id=2897820&use=l&cat=p&typeid=i","cat":314035},{"id":125532,"n":"Chocolat noir Lindt Création Pistache éclat d'Amandes - 150g","p":3.08,"u":"20,53 €/KG","img":"https://fd13-photos.leclercdrive.fr/image.ashx?id=2961963&use=l&cat=p&typeid=i","cat":284956},{"id":125572,"n":"Yaourt bifidus Activia Citron - 12x125g","p":4.47,"u":"2,98 €/KG","img":"https://fd13-photos.leclercdrive.fr/image.ashx?id=2741805&use=l&cat=p&typeid=i","cat":315000},{"id":125723,"n":"Céréales fourées P'tit Déli Tout chocolat - 650g","p":2.89,"u":"4,45 €/KG","img":"https://fd13-photos.leclercdrive.fr/image.ashx?id=2878603&use=l&cat=p&typeid=i","cat":309513},{"id":125760,"n":"Cacahuètes Benenuts-Twinuts Sauces BBQ - 150g","p":1.19,"u":"7,93 €/KG","img":"https://fd13-photos.leclercdrive.fr/image.ashx?id=2967741&use=l&cat=p&typeid=i","cat":284448},{"id":125767,"n":"Biscuits apéritif Lay's 3D's Gout fromage - 150g","p":1.37,"u":"9,13 €/KG","img":"https://fd13-photos.leclercdrive.fr/image.ashx?id=2917423&use=l&cat=p&typeid=i","cat":284449},{"id":125870,"n":"Cacahuètes grillées Benenuts Non salées - 200g","p":1.97,"u":"9,85 €/KG","img":"https://fd13-photos.leclercdrive.fr/image.ashx?id=2431821&use=l&cat=p&typeid=i","cat":284448},{"id":125916,"n":"Fromages frais Pat'Patrouille Yoplait goûts fruits - 24x50g","p":3.34,"u":"2,78 €/KG","img":"https://fd13-photos.leclercdrive.fr/image.ashx?id=2733688&use=l&cat=p&typeid=i","cat":284414},{"id":125919,"n":"Boisson végétale Alpro Lait d'amande vanille - 1L","p":3.09,"u":"3,09 €/L","img":"https://fd13-photos.leclercdrive.fr/image.ashx?id=2981671&use=l&cat=p&typeid=i","cat":316067},{"id":125958,"n":"Chips Bret's Saveur vinaigre - 125g","p":1.19,"u":"9,52 €/KG","img":"https://fd13-photos.leclercdrive.fr/image.ashx?id=1925081&use=l&cat=p&typeid=i","cat":284447},{"id":125966,"n":"Chips Tyrrell's Sel et poivre - 150g","p":2.19,"u":"14,60 €/KG","img":"https://fd13-photos.leclercdrive.fr/image.ashx?id=2884777&use=l&cat=p&typeid=i","cat":284447},{"id":126139,"n":"Chips  Sel de mer Tyrell's Saveur vinaigre - 150g","p":2.19,"u":"14,60 €/KG","img":"https://fd13-photos.leclercdrive.fr/image.ashx?id=2941865&use=l&cat=p&typeid=i","cat":284447},{"id":126178,"n":"Riz long thaï Eco+ 1kg","p":1.61,"u":"1,61 €/KG","img":"https://fd13-photos.leclercdrive.fr/image.ashx?id=2799751&use=l&cat=p&typeid=i","cat":284428},{"id":126183,"n":"Biscuits Lotus Biscoff Fourré  Crème saveur speculoos - 150g","p":1.81,"u":"12,07 €/KG","img":"https://fd13-photos.leclercdrive.fr/image.ashx?id=2694968&use=l&cat=p&typeid=i","cat":284487},{"id":126186,"n":"Riz rond Eco+ 1kg","p":1.77,"u":"1,77 €/KG","img":"https://fd13-photos.leclercdrive.fr/image.ashx?id=2704594&use=l&cat=p&typeid=i","cat":284428},{"id":126187,"n":"Biscuits Lotus Biscoff Fourré Crème saveur chocolat 150g","p":1.79,"u":"11,93 €/KG","img":"https://fd13-photos.leclercdrive.fr/image.ashx?id=2859818&use=l&cat=p&typeid=i","cat":284487},{"id":126189,"n":"Biscuits Lotus Biscoff Fourré  Crème saveur vanille - 150g","p":2.24,"u":"14,93 €/KG","img":"https://fd13-photos.leclercdrive.fr/image.ashx?id=2685315&use=l&cat=p&typeid=i","cat":284487},{"id":126206,"n":"Galettes La mère poulard Grande - beurre - 135g","p":1.69,"u":"12,52 €/KG","img":"https://fd13-photos.leclercdrive.fr/image.ashx?id=2905465&use=l&cat=p&typeid=i","cat":284487},{"id":126207,"n":"Galette St Michel 520g","p":3.35,"u":"6,44 €/KG","img":"https://fd13-photos.leclercdrive.fr/image.ashx?id=2936221&use=l&cat=p&typeid=i","cat":284487},{"id":126310,"n":"Crème dépilatoire Pure Veet Corps Peaux normales 200ml","p":5.67,"u":"28,35 €/L","img":"https://fd13-photos.leclercdrive.fr/image.ashx?id=3014437&use=l&cat=p&typeid=i","cat":325351},{"id":126314,"n":"Crème dépilatoire Pure Veet Corps Peaux sensibles 200ml","p":4.45,"u":"22,25 €/L","img":"https://fd13-photos.leclercdrive.fr/image.ashx?id=2965692&use=l&cat=p&typeid=i","cat":325351},{"id":126316,"n":"Cire Chaude au Sucre Pure Veet 100% d'Origine Naturelle 250ml","p":4.69,"u":"18,76 €/L","img":"https://fd13-photos.leclercdrive.fr/image.ashx?id=2990430&use=l&cat=p&typeid=i","cat":325351},{"id":126421,"n":"Biscuits Figolu LU Figue - 192g","p":1.44,"u":"7,50 €/KG","img":"https://fd13-photos.leclercdrive.fr/image.ashx?id=2967950&use=l&cat=p&typeid=i","cat":284489},{"id":126422,"n":"Dinosaurus Lotus Chocolat au lait - 2x225g","p":3.86,"u":"8,58 €/KG","img":"https://fd13-photos.leclercdrive.fr/image.ashx?id=2694992&use=l&cat=p&typeid=i","cat":284488},{"id":126424,"n":"Biscuits Sprits sablés Delacre Chocolat au lait - 200g","p":1.7,"u":"8,50 €/KG","img":"https://fd13-photos.leclercdrive.fr/image.ashx?id=2855873&use=l&cat=p&typeid=i","cat":284488},{"id":126430,"n":"Dosettes café Senseo Milka x8","p":3.05,"u":"27,23 €/KG","img":"https://fd13-photos.leclercdrive.fr/image.ashx?id=2127012&use=l&cat=p&typeid=i","cat":293238},{"id":126436,"n":"Amandes Benenuts-Plaisir Brut Non salées - 145g","p":3.69,"u":"25,45 €/KG","img":"https://fd13-photos.leclercdrive.fr/image.ashx?id=3014470&use=l&cat=p&typeid=i","cat":284448},{"id":126474,"n":"Thon entier MSC Petit Navire A l'huile d'olive - 160g","p":3.39,"u":"21,19 €/KG","img":"https://fd13-photos.leclercdrive.fr/image.ashx?id=2523897&use=l&cat=p&typeid=i","cat":303867},{"id":126477,"n":"Thon naturel MSC Petit Navire -25% sel - 112g","p":2.55,"u":"22,77 €/KG","img":"https://fd13-photos.leclercdrive.fr/image.ashx?id=2521897&use=l&cat=p&typeid=i","cat":303867},{"id":126478,"n":"Morceaux Thon PETIT NAVIRE 160g Nature Démarche Responsable","p":1.99,"u":"17,77 €/KG","img":"https://fd13-photos.leclercdrive.fr/image.ashx?id=2549453&use=l&cat=p&typeid=i","cat":303867},{"id":126519,"n":"Bloc WC Bref Color Activ+  Marine toilettes - 50g x1","p":1.61,"u":"322,00 €/KG","img":"https://fd13-photos.leclercdrive.fr/image.ashx?id=2890112&use=l&cat=p&typeid=i","cat":284662},{"id":126570,"n":"Soda Sprite Original  Bouteille  - 1.25L","p":1.33,"u":"1,06 €/L","img":"https://fd13-photos.leclercdrive.fr/image.ashx?id=2796989&use=l&cat=p&typeid=i","cat":284531},{"id":126578,"n":"Poires Eco+ Barquette 1kg","p":2.49,"u":"2,49 €/KG","img":"https://fd13-photos.leclercdrive.fr/image.ashx?id=2909374&use=l&cat=p&typeid=i","cat":284356},{"id":126583,"n":"Kiwi vert Eco+ Barquette 1kg","p":3.99,"u":"3,99 €/KG","img":"https://fd13-photos.leclercdrive.fr/image.ashx?id=2922373&use=l&cat=p&typeid=i","cat":284356},{"id":126586,"n":"Tomate cerise Eco+ Barquette 250g","p":0.99,"u":"3,96 €/KG","img":"https://fd13-photos.leclercdrive.fr/image.ashx?id=2968067&use=l&cat=p&typeid=i","cat":284352},{"id":126589,"n":"Endives Eco+ Sachet 500g","p":1.49,"u":"2,98 €/KG","img":"https://fd13-photos.leclercdrive.fr/image.ashx?id=2922917&use=l&cat=p&typeid=i","cat":284352},{"id":126590,"n":"Ail Eco+ Filet 250g","p":1.99,"u":"7,96 €/KG","img":"https://fd13-photos.leclercdrive.fr/image.ashx?id=2919586&use=l&cat=p&typeid=i","cat":284352},{"id":126643,"n":"Gaufres de liège Lotus Chocolat - 363g","p":3.0,"u":"8,26 €/KG","img":"https://fd13-photos.leclercdrive.fr/image.ashx?id=2859824&use=l&cat=p&typeid=i","cat":294777},{"id":126646,"n":"Gaufres de liège Lotus Chocolat au lait - 363g","p":2.97,"u":"8,18 €/KG","img":"https://fd13-photos.leclercdrive.fr/image.ashx?id=2859827&use=l&cat=p&typeid=i","cat":294777},{"id":126652,"n":"Pavés fondants camembert Président - 200g","p":3.9,"u":"19,50 €/KG","img":"https://fd13-photos.leclercdrive.fr/image.ashx?id=2856091&use=l&cat=p&typeid=i","cat":314027},{"id":126655,"n":"Rillettes de thon aux olives  Ronde des Mers - 125g","p":1.68,"u":"13,44 €/KG","img":"https://fd13-photos.leclercdrive.fr/image.ashx?id=2436705&use=l&cat=p&typeid=i","cat":303867},{"id":126658,"n":"Poisson pané Colin Alaska  Findus MSC herbes ail x2 - 225g","p":3.2,"u":"14,22 €/KG","img":"https://fd13-photos.leclercdrive.fr/image.ashx?id=2650699&use=l&cat=p&typeid=i","cat":319788},{"id":126659,"n":"Fromage fondu Eco+ 24 portions - 400g","p":2.45,"u":"6,13 €/KG","img":"https://fd13-photos.leclercdrive.fr/image.ashx?id=2415746&use=l&cat=p&typeid=i","cat":314030},{"id":126765,"n":"Mascara Maybelline New York Big Shot Daring Black nu - x1","p":7.09,"img":"https://fd13-photos.leclercdrive.fr/image.ashx?id=2344165&use=l&cat=p&typeid=i","cat":287029},{"id":126814,"n":"Filet de poulet Le Gaulois Non OGM Cuisson express 280g","p":3.95,"u":"14,11 €/KG","img":"https://fd13-photos.leclercdrive.fr/image.ashx?id=2304716&use=l&cat=p&typeid=i","cat":284336},{"id":126816,"n":"Escalope de poulet Le Gaulois 240g","p":4.19,"u":"17,46 €/KG","img":"https://fd13-photos.leclercdrive.fr/image.ashx?id=2304713&use=l&cat=p&typeid=i","cat":284336},{"id":126817,"n":"Filet de poulet extra tendre Le Gaulois - 300g","p":4.7,"u":"15,67 €/KG","img":"https://fd13-photos.leclercdrive.fr/image.ashx?id=2304707&use=l&cat=p&typeid=i","cat":284336},{"id":126847,"n":"Batonnets Smicy Vanille fraise - x12 - 456g","p":3.65,"u":"8,00 €/KG","img":"https://fd13-photos.leclercdrive.fr/image.ashx?id=1936707&use=l&cat=p&typeid=i","cat":284265},{"id":126848,"n":"Batonnets Smicy Vanille - x12 - 456g","p":4.02,"u":"8,82 €/KG","img":"https://fd13-photos.leclercdrive.fr/image.ashx?id=2902552&use=l&cat=p&typeid=i","cat":284265},{"id":126849,"n":"Batonnets Smicy Vanille chocolat - x12 - 456g","p":3.53,"u":"7,74 €/KG","img":"https://fd13-photos.leclercdrive.fr/image.ashx?id=2051843&use=l&cat=p&typeid=i","cat":284265},{"id":126850,"n":"Batonnets Smicy Pistache chocolat - x12 - 456g","p":3.53,"u":"7,74 €/KG","img":"https://fd13-photos.leclercdrive.fr/image.ashx?id=2902561&use=l&cat=p&typeid=i","cat":284265},{"id":126903,"n":"Nouilles aux oeufs Suzi Wan Bio - 250g","p":2.64,"u":"10,56 €/KG","img":"https://fd13-photos.leclercdrive.fr/image.ashx?id=1912898&use=l&cat=p&typeid=i","cat":288992},{"id":126907,"n":"Pesto verde Garofalo 175g","p":2.49,"u":"14,23 €/KG","img":"https://fd13-photos.leclercdrive.fr/image.ashx?id=2884651&use=l&cat=p&typeid=i","cat":287599},{"id":126914,"n":"Lorina limonade artisanale 6x20cl","p":4.08,"u":"3,40 €/L","img":"https://fd13-photos.leclercdrive.fr/image.ashx?id=2735140&use=l&cat=p&typeid=i","cat":284531},{"id":126960,"n":"Cheeseburgers Côté Croc x6 - 780g","p":6.29,"u":"8,06 €/KG","img":"https://fd13-photos.leclercdrive.fr/image.ashx?id=2077373&use=l&cat=p&typeid=i","cat":319822},{"id":126970,"n":"Bière sans alcool Tourtel Twist Framboise - 0.0% - 12x27,5cl","p":7.65,"u":"2,32 €/L","img":"https://fd13-photos.leclercdrive.fr/image.ashx?id=2962071&use=l&cat=p&typeid=i","cat":334877},{"id":126974,"n":"Café moulu bio Bio Village Mexique - 250g","p":4.95,"u":"19,80 €/KG","img":"https://fd13-photos.leclercdrive.fr/image.ashx?id=2468882&use=l&cat=p&typeid=i","cat":284750},{"id":126987,"n":"Avocats Eco+ Filet x3","p":1.99,"u":"0,66 €/P","img":"https://fd13-photos.leclercdrive.fr/image.ashx?id=2373009&use=l&cat=p&typeid=i","cat":284352},{"id":126994,"n":"Céleri rave 1p","p":1.99,"img":"https://fd13-photos.leclercdrive.fr/image.ashx?id=1631904&use=l&cat=p&typeid=i","cat":284352},{"id":126996,"n":"Radis rose botte x1","p":1.2,"img":"https://fd13-photos.leclercdrive.fr/image.ashx?id=1100182&use=l&cat=p&typeid=i","cat":284352},{"id":127020,"n":"Côte de blette 1p","p":2.2,"img":"https://fd13-photos.leclercdrive.fr/image.ashx?id=2267220&use=l&cat=p&typeid=i","cat":284352},{"id":127021,"n":"Chou blanc 1p","p":1.99,"img":"https://fd13-photos.leclercdrive.fr/image.ashx?id=560849&use=l&cat=p&typeid=i","cat":284352},{"id":127026,"n":"Chou frisé 1p","p":1.99,"img":"https://fd13-photos.leclercdrive.fr/image.ashx?id=560851&use=l&cat=p&typeid=i","cat":284352},{"id":127099,"n":"Faisselle fromage frais Etrez 6x100g","p":2.75,"u":"4,58 €/KG","img":"https://fd13-photos.leclercdrive.fr/image.ashx?id=1988484&use=l&cat=p&typeid=i","cat":284409},{"id":127102,"n":"AOP Crème épaisse Bresse 33% - 40cl","p":2.79,"u":"6,98 €/L","img":"https://fd13-photos.leclercdrive.fr/image.ashx?id=2256462&use=l&cat=p&typeid=i","cat":284381},{"id":127212,"n":"P'tit savane Brossard abricot x6 - 150g","p":2.04,"u":"13,60 €/KG","img":"https://fd13-photos.leclercdrive.fr/image.ashx?id=2479330&use=l&cat=p&typeid=i","cat":284495},{"id":127215,"n":"Litière chats Tranquille Cristaux fins - 3.7L","p":5.07,"u":"1,37 €/L","img":"https://fd13-photos.leclercdrive.fr/image.ashx?id=1934850&use=l&cat=p&typeid=i","cat":284683},{"id":127239,"n":"Farine de Blé T65 Coeur de Blé Label Rouge - 1kg","p":1.24,"u":"1,24 €/KG","img":"https://fd13-photos.leclercdrive.fr/image.ashx?id=2686933&use=l&cat=p&typeid=i","cat":284503},{"id":127243,"n":"Filet de Canard tranché Volandrie - 280g","p":7.59,"u":"27,11 €/KG","img":"https://fd13-photos.leclercdrive.fr/image.ashx?id=2396936&use=l&cat=p&typeid=i","cat":284339},{"id":127323,"n":"Shampoing nourrissant Fructis Hair Food banane - 350ml","p":3.49,"u":"9,97 €/L","img":"https://fd13-photos.leclercdrive.fr/image.ashx?id=2830597&use=l&cat=p&typeid=i","cat":284606},{"id":127325,"n":"Bière Pale Ale Ninkasi 33cl","p":2.18,"u":"6,61 €/L","img":"https://fd13-photos.leclercdrive.fr/image.ashx?id=2498988&use=l&cat=p&typeid=i","cat":334852},{"id":127389,"n":"Cire divine rituel douceur Nair huile argan et onagre - 400g","p":6.09,"u":"15,23 €/KG","img":"https://fd13-photos.leclercdrive.fr/image.ashx?id=2904790&use=l&cat=p&typeid=i","cat":325351},{"id":127401,"n":"Préservatifs Orgasm'Intense Perlés et Nervurés Durex x10","p":8.29,"u":"0,83 €/P","img":"https://fd13-photos.leclercdrive.fr/image.ashx?id=2962023&use=l&cat=p&typeid=i","cat":284631},{"id":127430,"n":"Céréales fourrées P'tit Déli Chocolat au lait - 450g","p":2.58,"u":"5,73 €/KG","img":"https://fd13-photos.leclercdrive.fr/image.ashx?id=2824713&use=l&cat=p&typeid=i","cat":309513},{"id":127449,"n":"Gel Tout en 1 Standard Sun 40 lavages - 700ml","p":7.29,"u":"10,41 €/L","img":"https://fd13-photos.leclercdrive.fr/image.ashx?id=2805627&use=l&cat=p&typeid=i","cat":284656},{"id":127475,"n":"Lait bébé en poudre Blédilait croissance 1-3 ans 900g","p":10.47,"u":"11,63 €/KG","img":"https://fd13-photos.leclercdrive.fr/image.ashx?id=2848587&use=l&cat=p&typeid=i","cat":290219},{"id":127476,"n":"Piperade basquaise NRT 600g","p":3.7,"u":"6,17 €/KG","img":"https://fd13-photos.leclercdrive.fr/image.ashx?id=2771420&use=l&cat=p&typeid=i","cat":284441},{"id":127537,"n":"Nettoyant l'Arbre Vert spray vitre -740ml","p":1.99,"u":"2,69 €/L","img":"https://fd13-photos.leclercdrive.fr/image.ashx?id=2812867&use=l&cat=p&typeid=i","cat":325363},{"id":127556,"n":"Litière chats Tranquille Cristale charbon actif - 4L","p":5.98,"u":"1,50 €/L","img":"https://fd13-photos.leclercdrive.fr/image.ashx?id=2421874&use=l&cat=p&typeid=i","cat":284683},{"id":127985,"n":"Protège-documents Esquisse Bleu - 160 vues","p":3.99,"img":"https://fd13-photos.leclercdrive.fr/image.ashx?id=1936212&use=l&cat=p&typeid=i","cat":284745},{"id":127988,"n":"Protège-documents Esquisse Noir - 160 vues","p":3.99,"img":"https://fd13-photos.leclercdrive.fr/image.ashx?id=1931832&use=l&cat=p&typeid=i","cat":284745},{"id":127989,"n":"Protège-documents Esquisse Transparent - 160 vues","p":3.99,"img":"https://fd13-photos.leclercdrive.fr/image.ashx?id=1931835&use=l&cat=p&typeid=i","cat":284745},{"id":128887,"n":"Soda Coca-Cola Verre - 6x250ml","p":5.81,"u":"3,87 €/L","img":"https://fd13-photos.leclercdrive.fr/image.ashx?id=2444465&use=l&cat=p&typeid=i","cat":284530},{"id":128902,"n":"Diots de Savoie fumés  Henri Raffin x4 - 340g","p":4.45,"u":"13,09 €/KG","img":"https://fd13-photos.leclercdrive.fr/image.ashx?id=2677963&use=l&cat=p&typeid=i","cat":316012},{"id":128976,"n":"Sucre poudre Daddy 750g","p":1.69,"u":"2,25 €/KG","img":"https://fd13-photos.leclercdrive.fr/image.ashx?id=2944699&use=l&cat=p&typeid=i","cat":284502},{"id":129003,"n":"Lait infantile 1er âge Babybio  Optima 1 Bio - 800g","p":16.62,"u":"20,78 €/KG","img":"https://fd13-photos.leclercdrive.fr/image.ashx?id=2988433&use=l&cat=p&typeid=i","cat":284726},{"id":129009,"n":"Lait de croissance Babybio Bio En poudre caprea 3 - 800g","p":26.35,"u":"32,94 €/KG","img":"https://fd13-photos.leclercdrive.fr/image.ashx?id=2733343&use=l&cat=p&typeid=i","cat":290219},{"id":129040,"n":"Flakes sarrasin bio  Terres et Céréales - 200g","p":2.69,"u":"13,45 €/KG","img":"https://fd13-photos.leclercdrive.fr/image.ashx?id=2471880&use=l&cat=p&typeid=i","cat":309512},{"id":129047,"n":"Crok fondant chocolat noisette  bio Terres et Céréales - 375g","p":3.78,"u":"10,08 €/KG","img":"https://fd13-photos.leclercdrive.fr/image.ashx?id=2672293&use=l&cat=p&typeid=i","cat":309513},{"id":129049,"n":"Haricots coco bio Jardin Bio Cuisinés - 680g","p":3.25,"u":"4,78 €/KG","img":"https://fd13-photos.leclercdrive.fr/image.ashx?id=2811200&use=l&cat=p&typeid=i","cat":312606},{"id":129050,"n":"Flocons avoine France bio  Terres et Céréales - 1kg","p":3.89,"u":"3,89 €/KG","img":"https://fd13-photos.leclercdrive.fr/image.ashx?id=2467832&use=l&cat=p&typeid=i","cat":309512},{"id":129059,"n":"Epinards Jardin Bio Bio - 630g","p":3.94,"u":"6,25 €/KG","img":"https://fd13-photos.leclercdrive.fr/image.ashx?id=2918928&use=l&cat=p&typeid=i","cat":312612},{"id":129067,"n":"Lait caprea 1er âge Babybio Bio 800g","p":26.16,"u":"32,70 €/KG","img":"https://fd13-photos.leclercdrive.fr/image.ashx?id=2733337&use=l&cat=p&typeid=i","cat":284726},{"id":129091,"n":"Compotes Pom'Potes Gourdes BIO  Pomme Pêche Brugnon - 4x90g","p":2.44,"u":"6,78 €/KG","img":"https://fd13-photos.leclercdrive.fr/image.ashx?id=2986140&use=l&cat=p&typeid=i","cat":284508},{"id":129123,"n":"Gel Lubrifiant Perfect Gliss Durex Longue Durée 100ml","p":7.95,"u":"79,50 €/L","img":"https://fd13-photos.leclercdrive.fr/image.ashx?id=2960693&use=l&cat=p&typeid=i","cat":285160},{"id":129162,"n":"Boisson énergisante Monster Mango Loco - 50cl","p":1.55,"u":"3,10 €/L","img":"https://fd13-photos.leclercdrive.fr/image.ashx?id=2433443&use=l&cat=p&typeid=i","cat":284533},{"id":129235,"n":"Soda Coca-Cola sans sucres Bouteille - 6x1.75L","p":10.29,"u":"0,98 €/L","img":"https://fd13-photos.leclercdrive.fr/image.ashx?id=2878330&use=l&cat=p&typeid=i","cat":284530},{"id":129280,"n":"Sel équilibre Cérébos Réduit en Sodium - 350g","p":1.56,"u":"4,46 €/KG","img":"https://fd13-photos.leclercdrive.fr/image.ashx?id=2520132&use=l&cat=p&typeid=i","cat":284457},{"id":129325,"n":"Coupe La Basquaise  Chocolat x6 - 105g","p":3.6,"u":"34,29 €/KG","img":"https://fd13-photos.leclercdrive.fr/image.ashx?id=2644025&use=l&cat=p&typeid=i","cat":284487},{"id":129393,"n":"Tablette Chocolat Noir Atelier Myrtille Amandes Noisettes 170g","p":3.52,"u":"20,71 €/KG","img":"https://fd13-photos.leclercdrive.fr/image.ashx?id=2663057&use=l&cat=p&typeid=i","cat":284956},{"id":129394,"n":"Tablette Chocolat Noir Nestlé L'Atelier Cranberries 170g","p":3.64,"u":"21,41 €/KG","img":"https://fd13-photos.leclercdrive.fr/image.ashx?id=2663054&use=l&cat=p&typeid=i","cat":284956},{"id":129395,"n":"Tablette Chocolat Lait Nestlé  L'Atelier Cranberries 170g","p":3.62,"u":"21,29 €/KG","img":"https://fd13-photos.leclercdrive.fr/image.ashx?id=2663051&use=l&cat=p&typeid=i","cat":284497},{"id":129396,"n":"Tablette Chocolat Lait Nestlé  L'atelier Raisins Amandes 170g","p":3.42,"u":"20,12 €/KG","img":"https://fd13-photos.leclercdrive.fr/image.ashx?id=2663048&use=l&cat=p&typeid=i","cat":284497},{"id":129397,"n":"Tablette Chocolat Noir Nestlé L'Atelier Raisins Amandes 170g","p":3.85,"u":"22,65 €/KG","img":"https://fd13-photos.leclercdrive.fr/image.ashx?id=2662147&use=l&cat=p&typeid=i","cat":284956},{"id":129398,"n":"Tablette Chocolat Lait Nestlé  L'Atelier Noisettes 170g","p":3.39,"u":"19,94 €/KG","img":"https://fd13-photos.leclercdrive.fr/image.ashx?id=2663060&use=l&cat=p&typeid=i","cat":284497},{"id":129399,"n":"Tablette Chocolat Noir Nestlé L'Atelier Noisettes 170g","p":3.71,"u":"21,82 €/KG","img":"https://fd13-photos.leclercdrive.fr/image.ashx?id=2663063&use=l&cat=p&typeid=i","cat":284956},{"id":129410,"n":"Tablette Chocolat Noir Nestlé L'Atelier Amandes entières 170g","p":3.76,"u":"22,12 €/KG","img":"https://fd13-photos.leclercdrive.fr/image.ashx?id=2663066&use=l&cat=p&typeid=i","cat":284956},{"id":129472,"n":"Crème dessert Danette Vanille - 8x125g","p":3.45,"u":"3,45 €/KG","img":"https://fd13-photos.leclercdrive.fr/image.ashx?id=2949838&use=l&cat=p&typeid=i","cat":285041},{"id":129560,"n":"Filets cabillaud MSC 800g","p":11.98,"u":"14,98 €/KG","img":"https://fd13-photos.leclercdrive.fr/image.ashx?id=1983986&use=l&cat=p&typeid=i","cat":319786},{"id":129620,"n":"Bière Ambrée 3 Monts 75cl","p":2.81,"u":"3,75 €/L","img":"https://fd13-photos.leclercdrive.fr/image.ashx?id=2548186&use=l&cat=p&typeid=i","cat":334852},{"id":129809,"n":"Bonbons Carambar Sucettes Caramel - 156g","p":2.4,"u":"15,38 €/KG","img":"https://fd13-photos.leclercdrive.fr/image.ashx?id=2580804&use=l&cat=p&typeid=i","cat":304252},{"id":129864,"n":"Crème glacée Ben and Jerry's  Half Baked - 406g","p":3.78,"u":"9,31 €/KG","img":"https://fd13-photos.leclercdrive.fr/image.ashx?id=3011941&use=l&cat=p&typeid=i","cat":284725},{"id":129933,"n":"Beignets Pasquier Pomme x6 - 270g","p":2.08,"u":"7,70 €/KG","img":"https://fd13-photos.leclercdrive.fr/image.ashx?id=2986371&use=l&cat=p&typeid=i","cat":284495},{"id":129934,"n":"Beignets Pasquier Chocolat noisette - x6 - 270g","p":2.17,"u":"8,04 €/KG","img":"https://fd13-photos.leclercdrive.fr/image.ashx?id=2986374&use=l&cat=p&typeid=i","cat":284495},{"id":129946,"n":"Ailes de poulet Maître Coq Rôties nature - 1kg","p":8.99,"u":"8,99 €/KG","img":"https://fd13-photos.leclercdrive.fr/image.ashx?id=2094316&use=l&cat=p&typeid=i","cat":333685},{"id":129957,"n":"AOP Côtes du Rhône rouge Combes de Saint Sauveur - BIB 3L","p":14.27,"u":"4,76 €/L","img":"https://fd13-photos.leclercdrive.fr/image.ashx?id=2985033&use=l&cat=p&typeid=i","cat":289560},{"id":129958,"n":"IGP Méditerrannée rosé Saint Sagnol 13% vol - 3L","p":12.18,"u":"4,06 €/L","img":"https://fd13-photos.leclercdrive.fr/image.ashx?id=2445106&use=l&cat=p&typeid=i","cat":289558},{"id":130118,"n":"Gambas argentines Pescnova Crues 10/20 - 2kg","p":26.9,"u":"13,45 €/KG","img":"https://fd13-photos.leclercdrive.fr/image.ashx?id=2139886&use=l&cat=p&typeid=i","cat":319787},{"id":130284,"n":"Grissini artigianali Florelli Romarin - 300g","p":1.72,"u":"5,73 €/KG","img":"https://fd13-photos.leclercdrive.fr/image.ashx?id=2475855&use=l&cat=p&typeid=i","cat":297000},{"id":130285,"n":"Grissini artigianali Florelli Olives noires - 300g","p":1.78,"u":"5,93 €/KG","img":"https://fd13-photos.leclercdrive.fr/image.ashx?id=2475861&use=l&cat=p&typeid=i","cat":297000},{"id":130334,"n":"Lessive liquide bébé Epsil 25 lavages - 1.25L","p":3.88,"u":"3,10 €/L","img":"https://fd13-photos.leclercdrive.fr/image.ashx?id=2838939&use=l&cat=p&typeid=i","cat":284640},{"id":130348,"n":"Bâtonnets Trium chocolat au  Lait biscuit cacaoté x4- 290g","p":2.99,"u":"10,31 €/KG","img":"https://fd13-photos.leclercdrive.fr/image.ashx?id=2602367&use=l&cat=p&typeid=i","cat":284265},{"id":130457,"n":"Portes-mines jetables Esquisse Jaune, vert, bleu - x3","p":0.85,"img":"https://fd13-photos.leclercdrive.fr/image.ashx?id=2943304&use=l&cat=p&typeid=i","cat":284696},{"id":130461,"n":"Bière blonde sans alcool 1664 0,0° - 6x25cl","p":3.77,"u":"2,51 €/L","img":"https://fd13-photos.leclercdrive.fr/image.ashx?id=2120656&use=l&cat=p&typeid=i","cat":334877},{"id":130507,"n":"Sauce apéritif Old El Paso Salsa épicée - 312g","p":3.11,"u":"9,97 €/KG","img":"https://fd13-photos.leclercdrive.fr/image.ashx?id=2737606&use=l&cat=p&typeid=i","cat":288993},{"id":130600,"n":"Agrafeuse Esquisse Turquoise - +400 agrafes n°10","p":1.49,"img":"https://fd13-photos.leclercdrive.fr/image.ashx?id=1936257&use=l&cat=p&typeid=i","cat":334133},{"id":130601,"n":"Agrafeuse Esquisse Rouge - +400 agrafes n°10","p":1.49,"img":"https://fd13-photos.leclercdrive.fr/image.ashx?id=1936260&use=l&cat=p&typeid=i","cat":334133},{"id":130603,"n":"Agrafeuse Esquisse Bleu - +400 agrafes n°10","p":1.49,"img":"https://fd13-photos.leclercdrive.fr/image.ashx?id=1936266&use=l&cat=p&typeid=i","cat":334133},{"id":130666,"n":"Blanc de poulet Fleury Michon -25% de sel x8 - 240g","p":3.89,"u":"16,21 €/KG","img":"https://fd13-photos.leclercdrive.fr/image.ashx?id=2886849&use=l&cat=p&typeid=i","cat":316010},{"id":130717,"n":"Spaghetti courts Lustucru 3 min - 500g","p":1.33,"u":"2,66 €/KG","img":"https://fd13-photos.leclercdrive.fr/image.ashx?id=2023167&use=l&cat=p&typeid=i","cat":284427},{"id":130722,"n":"20 pinces a linge renforcees 1 pièce","p":2.49,"img":"https://fd13-photos.leclercdrive.fr/image.ashx?id=1932474&use=l&cat=p&typeid=i","cat":335909},{"id":130744,"n":"Nouilles aux oeufs Suzi Wan 250g","p":1.73,"u":"6,92 €/KG","img":"https://fd13-photos.leclercdrive.fr/image.ashx?id=2892928&use=l&cat=p&typeid=i","cat":288992},{"id":130747,"n":"Kit Tortilla Pocket Old El Paso doux - 375g","p":5.28,"u":"14,08 €/KG","img":"https://fd13-photos.leclercdrive.fr/image.ashx?id=2759514&use=l&cat=p&typeid=i","cat":288993},{"id":130750,"n":"Boite ménagère basilic Ducros 29g","p":1.33,"u":"45,86 €/KG","img":"https://fd13-photos.leclercdrive.fr/image.ashx?id=2486587&use=l&cat=p&typeid=i","cat":298297},{"id":130752,"n":"Maquereau Petit Navire 175g Vin blanc et aromates - 175g","p":1.99,"u":"11,37 €/KG","img":"https://fd13-photos.leclercdrive.fr/image.ashx?id=2989063&use=l&cat=p&typeid=i","cat":303868},{"id":130755,"n":"Maquereau Moutarde PETIT NAVIRE Moutarde sans arome ajouté 169g","p":1.96,"u":"11,60 €/KG","img":"https://fd13-photos.leclercdrive.fr/image.ashx?id=2989060&use=l&cat=p&typeid=i","cat":303868},{"id":130759,"n":"Barres Nakd Cacahuètes Raw   Barres de Fruits & Noix 4x35g","p":2.86,"u":"20,43 €/KG","img":"https://fd13-photos.leclercdrive.fr/image.ashx?id=3005251&use=l&cat=p&typeid=i","cat":285869},{"id":130776,"n":"Confiture  Bonne Maman Fraise framboise intenses 335g","p":2.47,"u":"7,37 €/KG","img":"https://fd13-photos.leclercdrive.fr/image.ashx?id=2396378&use=l&cat=p&typeid=i","cat":284480},{"id":130777,"n":"Arrangé Héritage Charrette Le Vanille 40% vol - 70cl","p":23.7,"u":"33,86 €/L","img":"https://fd13-photos.leclercdrive.fr/image.ashx?id=2306225&use=l&cat=p&typeid=i","cat":284551},{"id":130785,"n":"Confiture Bonne Maman Nectarine abricot intense 335g","p":2.72,"u":"8,12 €/KG","img":"https://fd13-photos.leclercdrive.fr/image.ashx?id=2305712&use=l&cat=p&typeid=i","cat":284480},{"id":130786,"n":"Crème de marron Roger Descours 500g","p":3.12,"u":"6,24 €/KG","img":"https://fd13-photos.leclercdrive.fr/image.ashx?id=1989159&use=l&cat=p&typeid=i","cat":284481},{"id":130788,"n":"Tablette chocolat au lait Eco+ Ménage - 5x100g","p":3.49,"u":"6,98 €/KG","img":"https://fd13-photos.leclercdrive.fr/image.ashx?id=2746778&use=l&cat=p&typeid=i","cat":284497},{"id":130789,"n":"Préparation Gâteau alsa Moelleux Nature - 435g","p":2.19,"u":"5,03 €/KG","img":"https://fd13-photos.leclercdrive.fr/image.ashx?id=2996431&use=l&cat=p&typeid=i","cat":284505},{"id":130790,"n":"Préparation Gâteau alsa Moelleux Chocolat - 435g","p":2.19,"u":"5,03 €/KG","img":"https://fd13-photos.leclercdrive.fr/image.ashx?id=2996434&use=l&cat=p&typeid=i","cat":284505},{"id":130797,"n":"Miel de Fleurs Crémeux 500g","p":4.8,"u":"9,60 €/KG","img":"https://fd13-photos.leclercdrive.fr/image.ashx?id=2984871&use=l&cat=p&typeid=i","cat":287643},{"id":130804,"n":"Préparation Gâteau alsa Fondant au Chocolat - 435g","p":2.71,"u":"8,47 €/KG","img":"https://fd13-photos.leclercdrive.fr/image.ashx?id=2996437&use=l&cat=p&typeid=i","cat":284505},{"id":130811,"n":"Brosse à Dents Signal Système Blancheur Medium x1","p":2.85,"img":"https://fd13-photos.leclercdrive.fr/image.ashx?id=2832539&use=l&cat=p&typeid=i","cat":284614},{"id":130812,"n":"Brosse à Dents Signal Ultra Access Medium x1","p":2.26,"img":"https://fd13-photos.leclercdrive.fr/image.ashx?id=3009263&use=l&cat=p&typeid=i","cat":284614},{"id":130816,"n":"Dentifrice Zendium Protection complète - 75ml","p":2.52,"img":"https://fd13-photos.leclercdrive.fr/image.ashx?id=2927711&use=l&cat=p&typeid=i","cat":284612},{"id":130857,"n":"Truite fumée de france Ovive 100g","p":3.4,"u":"34,00 €/KG","img":"https://fd13-photos.leclercdrive.fr/image.ashx?id=2902061&use=l&cat=p&typeid=i","cat":285188},{"id":130917,"n":"Lait en poudre Guigoz 1er âge - 0-6 mois - 800g","p":17.87,"u":"22,34 €/KG","img":"https://fd13-photos.leclercdrive.fr/image.ashx?id=2891313&use=l&cat=p&typeid=i","cat":284726},{"id":130918,"n":"Lait bébé poudre Guigoz Evolia  2ème âge - 6-12 mois - 800g","p":14.31,"u":"17,89 €/KG","img":"https://fd13-photos.leclercdrive.fr/image.ashx?id=2737111&use=l&cat=p&typeid=i","cat":284727},{"id":130919,"n":"Cereales Bio nuit Modilac 4mois 250g","p":4.58,"u":"18,32 €/KG","img":"https://fd13-photos.leclercdrive.fr/image.ashx?id=2766006&use=l&cat=p&typeid=i","cat":312225},{"id":130937,"n":"Dés Fromage Méditerranéen Petit Marché 120g","p":2.49,"u":"20,75 €/KG","img":"https://fd13-photos.leclercdrive.fr/image.ashx?id=2263733&use=l&cat=p&typeid=i","cat":314027},{"id":131137,"n":"Ensemble WC 1 pièce","p":3.45,"img":"https://fd13-photos.leclercdrive.fr/image.ashx?id=1937815&use=l&cat=p&typeid=i","cat":284669},{"id":131144,"n":"Recharge adhésive 36 feuilles 2 rouleaux","p":2.59,"u":"1,30 €/P","img":"https://fd13-photos.leclercdrive.fr/image.ashx?id=1937818&use=l&cat=p&typeid=i","cat":284669},{"id":131150,"n":"Manche rétractable 1 pièce","p":2.72,"img":"https://fd13-photos.leclercdrive.fr/image.ashx?id=1937809&use=l&cat=p&typeid=i","cat":284669},{"id":131153,"n":"Serviettes 40cm 3 plis Ardence Grises - x20","p":1.38,"u":"0,07 €/P","img":"https://fd13-photos.leclercdrive.fr/image.ashx?id=1937803&use=l&cat=p&typeid=i","cat":334134},{"id":131158,"n":"Brosse vaisselle design 1 pièce","p":3.9,"img":"https://fd13-photos.leclercdrive.fr/image.ashx?id=1937824&use=l&cat=p&typeid=i","cat":284669},{"id":131192,"n":"Croquettes chien Ultima Nature  Poulet - 3kg","p":11.62,"u":"3,87 €/KG","img":"https://fd13-photos.leclercdrive.fr/image.ashx?id=2593167&use=l&cat=p&typeid=i","cat":284672},{"id":131382,"n":"Lait croissance GUIGOZ RELAIS  dès 12 mois - 800g","p":13.09,"u":"16,36 €/KG","img":"https://fd13-photos.leclercdrive.fr/image.ashx?id=2895029&use=l&cat=p&typeid=i","cat":290219},{"id":131388,"n":"Capsules Starbucks by Nespresso  Colombia Int 7 - x10","p":3.47,"u":"60,88 €/KG","img":"https://fd13-photos.leclercdrive.fr/image.ashx?id=2868152&use=l&cat=p&typeid=i","cat":284749},{"id":131390,"n":"Capsules Starbucks by Nespresso  House Blend Int 8 - x10","p":3.42,"u":"60,00 €/KG","img":"https://fd13-photos.leclercdrive.fr/image.ashx?id=2868143&use=l&cat=p&typeid=i","cat":284749},{"id":131395,"n":"Capsules Starbucks by Nespresso  Espresso Décaf Int 11 - x10","p":3.97,"u":"0,40 €/P","img":"https://fd13-photos.leclercdrive.fr/image.ashx?id=2945778&use=l&cat=p&typeid=i","cat":284749},{"id":131399,"n":"Café Capsules NESPRESSO int 7 Starbucks Pike Place Roast x10","p":3.7,"u":"69,81 €/KG","img":"https://fd13-photos.leclercdrive.fr/image.ashx?id=2945775&use=l&cat=p&typeid=i","cat":284749},{"id":131408,"n":"AOP Côtes du rhône Vin blanc E Guigal - 75cl","p":7.66,"u":"10,21 €/L","img":"https://fd13-photos.leclercdrive.fr/image.ashx?id=2432767&use=l&cat=p&typeid=i","cat":289557},{"id":131424,"n":"Capsules Starbucks by Nespresso  Blonde Espresso Int 6 - x10","p":3.42,"u":"64,53 €/KG","img":"https://fd13-photos.leclercdrive.fr/image.ashx?id=2868146&use=l&cat=p&typeid=i","cat":284749},{"id":131426,"n":"Capsules Starbucks by Nespresso  Espresso Roast Int 11 - x10","p":3.42,"u":"60,00 €/KG","img":"https://fd13-photos.leclercdrive.fr/image.ashx?id=2868149&use=l&cat=p&typeid=i","cat":284749},{"id":131428,"n":"Capsules Starbucks by Nespresso  Verona Int 10 - x10","p":3.7,"u":"64,91 €/KG","img":"https://fd13-photos.leclercdrive.fr/image.ashx?id=2945769&use=l&cat=p&typeid=i","cat":284749},{"id":131431,"n":"Café Capsules by DOLCE GUSTO Starbucks Caramel Macchiato 2x6","p":4.39,"u":"34,57 €/KG","img":"https://fd13-photos.leclercdrive.fr/image.ashx?id=2966785&use=l&cat=p&typeid=i","cat":293239},{"id":131563,"n":"Sauce aubergine Panzani Ricotta - 400g","p":1.96,"u":"4,90 €/KG","img":"https://fd13-photos.leclercdrive.fr/image.ashx?id=2918565&use=l&cat=p&typeid=i","cat":287599},{"id":131564,"n":"Sauce courgette chèvre Panzani - 400g","p":1.97,"u":"4,93 €/KG","img":"https://fd13-photos.leclercdrive.fr/image.ashx?id=2880685&use=l&cat=p&typeid=i","cat":287599},{"id":131625,"n":"Thé glacé Fuze Tea  Menthe Citron vert - 1,25L","p":1.48,"u":"1,18 €/L","img":"https://fd13-photos.leclercdrive.fr/image.ashx?id=2940402&use=l&cat=p&typeid=i","cat":295019},{"id":131643,"n":"Bière Corsendonk rousse 33cl","p":1.72,"u":"5,21 €/L","img":"https://fd13-photos.leclercdrive.fr/image.ashx?id=1941947&use=l&cat=p&typeid=i","cat":334852},{"id":131720,"n":"AOC Vinsobres vin rouge Cuvée Rustica - 75cl","p":6.15,"u":"8,20 €/L","img":"https://fd13-photos.leclercdrive.fr/image.ashx?id=2887110&use=l&cat=p&typeid=i","cat":289556},{"id":131767,"n":"Bonbons sans sucres Ricola Orange Menthe - 50g","p":1.6,"u":"32,00 €/KG","img":"https://fd13-photos.leclercdrive.fr/image.ashx?id=2382219&use=l&cat=p&typeid=i","cat":304256},{"id":131768,"n":"Bonbons sans sucres Ricola Menthe pomme - 50g","p":1.62,"u":"32,40 €/KG","img":"https://fd13-photos.leclercdrive.fr/image.ashx?id=2382995&use=l&cat=p&typeid=i","cat":304256},{"id":131782,"n":"Abricots demi-fruits Eco+ Sirop léger - 475 g","p":1.79,"u":"3,77 €/KG","img":"https://fd13-photos.leclercdrive.fr/image.ashx?id=1942512&use=l&cat=p&typeid=i","cat":284507},{"id":131784,"n":"Barres céréales Eco+ Choco/banane - 125g","p":0.71,"u":"5,68 €/KG","img":"https://fd13-photos.leclercdrive.fr/image.ashx?id=2791203&use=l&cat=p&typeid=i","cat":285869},{"id":131786,"n":"Café Dolce Gusto Plantation Décaféiné N°5 - x16 - 106g","p":3.39,"u":"31,98 €/KG","img":"https://fd13-photos.leclercdrive.fr/image.ashx?id=2649741&use=l&cat=p&typeid=i","cat":293239},{"id":131788,"n":"Barres céréales Eco+ Pomme/abricot - 125g","p":0.69,"u":"5,52 €/KG","img":"https://fd13-photos.leclercdrive.fr/image.ashx?id=2791206&use=l&cat=p&typeid=i","cat":285869},{"id":131790,"n":"Barres céréales Eco+ Chocolat & cacahuètes x6 - 126g","p":0.71,"u":"5,63 €/KG","img":"https://fd13-photos.leclercdrive.fr/image.ashx?id=2791209&use=l&cat=p&typeid=i","cat":285869},{"id":131794,"n":"Betteraves rouges 3x130g","p":1.79,"u":"4,59 €/KG","img":"https://fd13-photos.leclercdrive.fr/image.ashx?id=2537848&use=l&cat=p&typeid=i","cat":312611},{"id":131799,"n":"Boules de céréales Eco+ Au chocolat - 750g","p":2.97,"u":"3,96 €/KG","img":"https://fd13-photos.leclercdrive.fr/image.ashx?id=2772948&use=l&cat=p&typeid=i","cat":309513},{"id":131802,"n":"Boules céréales miel P'tit Déli 400g","p":2.33,"u":"5,83 €/KG","img":"https://fd13-photos.leclercdrive.fr/image.ashx?id=2907090&use=l&cat=p&typeid=i","cat":309513},{"id":131806,"n":"Céréales fourrées P'tit Déli Chocolat au lait - 450g","p":2.45,"u":"5,44 €/KG","img":"https://fd13-photos.leclercdrive.fr/image.ashx?id=2835211&use=l&cat=p&typeid=i","cat":309513},{"id":131809,"n":"Chocolat noir dégustation 100g","p":1.0,"u":"10,00 €/KG","img":"https://fd13-photos.leclercdrive.fr/image.ashx?id=2858375&use=l&cat=p&typeid=i","cat":284956},{"id":131811,"n":"Chicorée café Eco+ Soluble - 200g","p":2.06,"u":"10,30 €/KG","img":"https://fd13-photos.leclercdrive.fr/image.ashx?id=2791200&use=l&cat=p&typeid=i","cat":284843},{"id":131813,"n":"Chocolat noir dégust 99% cacao 80g","p":2.89,"u":"36,13 €/KG","img":"https://fd13-photos.leclercdrive.fr/image.ashx?id=2441733&use=l&cat=p&typeid=i","cat":284956},{"id":131814,"n":"Confiture Eco+ Fraise - 1kg","p":2.3,"u":"2,30 €/KG","img":"https://fd13-photos.leclercdrive.fr/image.ashx?id=2953197&use=l&cat=p&typeid=i","cat":284480},{"id":131818,"n":"Céréales Corn Flakes Eco+ Nature - 750g","p":1.9,"u":"2,53 €/KG","img":"https://fd13-photos.leclercdrive.fr/image.ashx?id=2711589&use=l&cat=p&typeid=i","cat":309513},{"id":131820,"n":"Corn Flackes sucrés 400g","p":1.74,"u":"4,35 €/KG","img":"https://fd13-photos.leclercdrive.fr/image.ashx?id=2688764&use=l&cat=p&typeid=i","cat":309513},{"id":131821,"n":"Croissants Eco+ x10 - 400g","p":1.45,"u":"3,63 €/KG","img":"https://fd13-photos.leclercdrive.fr/image.ashx?id=2651780&use=l&cat=p&typeid=i","cat":296366},{"id":131825,"n":"Mais croquant Eco+ 3x140g","p":1.66,"u":"3,95 €/KG","img":"https://fd13-photos.leclercdrive.fr/image.ashx?id=2874675&use=l&cat=p&typeid=i","cat":312611},{"id":131828,"n":"Miel de fleurs  Massif du Jura NRT - 375g","p":6.49,"u":"17,31 €/KG","img":"https://fd13-photos.leclercdrive.fr/image.ashx?id=2771417&use=l&cat=p&typeid=i","cat":287643},{"id":131829,"n":"Noix de Muscade Ducros 18g","p":2.1,"u":"116,67 €/KG","img":"https://fd13-photos.leclercdrive.fr/image.ashx?id=2559466&use=l&cat=p&typeid=i","cat":298297},{"id":131832,"n":"Olives vertes dénoyautées 490g","p":2.52,"u":"5,14 €/KG","img":"https://fd13-photos.leclercdrive.fr/image.ashx?id=1942575&use=l&cat=p&typeid=i","cat":284458},{"id":131833,"n":"Olives vertes réduite en sel Dénoyautées - 160g","p":1.69,"u":"10,56 €/KG","img":"https://fd13-photos.leclercdrive.fr/image.ashx?id=1942587&use=l&cat=p&typeid=i","cat":284458},{"id":131834,"n":"Pain de mie Epi d'Or Extra moelleux - 500g","p":0.99,"u":"1,98 €/KG","img":"https://fd13-photos.leclercdrive.fr/image.ashx?id=2860781&use=l&cat=p&typeid=i","cat":284477},{"id":131837,"n":"Petit pain grillé Bio Village Bio - 225g","p":1.35,"u":"6,00 €/KG","img":"https://fd13-photos.leclercdrive.fr/image.ashx?id=2595125&use=l&cat=p&typeid=i","cat":284479},{"id":131853,"n":"Potage tomate vermicelle Eco + 66g","p":0.79,"u":"11,97 €/KG","img":"https://fd13-photos.leclercdrive.fr/image.ashx?id=2674017&use=l&cat=p&typeid=i","cat":284463},{"id":131855,"n":"Saucisses fumées lentilles 840g","p":1.75,"u":"2,08 €/KG","img":"https://fd13-photos.leclercdrive.fr/image.ashx?id=2664569&use=l&cat=p&typeid=i","cat":312609},{"id":131888,"n":"AOP Côtes du Rhône Vin rouge Vieilles vignes - 75cl","p":5.01,"u":"6,68 €/L","img":"https://fd13-photos.leclercdrive.fr/image.ashx?id=2853284&use=l&cat=p&typeid=i","cat":289556},{"id":131935,"n":"Bouillon Cube Bio Maggi Boeuf - 80g","p":1.71,"u":"21,38 €/KG","img":"https://fd13-photos.leclercdrive.fr/image.ashx?id=2787992&use=l&cat=p&typeid=i","cat":288379},{"id":131940,"n":"Bouillon liquide de volaille Maggi - 400ml","p":1.86,"u":"4,65 €/L","img":"https://fd13-photos.leclercdrive.fr/image.ashx?id=2496752&use=l&cat=p&typeid=i","cat":288379},{"id":132067,"n":"Mayonnaise Rustica 830g","p":3.59,"u":"4,33 €/KG","img":"https://fd13-photos.leclercdrive.fr/image.ashx?id=2994827&use=l&cat=p&typeid=i","cat":298295},{"id":132069,"n":"Sauce Samourai Rustica 840g","p":3.79,"u":"4,51 €/KG","img":"https://fd13-photos.leclercdrive.fr/image.ashx?id=1944261&use=l&cat=p&typeid=i","cat":318431},{"id":132070,"n":"Sauce Frites Rustica 919g","p":3.59,"u":"3,91 €/KG","img":"https://fd13-photos.leclercdrive.fr/image.ashx?id=1944264&use=l&cat=p&typeid=i","cat":318431},{"id":132072,"n":"Sauce Burger Rustica 850g","p":3.79,"u":"4,46 €/KG","img":"https://fd13-photos.leclercdrive.fr/image.ashx?id=1944270&use=l&cat=p&typeid=i","cat":318431},{"id":132087,"n":"Fromage de Brebis Les Croisés - Tranche - 100g","p":1.29,"u":"12,90 €/KG","img":"https://fd13-photos.leclercdrive.fr/image.ashx?id=2655716&use=l&cat=p&typeid=i","cat":314031},{"id":132088,"n":"Sauce Barilla Tomates Cuisinées - 400g","p":1.71,"u":"4,28 €/KG","img":"https://fd13-photos.leclercdrive.fr/image.ashx?id=2832527&use=l&cat=p&typeid=i","cat":287599},{"id":132109,"n":"Batonnets de glace Nuii Mangue d'Inde et Noix de Coco  x4","p":4.35,"u":"15,21 €/KG","img":"https://fd13-photos.leclercdrive.fr/image.ashx?id=2506825&use=l&cat=p&typeid=i","cat":284265},{"id":132153,"n":"Bâtonnets Trium Cacahuètes x4 - 306g","p":3.52,"u":"11,50 €/KG","img":"https://fd13-photos.leclercdrive.fr/image.ashx?id=1944733&use=l&cat=p&typeid=i","cat":284265},{"id":132165,"n":"Sorbet Eskiss Citron jaune - 650g","p":2.41,"u":"3,71 €/KG","img":"https://fd13-photos.leclercdrive.fr/image.ashx?id=2982664&use=l&cat=p&typeid=i","cat":284263},{"id":132167,"n":"Bac Eskiss Sorbet Framboise - 650g","p":4.01,"u":"6,17 €/KG","img":"https://fd13-photos.leclercdrive.fr/image.ashx?id=1959214&use=l&cat=p&typeid=i","cat":284263},{"id":132177,"n":"Petits pots bébé P'TITE RECETTE Curry de Poisson 12M+ - 2x200g","p":2.12,"u":"5,30 €/KG","img":"https://fd13-photos.leclercdrive.fr/image.ashx?id=2527118&use=l&cat=p&typeid=i","cat":312237},{"id":132180,"n":"Petits pots bébé P'TITE RECETTE Tajine de poulet 12M+ - 2x200g","p":2.03,"u":"5,08 €/KG","img":"https://fd13-photos.leclercdrive.fr/image.ashx?id=2525720&use=l&cat=p&typeid=i","cat":312237},{"id":132234,"n":"Flocons d'avoine Grainea 500g","p":0.84,"u":"1,68 €/KG","img":"https://fd13-photos.leclercdrive.fr/image.ashx?id=2919655&use=l&cat=p&typeid=i","cat":309512},{"id":132239,"n":"Barre de céréales Nature Valley Crunchy avoine miel x10 -420g","p":4.29,"u":"10,21 €/KG","img":"https://fd13-photos.leclercdrive.fr/image.ashx?id=2612814&use=l&cat=p&typeid=i","cat":285869},{"id":132243,"n":"Lessive liquide couleur Epsil 25 lavages - 1.25L","p":2.54,"u":"2,03 €/L","img":"https://fd13-photos.leclercdrive.fr/image.ashx?id=2933449&use=l&cat=p&typeid=i","cat":284640},{"id":132285,"n":"Feta grecque AOP Les Croisés - Tranche - 150g","p":1.84,"u":"12,27 €/KG","img":"https://fd13-photos.leclercdrive.fr/image.ashx?id=2210750&use=l&cat=p&typeid=i","cat":314026},{"id":132290,"n":"Huile d'Olive Carapelli Extra Vierge Classico - 75cl","p":10.99,"u":"14,65 €/L","img":"https://fd13-photos.leclercdrive.fr/image.ashx?id=2737480&use=l&cat=p&typeid=i","cat":284453},{"id":132330,"n":"Ail semoule Eco + 54g","p":0.79,"u":"14,63 €/KG","img":"https://fd13-photos.leclercdrive.fr/image.ashx?id=2717249&use=l&cat=p&typeid=i","cat":298297},{"id":132334,"n":"Tortilla Pockets Old El Paso x8 - 223g","p":3.22,"u":"14,44 €/KG","img":"https://fd13-photos.leclercdrive.fr/image.ashx?id=2737675&use=l&cat=p&typeid=i","cat":288993},{"id":132341,"n":"Couscous Fin Ferrero - 500G","p":1.35,"u":"2,70 €/KG","img":"https://fd13-photos.leclercdrive.fr/image.ashx?id=3008239&use=l&cat=p&typeid=i","cat":284429},{"id":132348,"n":"Delir' Pik Haribo Sachet bonbons acidulés - 275g","p":1.9,"u":"6,91 €/KG","img":"https://fd13-photos.leclercdrive.fr/image.ashx?id=2984904&use=l&cat=p&typeid=i","cat":304250},{"id":132368,"n":"Repas bébé Blédichef 15 mois Pâtes sauce tomate jambon -250g","p":1.89,"u":"7,56 €/KG","img":"https://fd13-photos.leclercdrive.fr/image.ashx?id=2643743&use=l&cat=p&typeid=i","cat":312238},{"id":132369,"n":"Repas bébé Blédichef 24 mois  Pâtes légumes cabillaud - 250g","p":1.79,"u":"7,16 €/KG","img":"https://fd13-photos.leclercdrive.fr/image.ashx?id=2644725&use=l&cat=p&typeid=i","cat":312238},{"id":132370,"n":"Pain de mie Jacquet Sans croute - Nature - 710g","p":2.75,"u":"3,87 €/KG","img":"https://fd13-photos.leclercdrive.fr/image.ashx?id=2991867&use=l&cat=p&typeid=i","cat":284477},{"id":132392,"n":"Gratte éponge Spontex Longue durée - x3","p":1.95,"u":"0,65 €/P","img":"https://fd13-photos.leclercdrive.fr/image.ashx?id=2973072&use=l&cat=p&typeid=i","cat":284667},{"id":132393,"n":"Lait croissance Guigoz Optipro En poudre - dès 18 mois - 900g","p":9.94,"u":"11,04 €/KG","img":"https://fd13-photos.leclercdrive.fr/image.ashx?id=2517589&use=l&cat=p&typeid=i","cat":290219},{"id":132452,"n":"Gazon universel Beaux Jours 40m2 - 1kg","p":7.2,"u":"7,20 €/KG","img":"https://fd13-photos.leclercdrive.fr/image.ashx?id=1947456&use=l&cat=p&typeid=i","cat":335920},{"id":132486,"n":"Eau micellaire 100ml","p":1.49,"u":"14,90 €/L","img":"https://fd13-photos.leclercdrive.fr/image.ashx?id=1947543&use=l&cat=p&typeid=i","cat":284603},{"id":132487,"n":"Gel déboucheur Syphon Javel soude - 1L","p":1.36,"u":"1,36 €/L","img":"https://fd13-photos.leclercdrive.fr/image.ashx?id=2202476&use=l&cat=p&typeid=i","cat":284908},{"id":132581,"n":"Céréales soufflé P'tit Déli Au chocolat - 400g","p":2.37,"u":"5,93 €/KG","img":"https://fd13-photos.leclercdrive.fr/image.ashx?id=2811875&use=l&cat=p&typeid=i","cat":309513},{"id":132582,"n":"Céréales soufflé blé P'tit Déli Miel caramel - 400g","p":1.99,"u":"4,98 €/KG","img":"https://fd13-photos.leclercdrive.fr/image.ashx?id=2900178&use=l&cat=p&typeid=i","cat":309513},{"id":132585,"n":"Skyr Yoplait  Nature 0%Mg - 4x100g","p":2.07,"u":"5,18 €/KG","img":"https://fd13-photos.leclercdrive.fr/image.ashx?id=2884435&use=l&cat=p&typeid=i","cat":315000},{"id":132601,"n":"Fan of Pik Haribo  Sachet bonbons acidulés - 200g","p":1.85,"u":"9,25 €/KG","img":"https://fd13-photos.leclercdrive.fr/image.ashx?id=2789766&use=l&cat=p&typeid=i","cat":304250},{"id":132603,"n":"Fromage Abondance NRT AOP 250g","p":4.29,"u":"17,16 €/KG","img":"https://fd13-photos.leclercdrive.fr/image.ashx?id=2472686&use=l&cat=p&typeid=i","cat":314034},{"id":132621,"n":"Tablette de chocolat noir Lindt doux 85% - 100g","p":2.41,"u":"24,10 €/KG","img":"https://fd13-photos.leclercdrive.fr/image.ashx?id=2423777&use=l&cat=p&typeid=i","cat":284956},{"id":132625,"n":"Batônnets Trium Vanille Fruits rouge x4 - 286g","p":2.64,"u":"9,23 €/KG","img":"https://fd13-photos.leclercdrive.fr/image.ashx?id=2920782&use=l&cat=p&typeid=i","cat":284265},{"id":132629,"n":"Pétales de blé P'tit Déli Au chocolat - 400g","p":2.17,"u":"5,43 €/KG","img":"https://fd13-photos.leclercdrive.fr/image.ashx?id=2765846&use=l&cat=p&typeid=i","cat":309513},{"id":132630,"n":"Sorbet Eskiss Pomme - 650g","p":2.49,"u":"3,83 €/KG","img":"https://fd13-photos.leclercdrive.fr/image.ashx?id=2982670&use=l&cat=p&typeid=i","cat":284263},{"id":132631,"n":"Sorbet Eskiss Poire - 650g","p":2.11,"u":"3,25 €/KG","img":"https://fd13-photos.leclercdrive.fr/image.ashx?id=2983826&use=l&cat=p&typeid=i","cat":284263},{"id":132638,"n":"Batonnet Trium Vanille fruit exotique x4  294g","p":2.65,"u":"9,01 €/KG","img":"https://fd13-photos.leclercdrive.fr/image.ashx?id=2698177&use=l&cat=p&typeid=i","cat":284265},{"id":132640,"n":"Batonnets Trium Citron meringue - x4 - 280g","p":2.85,"u":"10,18 €/KG","img":"https://fd13-photos.leclercdrive.fr/image.ashx?id=2120311&use=l&cat=p&typeid=i","cat":284265},{"id":132641,"n":"Mini batonnets Trium Vanille - x8 - 288g","p":2.78,"u":"9,65 €/KG","img":"https://fd13-photos.leclercdrive.fr/image.ashx?id=2920797&use=l&cat=p&typeid=i","cat":284265},{"id":132644,"n":"Huile Cadum Bébé  Huile Merveilleuse - 100ml","p":2.84,"u":"28,40 €/L","img":"https://fd13-photos.leclercdrive.fr/image.ashx?id=2518352&use=l&cat=p&typeid=i","cat":284741},{"id":132780,"n":"AOP Champagne Lanson Brut Le Black Label - 12.5%vol 75cl","p":34.82,"u":"46,43 €/L","img":"https://fd13-photos.leclercdrive.fr/image.ashx?id=2914453&use=l&cat=p&typeid=i","cat":284542},{"id":132808,"n":"Skyr Yoplait  Lit Fruits Rouges 0%Mg - 4x100g","p":2.25,"u":"5,63 €/KG","img":"https://fd13-photos.leclercdrive.fr/image.ashx?id=2884438&use=l&cat=p&typeid=i","cat":315000},{"id":132811,"n":"Skyr Yoplait  Sur Lit Myrtilles 0%MG - 4x100G","p":2.25,"u":"5,63 €/KG","img":"https://fd13-photos.leclercdrive.fr/image.ashx?id=2884441&use=l&cat=p&typeid=i","cat":315000},{"id":132812,"n":"Bière blonde Grimbergen Sans alcool 0,0° - 6x25cl","p":4.94,"u":"3,29 €/L","img":"https://fd13-photos.leclercdrive.fr/image.ashx?id=2334515&use=l&cat=p&typeid=i","cat":334877},{"id":132901,"n":"AOP Jurançon blanc moelleux Tradition Royale - 75cl","p":6.49,"u":"8,65 €/L","img":"https://fd13-photos.leclercdrive.fr/image.ashx?id=2996872&use=l&cat=p&typeid=i","cat":289557},{"id":132902,"n":"AOP Sud-Ouest Jurançon  Tradition royale - 75 cl","p":4.75,"u":"6,33 €/L","img":"https://fd13-photos.leclercdrive.fr/image.ashx?id=2996875&use=l&cat=p&typeid=i","cat":289557},{"id":132906,"n":"Confiture - Bonne Maman Fraise des bois - 335g","p":3.28,"u":"9,79 €/KG","img":"https://fd13-photos.leclercdrive.fr/image.ashx?id=2341005&use=l&cat=p&typeid=i","cat":284480},{"id":133039,"n":"Lessive liquide noir Epsil 25 Lavages - 1.25L","p":2.54,"u":"2,03 €/L","img":"https://fd13-photos.leclercdrive.fr/image.ashx?id=2958759&use=l&cat=p&typeid=i","cat":284640},{"id":133044,"n":"Lessive laine & soie Epsil 25 lavages - 1.25L","p":2.54,"u":"2,03 €/L","img":"https://fd13-photos.leclercdrive.fr/image.ashx?id=2842319&use=l&cat=p&typeid=i","cat":284640},{"id":133115,"n":"Sauce Mayomix Heinz Mix mayonnaise & ketchup - 425g","p":2.75,"u":"6,47 €/KG","img":"https://fd13-photos.leclercdrive.fr/image.ashx?id=2926936&use=l&cat=p&typeid=i","cat":318431},{"id":133121,"n":"Poisson Pané Colin Alaska Findus Céréales graines - 250g","p":3.19,"u":"12,76 €/KG","img":"https://fd13-photos.leclercdrive.fr/image.ashx?id=3008764&use=l&cat=p&typeid=i","cat":319788},{"id":133149,"n":"Olives vertes dénoyautées Crespo - 90g","p":1.01,"u":"11,22 €/KG","img":"https://fd13-photos.leclercdrive.fr/image.ashx?id=2171427&use=l&cat=p&typeid=i","cat":284450},{"id":133151,"n":"Olives noires dénoyautées Crespo - 90g","p":1.25,"u":"13,89 €/KG","img":"https://fd13-photos.leclercdrive.fr/image.ashx?id=2171424&use=l&cat=p&typeid=i","cat":284450},{"id":133173,"n":"IGP Pays d'Oc blanc Ormes De Cambras Sauvignon 12% 75cl","p":3.02,"u":"4,03 €/L","img":"https://fd13-photos.leclercdrive.fr/image.ashx?id=2105155&use=l&cat=p&typeid=i","cat":289557},{"id":133179,"n":"Yaourt protéiné Hipro Vanille 0%mg - 2x160g","p":2.14,"u":"6,69 €/KG","img":"https://fd13-photos.leclercdrive.fr/image.ashx?id=2807414&use=l&cat=p&typeid=i","cat":315000},{"id":133180,"n":"Yaourt bifidus Activia céréales Muesli quinoa noisette - 8x120g","p":3.68,"u":"3,83 €/KG","img":"https://fd13-photos.leclercdrive.fr/image.ashx?id=2861981&use=l&cat=p&typeid=i","cat":315000},{"id":133188,"n":"Douche crème bio So Bio Etic Surgras à l'huile de coco-650ml","p":5.36,"u":"8,25 €/L","img":"https://fd13-photos.leclercdrive.fr/image.ashx?id=2891580&use=l&cat=p&typeid=i","cat":284594},{"id":133258,"n":"Margarine St Hubert Doux - 500g","p":3.27,"u":"6,54 €/KG","img":"https://fd13-photos.leclercdrive.fr/image.ashx?id=2393686&use=l&cat=p&typeid=i","cat":315229},{"id":133365,"n":"Bière 3 Monts Saison Deux houblons - 75 cl","p":3.51,"u":"4,68 €/L","img":"https://fd13-photos.leclercdrive.fr/image.ashx?id=2548183&use=l&cat=p&typeid=i","cat":334852},{"id":133398,"n":"Petit pot bébé bio Blédina 8m Riz champignon pois 2x200g","p":3.74,"u":"9,35 €/KG","img":"https://fd13-photos.leclercdrive.fr/image.ashx?id=2831714&use=l&cat=p&typeid=i","cat":312239},{"id":133426,"n":"Capsules Nescafé Dolce Gusto Marrakech Tea - x16","p":4.48,"u":"53,98 €/KG","img":"https://fd13-photos.leclercdrive.fr/image.ashx?id=2467510&use=l&cat=p&typeid=i","cat":293239},{"id":133517,"n":"Eau Micellaire La Provençale Anti-Âge Visage Yeux bio- 400ml","p":4.97,"u":"12,43 €/L","img":"https://fd13-photos.leclercdrive.fr/image.ashx?id=2423229&use=l&cat=p&typeid=i","cat":284603},{"id":133535,"n":"Billes d'argile beaux jours 6 L","p":3.29,"u":"0,55 €/L","img":"https://fd13-photos.leclercdrive.fr/image.ashx?id=2632603&use=l&cat=p&typeid=i","cat":335919},{"id":133748,"n":"Soda Coca-Cola - SANS SUCRES Bouteille - 6x25cl","p":5.25,"u":"3,50 €/L","img":"https://fd13-photos.leclercdrive.fr/image.ashx?id=2312308&use=l&cat=p&typeid=i","cat":284530},{"id":133768,"n":"Poêle Easy Cook'n Clean Tefal Ø32cm - 1 pièce","p":22.9,"img":"https://fd13-photos.leclercdrive.fr/image.ashx?id=2531862&use=l&cat=p&typeid=i","cat":298490},{"id":133987,"n":"Oeufs La nouvelle agriculture Plein Air - x12","p":3.63,"u":"0,30 €/P","img":"https://fd13-photos.leclercdrive.fr/image.ashx?id=2465562&use=l&cat=p&typeid=i","cat":284378},{"id":134001,"n":"Mini Baguettes à la Tomate Bio Good Goût - Dès 10 mois - 70g","p":2.6,"u":"37,14 €/KG","img":"https://fd13-photos.leclercdrive.fr/image.ashx?id=2640680&use=l&cat=p&typeid=i","cat":312394},{"id":134044,"n":"Cacahuètes caramélisées 150g","p":1.93,"u":"12,87 €/KG","img":"https://fd13-photos.leclercdrive.fr/image.ashx?id=1964111&use=l&cat=p&typeid=i","cat":284357},{"id":134047,"n":"Barres de céréales Lion Chocolat caramel - 12x25g","p":4.09,"u":"13,63 €/KG","img":"https://fd13-photos.leclercdrive.fr/image.ashx?id=2846787&use=l&cat=p&typeid=i","cat":285869},{"id":134052,"n":"Velouté La Potagère duo Butternut et potimarron bio-1L","p":3.36,"u":"3,36 €/L","img":"https://fd13-photos.leclercdrive.fr/image.ashx?id=2541205&use=l&cat=p&typeid=i","cat":284462},{"id":134121,"n":"Poivre noir moulu Eco+ 44g","p":0.55,"u":"12,50 €/KG","img":"https://fd13-photos.leclercdrive.fr/image.ashx?id=2717246&use=l&cat=p&typeid=i","cat":284457},{"id":134122,"n":"Poivre noir moulu Eco+ 90g","p":1.15,"u":"12,78 €/KG","img":"https://fd13-photos.leclercdrive.fr/image.ashx?id=2836307&use=l&cat=p&typeid=i","cat":284457},{"id":134124,"n":"Velouté PurSoup' Liebig Poireaux pomme de terre - 1L","p":2.1,"u":"2,10 €/L","img":"https://fd13-photos.leclercdrive.fr/image.ashx?id=2864324&use=l&cat=p&typeid=i","cat":284462},{"id":134130,"n":"Mélange paella Ducros 20g","p":1.44,"u":"72,00 €/KG","img":"https://fd13-photos.leclercdrive.fr/image.ashx?id=2490500&use=l&cat=p&typeid=i","cat":298297},{"id":134144,"n":"Don Papa Masskara Base de rhum 40% vol 70cl","p":29.99,"u":"42,84 €/L","img":"https://fd13-photos.leclercdrive.fr/image.ashx?id=2858255&use=l&cat=p&typeid=i","cat":284551},{"id":134146,"n":"Biscuits Nustikao Fourrés pâte à tartiner - 200g","p":1.67,"u":"8,35 €/KG","img":"https://fd13-photos.leclercdrive.fr/image.ashx?id=2473999&use=l&cat=p&typeid=i","cat":284488},{"id":134152,"n":"Biscuits Kinder Happy Hippo Au lait et au cacao - 103,5g","p":1.66,"u":"15,96 €/KG","img":"https://fd13-photos.leclercdrive.fr/image.ashx?id=2454499&use=l&cat=p&typeid=i","cat":284488},{"id":134162,"n":"Fromage frais nature Eco+ 9%mg - 6x60g","p":0.93,"u":"2,58 €/KG","img":"https://fd13-photos.leclercdrive.fr/image.ashx?id=2722372&use=l&cat=p&typeid=i","cat":284409},{"id":134165,"n":"Yaourt à la Grecque Délisse Stracciatella - 4x150g","p":2.39,"u":"3,98 €/KG","img":"https://fd13-photos.leclercdrive.fr/image.ashx?id=2753487&use=l&cat=p&typeid=i","cat":314999},{"id":134167,"n":"Yaourt à la grecque Délisse Noix de Coco - 4x150g","p":2.38,"u":"3,97 €/KG","img":"https://fd13-photos.leclercdrive.fr/image.ashx?id=2699759&use=l&cat=p&typeid=i","cat":314999},{"id":134171,"n":"Nissin soba sachet chili 111g","p":1.2,"u":"10,81 €/KG","img":"https://fd13-photos.leclercdrive.fr/image.ashx?id=2433518&use=l&cat=p&typeid=i","cat":288992},{"id":134184,"n":"Nissin Soba sachet classique 109g","p":1.58,"u":"14,50 €/KG","img":"https://fd13-photos.leclercdrive.fr/image.ashx?id=2647630&use=l&cat=p&typeid=i","cat":288992},{"id":134194,"n":"Yaourt aromatisé Perle de Lait Lit de Mangue Passion - 4x125g","p":2.39,"u":"4,78 €/P","img":"https://fd13-photos.leclercdrive.fr/image.ashx?id=2989213&use=l&cat=p&typeid=i","cat":314999},{"id":134200,"n":"Frites Beef BBQ McCain Street Fries - 300g","p":4.03,"u":"13,43 €/KG","img":"https://fd13-photos.leclercdrive.fr/image.ashx?id=2660272&use=l&cat=p&typeid=i","cat":319791},{"id":134217,"n":"Lardons nature Tradilège Sans nitrite - 2x75g","p":1.62,"u":"21,60 €/KG","img":"https://fd13-photos.leclercdrive.fr/image.ashx?id=2955270&use=l&cat=p&typeid=i","cat":316011},{"id":134218,"n":"Lardons fumés Tradilège Sans nitrite - 2x75g","p":1.57,"u":"10,47 €/KG","img":"https://fd13-photos.leclercdrive.fr/image.ashx?id=2965828&use=l&cat=p&typeid=i","cat":316011},{"id":134220,"n":"Allumettes nature Tradilège Sans nitrite - 2x75g","p":1.64,"u":"10,93 €/KG","img":"https://fd13-photos.leclercdrive.fr/image.ashx?id=2970486&use=l&cat=p&typeid=i","cat":316011},{"id":134223,"n":"Allumettes fumées Tradilège Sans nitrite - 2x75g","p":1.63,"u":"10,87 €/KG","img":"https://fd13-photos.leclercdrive.fr/image.ashx?id=2965825&use=l&cat=p&typeid=i","cat":316011},{"id":134249,"n":"Blé express cuisiné Ebly  Tomate et basilic - 220g","p":1.89,"u":"8,59 €/KG","img":"https://fd13-photos.leclercdrive.fr/image.ashx?id=1963877&use=l&cat=p&typeid=i","cat":287600},{"id":134257,"n":"Corn Flakes Grainéa Nature - 500g","p":2.08,"u":"4,16 €/KG","img":"https://fd13-photos.leclercdrive.fr/image.ashx?id=2939088&use=l&cat=p&typeid=i","cat":309513},{"id":134316,"n":"Goûters P'tit Déli Croc' Goût Vanille - 300g","p":1.08,"u":"3,27 €/KG","img":"https://fd13-photos.leclercdrive.fr/image.ashx?id=2391895&use=l&cat=p&typeid=i","cat":284489},{"id":134317,"n":"Biscuit Croc Break P'tit Déli Goût Chocolat - 300g","p":1.15,"u":"3,83 €/KG","img":"https://fd13-photos.leclercdrive.fr/image.ashx?id=2390431&use=l&cat=p&typeid=i","cat":284488},{"id":134318,"n":"Biscuits P'tit déli Pirates Chocolat - 2x300g","p":2.17,"u":"3,62 €/KG","img":"https://fd13-photos.leclercdrive.fr/image.ashx?id=2539460&use=l&cat=p&typeid=i","cat":284488},{"id":134319,"n":"Biscuit Croc Break P'tit Déli Goût Tout Chocolat - 300g","p":1.17,"u":"3,90 €/KG","img":"https://fd13-photos.leclercdrive.fr/image.ashx?id=2708898&use=l&cat=p&typeid=i","cat":284488},{"id":134331,"n":"Muesli croustillant Grainéa Chocolat noir - 500g","p":2.29,"u":"4,58 €/KG","img":"https://fd13-photos.leclercdrive.fr/image.ashx?id=2925991&use=l&cat=p&typeid=i","cat":309512},{"id":134333,"n":"Muesli croustillant Grainéa Noix - 500g","p":2.02,"u":"4,04 €/KG","img":"https://fd13-photos.leclercdrive.fr/image.ashx?id=2917662&use=l&cat=p&typeid=i","cat":309512},{"id":134336,"n":"Muesli croustillant Grainéa  Aux fruits - 500g","p":1.87,"u":"3,74 €/KG","img":"https://fd13-photos.leclercdrive.fr/image.ashx?id=2931796&use=l&cat=p&typeid=i","cat":309512},{"id":134352,"n":"Muesli croustillant Grainéa  Fraise - 500g","p":2.27,"u":"4,54 €/KG","img":"https://fd13-photos.leclercdrive.fr/image.ashx?id=2931787&use=l&cat=p&typeid=i","cat":309512},{"id":134353,"n":"Muesli croustillant Grainéa Chocolat lait - 500g","p":2.27,"u":"4,54 €/KG","img":"https://fd13-photos.leclercdrive.fr/image.ashx?id=2925994&use=l&cat=p&typeid=i","cat":309512},{"id":134398,"n":"Saucisson Fuet d'Olot 150g","p":2.19,"u":"14,60 €/KG","img":"https://fd13-photos.leclercdrive.fr/image.ashx?id=1971722&use=l&cat=p&typeid=i","cat":316006},{"id":134415,"n":"Jus de citron vert Siracuse - 200ml","p":0.79,"u":"3,95 €/L","img":"https://fd13-photos.leclercdrive.fr/image.ashx?id=2776018&use=l&cat=p&typeid=i","cat":288383},{"id":134484,"n":"Pur jus de légume Bio Village Bio - 1L","p":2.86,"u":"2,86 €/L","img":"https://fd13-photos.leclercdrive.fr/image.ashx?id=2901569&use=l&cat=p&typeid=i","cat":284523},{"id":134532,"n":"Mc Vitie's hob'nobs roll Goût chocolat - 160g","p":1.01,"u":"6,31 €/KG","img":"https://fd13-photos.leclercdrive.fr/image.ashx?id=2595362&use=l&cat=p&typeid=i","cat":284488},{"id":134534,"n":"Café en grains L'OR Absolu N° 7 1kg","p":19.01,"u":"19,01 €/KG","img":"https://fd13-photos.leclercdrive.fr/image.ashx?id=2716837&use=l&cat=p&typeid=i","cat":293237},{"id":134576,"n":"Bicarbonate de soude Biovie 500g","p":2.69,"u":"5,38 €/KG","img":"https://fd13-photos.leclercdrive.fr/image.ashx?id=2990706&use=l&cat=p&typeid=i","cat":325365},{"id":134577,"n":"Vinaigre ménager Biovie 12° - 1L","p":1.98,"u":"1,98 €/L","img":"https://fd13-photos.leclercdrive.fr/image.ashx?id=2967857&use=l&cat=p&typeid=i","cat":325365},{"id":134585,"n":"Noix de coco râpée Vahiné 200g","p":2.69,"u":"13,45 €/KG","img":"https://fd13-photos.leclercdrive.fr/image.ashx?id=2805276&use=l&cat=p&typeid=i","cat":284504},{"id":134676,"n":"Friandises chien Pedigree  Schmackos multi mix x20 - 144g","p":1.9,"u":"13,19 €/KG","img":"https://fd13-photos.leclercdrive.fr/image.ashx?id=2338579&use=l&cat=p&typeid=i","cat":294527},{"id":134677,"n":"Friandise petit chien Pedigree  Os à mâcher x4 - 160g","p":2.43,"u":"15,19 €/KG","img":"https://fd13-photos.leclercdrive.fr/image.ashx?id=2997253&use=l&cat=p&typeid=i","cat":294527},{"id":134678,"n":"Friandise moyen chien Pedigree Os à mâcher x2 - 180g","p":2.46,"u":"13,67 €/KG","img":"https://fd13-photos.leclercdrive.fr/image.ashx?id=2981710&use=l&cat=p&typeid=i","cat":294527},{"id":134680,"n":"Biscuits chien Pedigree Markies fourrés - 1,5kg","p":4.73,"u":"3,15 €/KG","img":"https://fd13-photos.leclercdrive.fr/image.ashx?id=2109671&use=l&cat=p&typeid=i","cat":294527},{"id":134698,"n":"Pomme de terre filière vapeur  sautées Panier du Primeur - 2kg","p":2.29,"u":"1,15 €/KG","img":"https://fd13-photos.leclercdrive.fr/image.ashx?id=2959644&use=l&cat=p&typeid=i","cat":284352},{"id":134734,"n":"Boule crème chocolat Jacquot orange framboise vanille - 1kg","p":7.94,"u":"7,94 €/KG","img":"https://fd13-photos.leclercdrive.fr/image.ashx?id=2666584&use=l&cat=p&typeid=i","cat":327595},{"id":134744,"n":"Foie gras canard Les exquis Larnaudie - torchon - 400g","p":40.9,"pp":26.99,"u":"67,48 €/KG","img":"https://fd13-photos.leclercdrive.fr/image.ashx?id=2915781&use=l&cat=p&typeid=i","cat":316008},{"id":134747,"n":"Biscuits Bio Nat&Vie Avoine/chocolat - 130g","p":2.12,"u":"16,31 €/KG","img":"https://fd13-photos.leclercdrive.fr/image.ashx?id=1965809&use=l&cat=p&typeid=i","cat":318651},{"id":134753,"n":"Assortiment de bonbons Eco+ 720g","p":3.32,"u":"4,61 €/KG","img":"https://fd13-photos.leclercdrive.fr/image.ashx?id=2756837&use=l&cat=p&typeid=i","cat":304250},{"id":134754,"n":"Café moulu Bio Village Guatémala Bio - 250g","p":4.9,"u":"19,60 €/KG","img":"https://fd13-photos.leclercdrive.fr/image.ashx?id=2468879&use=l&cat=p&typeid=i","cat":284750},{"id":134755,"n":"Café moulu Bio Village Décaféiné Bio - 250g","p":4.99,"u":"19,96 €/KG","img":"https://fd13-photos.leclercdrive.fr/image.ashx?id=2468885&use=l&cat=p&typeid=i","cat":284750},{"id":134758,"n":"Compote Allégée en sucres Eco+ Coupelle pomme banane - 4x100g","p":0.58,"u":"1,45 €/KG","img":"https://fd13-photos.leclercdrive.fr/image.ashx?id=1965671&use=l&cat=p&typeid=i","cat":284508},{"id":134760,"n":"Confiture extra bio Bio Village Figues - 370g","p":2.31,"u":"6,24 €/KG","img":"https://fd13-photos.leclercdrive.fr/image.ashx?id=2459593&use=l&cat=p&typeid=i","cat":284480},{"id":134770,"n":"Compote bio Bio Village Gourdes multivariétés - 12x90g","p":6.35,"u":"5,88 €/KG","img":"https://fd13-photos.leclercdrive.fr/image.ashx?id=1965920&use=l&cat=p&typeid=i","cat":284508},{"id":134772,"n":"Huile de noisette Rustica 25cl","p":2.89,"u":"11,56 €/L","img":"https://fd13-photos.leclercdrive.fr/image.ashx?id=2610336&use=l&cat=p&typeid=i","cat":284453},{"id":134773,"n":"Pur jus de citron vert - 25 cl vert - 25 cl","p":1.77,"u":"7,08 €/L","img":"https://fd13-photos.leclercdrive.fr/image.ashx?id=2140944&use=l&cat=p&typeid=i","cat":288383},{"id":134774,"n":"Pur jus de citron jaune - 50 cl jaune - 50 cl","p":2.39,"u":"4,78 €/L","img":"https://fd13-photos.leclercdrive.fr/image.ashx?id=3010449&use=l&cat=p&typeid=i","cat":288383},{"id":134777,"n":"Macaronis Bio Village Bio - 500g","p":1.19,"u":"2,38 €/KG","img":"https://fd13-photos.leclercdrive.fr/image.ashx?id=2624923&use=l&cat=p&typeid=i","cat":284429},{"id":134786,"n":"Potage poule aux vermicelles Eco+ - 56g","p":0.33,"u":"5,89 €/KG","img":"https://fd13-photos.leclercdrive.fr/image.ashx?id=2663260&use=l&cat=p&typeid=i","cat":284463},{"id":134787,"n":"Ravioli bœuf Bio village Bio 700g","p":3.7,"u":"5,29 €/KG","img":"https://fd13-photos.leclercdrive.fr/image.ashx?id=2717255&use=l&cat=p&typeid=i","cat":284442},{"id":134788,"n":"Spaghetti complets Bio Village Bio - 500g","p":0.89,"u":"1,78 €/KG","img":"https://fd13-photos.leclercdrive.fr/image.ashx?id=2503308&use=l&cat=p&typeid=i","cat":284429},{"id":134791,"n":"Thon à la catalane Eco + 135g","p":0.82,"u":"6,07 €/KG","img":"https://fd13-photos.leclercdrive.fr/image.ashx?id=2756834&use=l&cat=p&typeid=i","cat":303867},{"id":134792,"n":"Thon blanc Pêche océan MSC Entier nature - France - 112g","p":2.75,"u":"24,55 €/KG","img":"https://fd13-photos.leclercdrive.fr/image.ashx?id=2942235&use=l&cat=p&typeid=i","cat":303867},{"id":134793,"n":"Toasts fins nature Epi d'Or 100g","p":1.65,"u":"16,50 €/KG","img":"https://fd13-photos.leclercdrive.fr/image.ashx?id=2696283&use=l&cat=p&typeid=i","cat":285454},{"id":134794,"n":"Toasts fins sésame Epi d'Or 100g","p":1.65,"u":"16,50 €/KG","img":"https://fd13-photos.leclercdrive.fr/image.ashx?id=2705092&use=l&cat=p&typeid=i","cat":285454},{"id":134796,"n":"Tomates entières pelées Eco+ 240g","p":0.55,"u":"2,29 €/KG","img":"https://fd13-photos.leclercdrive.fr/image.ashx?id=2762501&use=l&cat=p&typeid=i","cat":312608},{"id":134797,"n":"Tuiles goût barbecue Tokapi 170g","p":1.39,"u":"8,18 €/KG","img":"https://fd13-photos.leclercdrive.fr/image.ashx?id=2632891&use=l&cat=p&typeid=i","cat":287899},{"id":134798,"n":"Velouté de légumes Eco + 1L","p":0.89,"u":"0,89 €/L","img":"https://fd13-photos.leclercdrive.fr/image.ashx?id=2768448&use=l&cat=p&typeid=i","cat":284462},{"id":134799,"n":"Vinaigre de vin 6° Eco +  1L","p":0.55,"u":"0,55 €/L","img":"https://fd13-photos.leclercdrive.fr/image.ashx?id=2606034&use=l&cat=p&typeid=i","cat":298543},{"id":134811,"n":"Pur jus d'orange Eco + Brique - 2l","p":3.14,"u":"1,57 €/L","img":"https://fd13-photos.leclercdrive.fr/image.ashx?id=2751859&use=l&cat=p&typeid=i","cat":284521},{"id":134815,"n":"Pur jus 4 agrumes Eco +  1L","p":1.43,"u":"1,43 €/L","img":"https://fd13-photos.leclercdrive.fr/image.ashx?id=2762943&use=l&cat=p&typeid=i","cat":284917},{"id":134816,"n":"Jus d'orange ABC Eco + Brique - 1L","p":1.3,"u":"1,30 €/L","img":"https://fd13-photos.leclercdrive.fr/image.ashx?id=2595049&use=l&cat=p&typeid=i","cat":284521},{"id":134817,"n":"Jus de pamplemousse rose Eco + ABC - 1L","p":0.98,"u":"0,98 €/L","img":"https://fd13-photos.leclercdrive.fr/image.ashx?id=2802266&use=l&cat=p&typeid=i","cat":284914},{"id":134819,"n":"Nectar d'orange Eco + Brique - 2L","p":1.83,"u":"0,92 €/L","img":"https://fd13-photos.leclercdrive.fr/image.ashx?id=2842444&use=l&cat=p&typeid=i","cat":284521},{"id":134823,"n":"Nectar multifruits Eco+ 6x20cl","p":1.75,"u":"1,46 €/L","img":"https://fd13-photos.leclercdrive.fr/image.ashx?id=2957548&use=l&cat=p&typeid=i","cat":284917},{"id":134829,"n":"Bière forte 7.9% Millbrau 50CL","p":0.85,"u":"1,70 €/L","img":"https://fd13-photos.leclercdrive.fr/image.ashx?id=2955578&use=l&cat=p&typeid=i","cat":334853},{"id":134830,"n":"Eau minérale gaz Alizée Eco + 6x50cl","p":1.26,"u":"0,42 €/L","img":"https://fd13-photos.leclercdrive.fr/image.ashx?id=2971861&use=l&cat=p&typeid=i","cat":284536},{"id":134841,"n":"IGP Pays d'Oc Merlot vin rosé Vieux Carion 12% vol - BIB 3L","p":7.99,"u":"2,66 €/L","img":"https://fd13-photos.leclercdrive.fr/image.ashx?id=2887410&use=l&cat=p&typeid=i","cat":289560},{"id":134842,"n":"Vin d'Union Européenne blanc Adrien Champaud 11% vol BIB 5L","p":8.49,"u":"1,70 €/L","img":"https://fd13-photos.leclercdrive.fr/image.ashx?id=2960517&use=l&cat=p&typeid=i","cat":289557},{"id":134853,"n":"Bière speciale 4,9% Gildo 50cl","p":0.87,"u":"1,74 €/L","img":"https://fd13-photos.leclercdrive.fr/image.ashx?id=2955605&use=l&cat=p&typeid=i","cat":334853},{"id":134856,"n":"Eau de javel Eco + 2L","p":0.63,"u":"0,32 €/L","img":"https://fd13-photos.leclercdrive.fr/image.ashx?id=3007609&use=l&cat=p&typeid=i","cat":284661},{"id":134858,"n":"Brosse à dent enfant Dentamyl Clignotante licorne - 1 pièce","p":1.99,"img":"https://fd13-photos.leclercdrive.fr/image.ashx?id=1965773&use=l&cat=p&typeid=i","cat":288897},{"id":134860,"n":"Maxi carré bébé Mots d'Enfants Coton bio - x80","p":2.6,"u":"0,03 €/P","img":"https://fd13-photos.leclercdrive.fr/image.ashx?id=3014296&use=l&cat=p&typeid=i","cat":284739},{"id":134861,"n":"Maxi carré bébé Mots d'Enfants Coton bio écru - x40","p":1.37,"u":"0,03 €/P","img":"https://fd13-photos.leclercdrive.fr/image.ashx?id=3014299&use=l&cat=p&typeid=i","cat":284739},{"id":134862,"n":"Gel hydroalcoolique Primoplast 550ml","p":2.1,"u":"3,82 €/L","img":"https://fd13-photos.leclercdrive.fr/image.ashx?id=2856591&use=l&cat=p&typeid=i","cat":284630},{"id":134882,"n":"K2r Pistolet Super Power 550 ml","p":4.31,"u":"7,84 €/L","img":"https://fd13-photos.leclercdrive.fr/image.ashx?id=2890109&use=l&cat=p&typeid=i","cat":284651},{"id":134900,"n":"Boule crème chocolat Jacquot Orange, framboise vanille - 1kg","p":8.29,"u":"8,29 €/KG","img":"https://fd13-photos.leclercdrive.fr/image.ashx?id=2665889&use=l&cat=p&typeid=i","cat":327595},{"id":134989,"n":"Amora Cornichons Extra-Fins Bocal Croq'Vert 370g","p":2.79,"u":"7,54 €/KG","img":"https://fd13-photos.leclercdrive.fr/image.ashx?id=2670911&use=l&cat=p&typeid=i","cat":284458},{"id":135001,"n":"Lingettes Bébé Huggies® Extra Care Sensitive 1x56","p":2.08,"u":"0,04 €/P","img":"https://fd13-photos.leclercdrive.fr/image.ashx?id=2768276&use=l&cat=p&typeid=i","cat":284738},{"id":135081,"n":"Joker Pur Jus Engagé  Multifruits - 1,5L","p":3.44,"u":"2,29 €/L","img":"https://fd13-photos.leclercdrive.fr/image.ashx?id=3008137&use=l&cat=p&typeid=i","cat":284917},{"id":135104,"n":"Salade & Cie Sodebo Brooklyn Poulet Rôti Pâtes - 320g","p":4.49,"u":"14,03 €/KG","img":"https://fd13-photos.leclercdrive.fr/image.ashx?id=2795719&use=l&cat=p&typeid=i","cat":333657},{"id":135136,"n":"Coeur fondant chocolat Equador 2x90g","p":2.13,"u":"11,83 €/KG","img":"https://fd13-photos.leclercdrive.fr/image.ashx?id=1979707&use=l&cat=p&typeid=i","cat":284419},{"id":135179,"n":"Sauce béchamel Bridélice 50cl","p":2.64,"u":"5,28 €/L","img":"https://fd13-photos.leclercdrive.fr/image.ashx?id=2904718&use=l&cat=p&typeid=i","cat":284382},{"id":135191,"n":"Yaourt aromatisé sucré Eco+ Pack 12x125g","p":1.86,"u":"1,24 €/KG","img":"https://fd13-photos.leclercdrive.fr/image.ashx?id=2759774&use=l&cat=p&typeid=i","cat":286006},{"id":135203,"n":"Yaourt nature Eco+ 4x125g","p":0.58,"u":"1,16 €/KG","img":"https://fd13-photos.leclercdrive.fr/image.ashx?id=2671789&use=l&cat=p&typeid=i","cat":284409},{"id":135245,"n":"Salade mélangée Eco+ 250g","p":0.75,"u":"3,00 €/KG","img":"https://fd13-photos.leclercdrive.fr/image.ashx?id=2688291&use=l&cat=p&typeid=i","cat":284353},{"id":135246,"n":"Crème fraiche Eco+ Légère - 15% MG - 50cl","p":1.35,"u":"2,70 €/L","img":"https://fd13-photos.leclercdrive.fr/image.ashx?id=2891869&use=l&cat=p&typeid=i","cat":284381},{"id":135247,"n":"Fromage fondu Eco+ 17%mg - x10 - 200g","p":1.08,"u":"5,40 €/KG","img":"https://fd13-photos.leclercdrive.fr/image.ashx?id=2652290&use=l&cat=p&typeid=i","cat":314028},{"id":135251,"n":"Yaourt nature sucré Yoplait - 8x125g","p":2.04,"u":"2,04 €/KG","img":"https://fd13-photos.leclercdrive.fr/image.ashx?id=2796830&use=l&cat=p&typeid=i","cat":284409},{"id":135267,"n":"Matière grasse Eco+ Tartine - 55%mg - 500g","p":1.21,"u":"2,42 €/KG","img":"https://fd13-photos.leclercdrive.fr/image.ashx?id=1974353&use=l&cat=p&typeid=i","cat":315229},{"id":135276,"n":"Pomme de terre Panier Primeur Micro-ondes - 750g","p":1.79,"u":"2,39 €/KG","img":"https://fd13-photos.leclercdrive.fr/image.ashx?id=2649903&use=l&cat=p&typeid=i","cat":284352},{"id":135278,"n":"Fromage blanc aromatisé Eco+ 2.8%MG - 12x60g","p":1.79,"u":"2,49 €/KG","img":"https://fd13-photos.leclercdrive.fr/image.ashx?id=2794817&use=l&cat=p&typeid=i","cat":284409},{"id":135282,"n":"Oignons sauciers Filière Panier du Primeur Filet 500g","p":1.49,"u":"2,98 €/KG","img":"https://fd13-photos.leclercdrive.fr/image.ashx?id=2966370&use=l&cat=p&typeid=i","cat":284352},{"id":135292,"n":"Crème dessert Eco+ Panachées - 12x125g","p":2.43,"u":"1,62 €/KG","img":"https://fd13-photos.leclercdrive.fr/image.ashx?id=2804326&use=l&cat=p&typeid=i","cat":285041},{"id":135293,"n":"Crème dessert Eco+ Saveur vanille - 4x125g","p":0.77,"u":"1,54 €/KG","img":"https://fd13-photos.leclercdrive.fr/image.ashx?id=2765695&use=l&cat=p&typeid=i","cat":285041},{"id":135295,"n":"Tranchette de gouda Eco+ 28%mg - 300g","p":2.53,"u":"8,43 €/KG","img":"https://fd13-photos.leclercdrive.fr/image.ashx?id=1974470&use=l&cat=p&typeid=i","cat":314028},{"id":135296,"n":"Fromage mi-chèvre Eco+ 23%mg - 180g","p":1.65,"u":"9,17 €/KG","img":"https://fd13-photos.leclercdrive.fr/image.ashx?id=2744356&use=l&cat=p&typeid=i","cat":314031},{"id":135301,"n":"Hauts de cuisse Eco+ Poulet blanc - 1kg","p":4.49,"u":"4,49 €/KG","img":"https://fd13-photos.leclercdrive.fr/image.ashx?id=2858971&use=l&cat=p&typeid=i","cat":284336},{"id":135302,"n":"Hauts de cuisse Eco+ Poulet jaune - 1kg","p":4.49,"u":"4,49 €/KG","img":"https://fd13-photos.leclercdrive.fr/image.ashx?id=1974518&use=l&cat=p&typeid=i","cat":284336},{"id":135343,"n":"Râpé 3 fromages Les Croisés  Format familial - 350g","p":3.12,"u":"8,91 €/KG","img":"https://fd13-photos.leclercdrive.fr/image.ashx?id=2959734&use=l&cat=p&typeid=i","cat":314035},{"id":135365,"n":"Brioche tressée Les 3 Meuniers plate chocolat - 500g","p":3.9,"u":"7,80 €/KG","img":"https://fd13-photos.leclercdrive.fr/image.ashx?id=2054543&use=l&cat=p&typeid=i","cat":284478},{"id":135368,"n":"Gâche tranchée Les 3 Meuniers Pur beurre crème fraîche - 500g","p":4.95,"u":"9,90 €/KG","img":"https://fd13-photos.leclercdrive.fr/image.ashx?id=2054546&use=l&cat=p&typeid=i","cat":284478},{"id":135426,"n":"Sauce Salsa Old El Paso à napper doux - 226g","p":2.46,"u":"10,88 €/KG","img":"https://fd13-photos.leclercdrive.fr/image.ashx?id=2738797&use=l&cat=p&typeid=i","cat":288993},{"id":135429,"n":"Pommes Dauphine Findus 540g","p":3.19,"u":"5,91 €/KG","img":"https://fd13-photos.leclercdrive.fr/image.ashx?id=2009954&use=l&cat=p&typeid=i","cat":319792},{"id":135444,"n":"Croco Baby -30% de sucre Haribo Sachet bonbons - 165g","p":1.71,"u":"10,36 €/KG","img":"https://fd13-photos.leclercdrive.fr/image.ashx?id=2806111&use=l&cat=p&typeid=i","cat":304250},{"id":135454,"n":"Brioche tranchée Harrys Nature sans additif Maxi - 680g","p":3.28,"u":"4,82 €/KG","img":"https://fd13-photos.leclercdrive.fr/image.ashx?id=2503022&use=l&cat=p&typeid=i","cat":284478},{"id":135457,"n":"Brioche tranchée Harrys Farine complète - 485g","p":2.93,"u":"6,04 €/KG","img":"https://fd13-photos.leclercdrive.fr/image.ashx?id=2503025&use=l&cat=p&typeid=i","cat":284478},{"id":135458,"n":"Brioche tranchée nature Harrys Allégée en sucre - 485g","p":3.02,"u":"6,23 €/KG","img":"https://fd13-photos.leclercdrive.fr/image.ashx?id=2503031&use=l&cat=p&typeid=i","cat":284478},{"id":135459,"n":"Brioche Tranchée Harrys Pépites de chocolat - 485g","p":2.94,"u":"6,06 €/KG","img":"https://fd13-photos.leclercdrive.fr/image.ashx?id=2503028&use=l&cat=p&typeid=i","cat":284478},{"id":135476,"n":"Fromage à Tartiner Tartare  Ail et Fines Herbes - 150g","p":1.88,"u":"12,53 €/KG","img":"https://fd13-photos.leclercdrive.fr/image.ashx?id=2243365&use=l&cat=p&typeid=i","cat":314029},{"id":135481,"n":"Barres céréales Nesquik Chocolat - 12x25g","p":3.79,"u":"12,63 €/KG","img":"https://fd13-photos.leclercdrive.fr/image.ashx?id=2843225&use=l&cat=p&typeid=i","cat":285869},{"id":135533,"n":"Chocolat noir Les Citronettes Les Chevaliers d'Argouges 170g","p":7.48,"u":"44,00 €/KG","img":"https://fd13-photos.leclercdrive.fr/image.ashx?id=2842732&use=l&cat=p&typeid=i","cat":327601},{"id":135534,"n":"Bûchettes chocolat noir cerise Les Chevaliers d'Argouges  150g","p":6.32,"u":"42,13 €/KG","img":"https://fd13-photos.leclercdrive.fr/image.ashx?id=2842738&use=l&cat=p&typeid=i","cat":327601},{"id":135535,"n":"Chocolat noir Les orangettes Les Chevaliers d'Argouges  190g","p":7.14,"u":"37,58 €/KG","img":"https://fd13-photos.leclercdrive.fr/image.ashx?id=2842729&use=l&cat=p&typeid=i","cat":327601},{"id":135679,"n":"Tartiflette au Reblochon Marie 300g","p":3.97,"u":"13,23 €/KG","img":"https://fd13-photos.leclercdrive.fr/image.ashx?id=2827200&use=l&cat=p&typeid=i","cat":333665},{"id":135729,"n":"Louche trendy HOMESIDE 1 pièce","p":3.9,"img":"https://fd13-photos.leclercdrive.fr/image.ashx?id=2017608&use=l&cat=p&typeid=i","cat":334135},{"id":135731,"n":"Cuillère trendy HOMESIDE 1 pièce","p":3.9,"img":"https://fd13-photos.leclercdrive.fr/image.ashx?id=2017599&use=l&cat=p&typeid=i","cat":334135},{"id":135732,"n":"Pelle trendy HOMESIDE 1 pièce","p":3.9,"img":"https://fd13-photos.leclercdrive.fr/image.ashx?id=2017611&use=l&cat=p&typeid=i","cat":334135},{"id":135758,"n":"Jambon Supérieur VPF Tradilège A l'étouffée Découennéx10 -400g","p":5.09,"u":"12,73 €/KG","img":"https://fd13-photos.leclercdrive.fr/image.ashx?id=2970477&use=l&cat=p&typeid=i","cat":316009},{"id":135780,"n":"Petits pots bébé P'TITE RECETTE Cabillaud 8M+ - 2x200g","p":2.27,"u":"5,68 €/KG","img":"https://fd13-photos.leclercdrive.fr/image.ashx?id=2525717&use=l&cat=p&typeid=i","cat":312236},{"id":136302,"n":"Café moulu Velours Noir 100% Arabica - 250g","p":4.69,"u":"18,76 €/KG","img":"https://fd13-photos.leclercdrive.fr/image.ashx?id=1978401&use=l&cat=p&typeid=i","cat":284750},{"id":136362,"n":"AOC Côtes du Rhône rouge Réserve de Bonpas - 75cl","p":4.13,"u":"5,51 €/L","img":"https://fd13-photos.leclercdrive.fr/image.ashx?id=2991202&use=l&cat=p&typeid=i","cat":289556},{"id":136389,"n":"Oeuf Maxi Kinder Surprise Garçon - 100g","p":6.47,"u":"64,70 €/KG","img":"https://fd13-photos.leclercdrive.fr/image.ashx?id=2940513&use=l&cat=p&typeid=i","cat":284958},{"id":136445,"n":"Gateau marbré Savane Chocolat - 310g","p":2.57,"u":"8,29 €/KG","img":"https://fd13-photos.leclercdrive.fr/image.ashx?id=2870719&use=l&cat=p&typeid=i","cat":294776},{"id":136456,"n":"Lait bébé Candia Baby 2ème âge - 6x1L","p":11.12,"u":"1,85 €/L","img":"https://fd13-photos.leclercdrive.fr/image.ashx?id=2773703&use=l&cat=p&typeid=i","cat":284727},{"id":136457,"n":"Pain grillé original Pasquier 415g","p":2.3,"u":"5,54 €/KG","img":"https://fd13-photos.leclercdrive.fr/image.ashx?id=2943957&use=l&cat=p&typeid=i","cat":284479},{"id":136467,"n":"Soupe liquide brique Liebig  Mouliné 5 légumes verts 2x30cl","p":2.23,"u":"3,72 €/L","img":"https://fd13-photos.leclercdrive.fr/image.ashx?id=2186721&use=l&cat=p&typeid=i","cat":284462},{"id":136579,"n":"Soupe liquide brique Liebig  Velouté de 12 légumes - 1L","p":2.19,"u":"2,19 €/L","img":"https://fd13-photos.leclercdrive.fr/image.ashx?id=2172645&use=l&cat=p&typeid=i","cat":284462},{"id":136580,"n":"Soupe liquide brique Liebig  Mouliné de 12 légumes - 1L","p":2.57,"u":"2,57 €/L","img":"https://fd13-photos.leclercdrive.fr/image.ashx?id=2172642&use=l&cat=p&typeid=i","cat":284462},{"id":136583,"n":"Plat bébé soir Blédiner 12 mois Aubergine courgette - 2x200g","p":2.4,"u":"6,00 €/KG","img":"https://fd13-photos.leclercdrive.fr/image.ashx?id=2845865&use=l&cat=p&typeid=i","cat":312239},{"id":136598,"n":"Compote Bio Village Gourdes Pomme bio - 12x90g","p":5.25,"u":"4,86 €/KG","img":"https://fd13-photos.leclercdrive.fr/image.ashx?id=2330517&use=l&cat=p&typeid=i","cat":284508},{"id":136635,"n":"Cassoulet Maison Rivière Confit de canard - 840g","p":5.52,"u":"6,57 €/KG","img":"https://fd13-photos.leclercdrive.fr/image.ashx?id=2734225&use=l&cat=p&typeid=i","cat":284440},{"id":136646,"n":"Bonbons Tic Tac 100 pastilles Festival de goûts - 49g","p":1.6,"u":"32,65 €/KG","img":"https://fd13-photos.leclercdrive.fr/image.ashx?id=2758607&use=l&cat=p&typeid=i","cat":304256},{"id":136668,"n":"Champignons de Paris bruns Panier du Primeur - 250g","p":1.79,"u":"7,16 €/KG","img":"https://fd13-photos.leclercdrive.fr/image.ashx?id=2600255&use=l&cat=p&typeid=i","cat":284352},{"id":136670,"n":"Oignons jaunes Eco+ 1.5 Kg","p":1.69,"u":"1,13 €/KG","img":"https://fd13-photos.leclercdrive.fr/image.ashx?id=2772572&use=l&cat=p&typeid=i","cat":284352},{"id":136767,"n":"Boite de chocolat Côte d'Or Bouchée au lait - 197g","p":6.38,"u":"32,39 €/KG","img":"https://fd13-photos.leclercdrive.fr/image.ashx?id=2792942&use=l&cat=p&typeid=i","cat":327595},{"id":136775,"n":"Fleur de maïs Maïzena 700g","p":2.45,"pp":1.71,"u":"2,44 €/KG","img":"https://fd13-photos.leclercdrive.fr/image.ashx?id=2328361&use=l&cat=p&typeid=i","cat":288382},{"id":136808,"n":"Biscuit pistache abricot Gerblé  - 160g","p":2.64,"u":"16,50 €/KG","img":"https://fd13-photos.leclercdrive.fr/image.ashx?id=2812711&use=l&cat=p&typeid=i","cat":318651},{"id":136813,"n":"Biscuits Bruges Delacre Boîte Assortiment - 200g","p":2.92,"u":"14,60 €/KG","img":"https://fd13-photos.leclercdrive.fr/image.ashx?id=2867966&use=l&cat=p&typeid=i","cat":284490},{"id":136907,"n":"Mini Roc Côte d'Or Chocolat au lait - 195g","p":7.45,"u":"38,21 €/KG","img":"https://fd13-photos.leclercdrive.fr/image.ashx?id=2488088&use=l&cat=p&typeid=i","cat":327595},{"id":136910,"n":"Mini Roc Côte d'Or Chocolat au noir - 195g","p":6.81,"u":"34,92 €/KG","img":"https://fd13-photos.leclercdrive.fr/image.ashx?id=2244136&use=l&cat=p&typeid=i","cat":327595},{"id":136933,"n":"Kit fajita Old El Paso Tomate poivrons - 500g","p":4.79,"u":"9,58 €/KG","img":"https://fd13-photos.leclercdrive.fr/image.ashx?id=2759715&use=l&cat=p&typeid=i","cat":288993},{"id":137070,"n":"Petits pois Bio Village Bio - 420g","p":2.35,"u":"5,60 €/KG","img":"https://fd13-photos.leclercdrive.fr/image.ashx?id=3002707&use=l&cat=p&typeid=i","cat":312607},{"id":137160,"n":"IGP Clémentines fines de Corse Nos régions ont du Talent - 1kg","p":4.99,"u":"4,99 €/KG","img":"https://fd13-photos.leclercdrive.fr/image.ashx?id=2934847&use=l&cat=p&typeid=i","cat":284356},{"id":137162,"n":"Pommes de terre Pompadour  Nos régions ont du Talent - 1kg","p":1.99,"u":"1,99 €/KG","img":"https://fd13-photos.leclercdrive.fr/image.ashx?id=2960589&use=l&cat=p&typeid=i","cat":284352},{"id":137228,"n":"Sucre en poudre Saint Louis 650g","p":1.51,"u":"2,32 €/KG","img":"https://fd13-photos.leclercdrive.fr/image.ashx?id=2659936&use=l&cat=p&typeid=i","cat":284502},{"id":137244,"n":"Huile d'Olive vierge  Cauvin Extra Bio - 75cl","p":8.47,"u":"11,29 €/L","img":"https://fd13-photos.leclercdrive.fr/image.ashx?id=2498356&use=l&cat=p&typeid=i","cat":284453},{"id":137289,"n":"Yaourt à boire Ptit Yop Aromatisé Framboise - 6x180g","p":2.77,"u":"2,56 €/KG","img":"https://fd13-photos.leclercdrive.fr/image.ashx?id=2951797&use=l&cat=p&typeid=i","cat":284415},{"id":137325,"n":"Lait bébé Candia Baby  croissance 3ème âge - 6x25cl","p":3.85,"u":"2,57 €/L","img":"https://fd13-photos.leclercdrive.fr/image.ashx?id=2963346&use=l&cat=p&typeid=i","cat":284728},{"id":137382,"n":"Spray retouche L'Oréal Paris Magic Retouch Châtain Clair","p":8.32,"u":"11,09 €/L","img":"https://fd13-photos.leclercdrive.fr/image.ashx?id=2597196&use=l&cat=p&typeid=i","cat":288899},{"id":137384,"n":"Déodorant bille Men Expert Efficacité 48h - 50ml","p":2.56,"u":"51,20 €/L","img":"https://fd13-photos.leclercdrive.fr/image.ashx?id=2300512&use=l&cat=p&typeid=i","cat":284618},{"id":137388,"n":"Gel Douche Bio Sans Savon Cadum Huile d'Amandes Douces - 500ml","p":2.14,"u":"4,28 €/L","img":"https://fd13-photos.leclercdrive.fr/image.ashx?id=2575627&use=l&cat=p&typeid=i","cat":284594},{"id":137395,"n":"Huile extraordinaire Elseve Jojoba 100ml","p":10.09,"u":"100,90 €/L","img":"https://fd13-photos.leclercdrive.fr/image.ashx?id=2870674&use=l&cat=p&typeid=i","cat":284608},{"id":137413,"n":"Pommes Duchesse Findus 720g","p":3.19,"u":"4,43 €/KG","img":"https://fd13-photos.leclercdrive.fr/image.ashx?id=2888512&use=l&cat=p&typeid=i","cat":319792},{"id":137414,"n":"Pommes Étoile 720g","p":3.19,"u":"4,43 €/KG","img":"https://fd13-photos.leclercdrive.fr/image.ashx?id=2023134&use=l&cat=p&typeid=i","cat":319792},{"id":137427,"n":"Soin Nutri-correcteur Dessange Cheveux Blonds, Colorés - 125ml","p":9.49,"u":"75,92 €/L","img":"https://fd13-photos.leclercdrive.fr/image.ashx?id=2870689&use=l&cat=p&typeid=i","cat":284608},{"id":137436,"n":"Masque Protection Couleur Elsève Color-Vive - 310ml","p":5.08,"u":"16,39 €/L","img":"https://fd13-photos.leclercdrive.fr/image.ashx?id=2865875&use=l&cat=p&typeid=i","cat":284608},{"id":137437,"n":"gateau Savane Brossard Chocolat - 310g","p":2.62,"u":"8,45 €/KG","img":"https://fd13-photos.leclercdrive.fr/image.ashx?id=2976836&use=l&cat=p&typeid=i","cat":294776},{"id":137515,"n":"Mini Roc Côte d'Or Praline - 195g","p":6.96,"u":"35,69 €/KG","img":"https://fd13-photos.leclercdrive.fr/image.ashx?id=2924791&use=l&cat=p&typeid=i","cat":327595},{"id":137525,"n":"Galak Chocolat Noël  Moulage Renne - 88g","p":3.09,"u":"35,11 €/KG","img":"https://fd13-photos.leclercdrive.fr/image.ashx?id=2570604&use=l&cat=p&typeid=i","cat":327592},{"id":137567,"n":"Père Noel Smarties Vert - 85g","p":2.89,"u":"34,00 €/KG","img":"https://fd13-photos.leclercdrive.fr/image.ashx?id=1985745&use=l&cat=p&typeid=i","cat":284958},{"id":137578,"n":"Jambon foué Paul Predault A l'os - 4 tranches - 240g","p":3.49,"u":"14,54 €/KG","img":"https://fd13-photos.leclercdrive.fr/image.ashx?id=1987839&use=l&cat=p&typeid=i","cat":316009},{"id":137648,"n":"Risotto aux fruits de mer Costa 600g","p":5.57,"u":"9,28 €/KG","img":"https://fd13-photos.leclercdrive.fr/image.ashx?id=2768249&use=l&cat=p&typeid=i","cat":284254},{"id":137669,"n":"Croquette chiens Mix  Fido Volaille/légumes - 2.5kg","p":5.88,"u":"2,35 €/KG","img":"https://fd13-photos.leclercdrive.fr/image.ashx?id=2973309&use=l&cat=p&typeid=i","cat":284672},{"id":137682,"n":"Croquette pour chiens Fido Mix Poulet Légumes - 12 kg","p":22.08,"u":"1,84 €/KG","img":"https://fd13-photos.leclercdrive.fr/image.ashx?id=2973300&use=l&cat=p&typeid=i","cat":284672},{"id":137686,"n":"Croquette pour chiens Fido Boeuf & légumes - 7kg","p":14.35,"u":"2,05 €/KG","img":"https://fd13-photos.leclercdrive.fr/image.ashx?id=2973297&use=l&cat=p&typeid=i","cat":284672},{"id":137700,"n":"Compote Douceur du Verger Coupelle fruits rouges -16x100g","p":4.21,"u":"2,63 €/KG","img":"https://fd13-photos.leclercdrive.fr/image.ashx?id=2663560&use=l&cat=p&typeid=i","cat":284508},{"id":137702,"n":"Compote Douceur du Verger Coupelle fruits jaunes -16x100g","p":3.97,"u":"2,48 €/KG","img":"https://fd13-photos.leclercdrive.fr/image.ashx?id=2834890&use=l&cat=p&typeid=i","cat":284508},{"id":137703,"n":"Compote Douceur du Verger Coupelle pomme - 16x100g","p":3.55,"u":"2,22 €/KG","img":"https://fd13-photos.leclercdrive.fr/image.ashx?id=2991452&use=l&cat=p&typeid=i","cat":284508},{"id":137713,"n":"Préparation Flan Entremets alsa Chocolat - 192g","p":1.96,"u":"8,45 €/KG","img":"https://fd13-photos.leclercdrive.fr/image.ashx?id=2842546&use=l&cat=p&typeid=i","cat":284505},{"id":137746,"n":"Gourmet Purina Poulet / Dinde - 8x85g","p":6.11,"u":"8,99 €/KG","img":"https://fd13-photos.leclercdrive.fr/image.ashx?id=2896795&use=l&cat=p&typeid=i","cat":285286},{"id":137754,"n":"Barquettes chat Gourmet  Coffret de la mer - 8x85g","p":6.02,"u":"8,85 €/KG","img":"https://fd13-photos.leclercdrive.fr/image.ashx?id=2861770&use=l&cat=p&typeid=i","cat":285286},{"id":137757,"n":"Tarte aux poireaux Marie Gratinée à l'Emmental - 400g","p":2.94,"u":"7,35 €/KG","img":"https://fd13-photos.leclercdrive.fr/image.ashx?id=2996680&use=l&cat=p&typeid=i","cat":284257},{"id":137759,"n":"Tarte au Chèvre Marie Tomates cerises - 400g","p":2.7,"u":"6,75 €/KG","img":"https://fd13-photos.leclercdrive.fr/image.ashx?id=2996677&use=l&cat=p&typeid=i","cat":284257},{"id":137769,"n":"Soupe liquide brique Liebig  Poireaux Pomme de Terre 2x30cl","p":1.97,"u":"3,28 €/L","img":"https://fd13-photos.leclercdrive.fr/image.ashx?id=2864327&use=l&cat=p&typeid=i","cat":284462},{"id":137777,"n":"Haricots verts Bonduelle Extra Fins 440g","p":1.91,"u":"4,34 €/KG","img":"https://fd13-photos.leclercdrive.fr/image.ashx?id=2943927&use=l&cat=p&typeid=i","cat":312606},{"id":137853,"n":"AOP Côtes de provence rosé Château Cavalier - 75cl","p":6.58,"u":"8,77 €/L","img":"https://fd13-photos.leclercdrive.fr/image.ashx?id=2486329&use=l&cat=p&typeid=i","cat":289558},{"id":137855,"n":"Litière chats Tous Mes Amis Agglomérante végétale - 7L","p":5.68,"u":"0,81 €/L","img":"https://fd13-photos.leclercdrive.fr/image.ashx?id=2055226&use=l&cat=p&typeid=i","cat":284683},{"id":137857,"n":"Petits Pois Bonduelle Sans Arôme Ajouté 280g","p":1.18,"u":"4,21 €/KG","img":"https://fd13-photos.leclercdrive.fr/image.ashx?id=2913157&use=l&cat=p&typeid=i","cat":312607},{"id":137860,"n":"Riz long blanchi Eco+ 1kg","p":1.22,"u":"1,22 €/KG","img":"https://fd13-photos.leclercdrive.fr/image.ashx?id=2076622&use=l&cat=p&typeid=i","cat":284428},{"id":137862,"n":"Riz long étuvé Eco+ 1kg","p":1.35,"u":"1,35 €/KG","img":"https://fd13-photos.leclercdrive.fr/image.ashx?id=2076625&use=l&cat=p&typeid=i","cat":284428},{"id":137864,"n":"Riz long étuvé Eco+ 4x125g","p":0.87,"u":"1,74 €/KG","img":"https://fd13-photos.leclercdrive.fr/image.ashx?id=1991126&use=l&cat=p&typeid=i","cat":284428},{"id":137865,"n":"Compote SSA Douceur du Verger Gourdes Pomme Poire - 4x90g","p":1.23,"u":"3,42 €/KG","img":"https://fd13-photos.leclercdrive.fr/image.ashx?id=2837069&use=l&cat=p&typeid=i","cat":284508},{"id":137866,"n":"Compotes Douceur du Verger Pomme Banane - 4x90g","p":1.39,"u":"3,86 €/KG","img":"https://fd13-photos.leclercdrive.fr/image.ashx?id=2837066&use=l&cat=p&typeid=i","cat":284508},{"id":137883,"n":"Rillettes thon Ronde des Mers 220g","p":2.64,"u":"12,00 €/KG","img":"https://fd13-photos.leclercdrive.fr/image.ashx?id=2436693&use=l&cat=p&typeid=i","cat":284451},{"id":137892,"n":"Biscottes bio Bio Village sans sel ni sucres ajoutés 100g","p":2.09,"u":"6,97 €/KG","img":"https://fd13-photos.leclercdrive.fr/image.ashx?id=1987015&use=l&cat=p&typeid=i","cat":284479},{"id":137897,"n":"Bretzels bio Bio Village 150g","p":1.99,"u":"13,27 €/KG","img":"https://fd13-photos.leclercdrive.fr/image.ashx?id=2390663&use=l&cat=p&typeid=i","cat":297000},{"id":137900,"n":"Barres de céréales Grainéa Chocolat noir x6 - 126g","p":1.39,"u":"11,03 €/KG","img":"https://fd13-photos.leclercdrive.fr/image.ashx?id=2721370&use=l&cat=p&typeid=i","cat":285869},{"id":137904,"n":"Barre de céréales Grainea 126g","p":1.39,"u":"11,03 €/KG","img":"https://fd13-photos.leclercdrive.fr/image.ashx?id=2912863&use=l&cat=p&typeid=i","cat":285869},{"id":137907,"n":"Compote Douceur du Verger Coupelle pomme mangue - 4x100g","p":1.45,"u":"3,63 €/KG","img":"https://fd13-photos.leclercdrive.fr/image.ashx?id=2663548&use=l&cat=p&typeid=i","cat":284508},{"id":137910,"n":"Compote Douceur du Verger Gourdes multivariétés - 20x90g","p":6.09,"u":"3,38 €/KG","img":"https://fd13-photos.leclercdrive.fr/image.ashx?id=2805045&use=l&cat=p&typeid=i","cat":284508},{"id":137957,"n":"Maïs ultra croquant D'Aucy 285g","p":1.06,"u":"3,72 €/KG","img":"https://fd13-photos.leclercdrive.fr/image.ashx?id=2380454&use=l&cat=p&typeid=i","cat":312611},{"id":137958,"n":"Cocktail Venezzio Spritz Orange Sans alcool - 4x20cl","p":3.71,"u":"4,64 €/L","img":"https://fd13-photos.leclercdrive.fr/image.ashx?id=2896528&use=l&cat=p&typeid=i","cat":284913},{"id":137971,"n":"Carottes rapées à la Ciboulette Pierre Martinet - 510g","p":2.0,"u":"3,92 €/KG","img":"https://fd13-photos.leclercdrive.fr/image.ashx?id=2990532&use=l&cat=p&typeid=i","cat":333657},{"id":137988,"n":"Préparation Tablier Blanc Frangipane - 200g","p":2.67,"u":"13,35 €/KG","img":"https://fd13-photos.leclercdrive.fr/image.ashx?id=2460628&use=l&cat=p&typeid=i","cat":284504},{"id":138051,"n":"Lasagnes Lustucru Aux œufs - 250g","p":1.39,"u":"5,56 €/KG","img":"https://fd13-photos.leclercdrive.fr/image.ashx?id=2023182&use=l&cat=p&typeid=i","cat":284427},{"id":138057,"n":"Collerettes Lustucru Aux œufs - 500g","p":1.77,"u":"3,54 €/KG","img":"https://fd13-photos.leclercdrive.fr/image.ashx?id=2505756&use=l&cat=p&typeid=i","cat":284427},{"id":138193,"n":"Fromage blanc bébé Blédina 6m Vanille - 4x100g","p":3.34,"u":"8,35 €/KG","img":"https://fd13-photos.leclercdrive.fr/image.ashx?id=2636817&use=l&cat=p&typeid=i","cat":312392},{"id":138199,"n":"Repas bébé Blédichef 15 mois  Colombo de riz poisson - 250g","p":1.79,"u":"7,16 €/KG","img":"https://fd13-photos.leclercdrive.fr/image.ashx?id=2951599&use=l&cat=p&typeid=i","cat":312238},{"id":138537,"n":"Coloration Casting Crème Gloss  400 Châtain Craquant","p":8.61,"img":"https://fd13-photos.leclercdrive.fr/image.ashx?id=2869080&use=l&cat=p&typeid=i","cat":288899},{"id":138668,"n":"Masque Cheveux Nutrition Elsève Huile Extraordinaire - 310ml","p":5.29,"u":"17,06 €/L","img":"https://fd13-photos.leclercdrive.fr/image.ashx?id=2511859&use=l&cat=p&typeid=i","cat":284608},{"id":138669,"n":"Masque reconstructeur Elsève Dream Long Cheveu Abîmé - 310ml","p":5.29,"u":"17,06 €/L","img":"https://fd13-photos.leclercdrive.fr/image.ashx?id=2278139&use=l&cat=p&typeid=i","cat":284608},{"id":139401,"n":"Sachet marrons glacés Motta x9 - 117g","p":5.84,"u":"49,91 €/KG","img":"https://fd13-photos.leclercdrive.fr/image.ashx?id=2854768&use=l&cat=p&typeid=i","cat":327603},{"id":139407,"n":"Coffrets Carrés de fruits Motta x25 - 390g","p":9.51,"u":"24,38 €/KG","img":"https://fd13-photos.leclercdrive.fr/image.ashx?id=2298730&use=l&cat=p&typeid=i","cat":327606},{"id":139453,"n":"KitKat Chocolat Noël Moulage Père Noël - 85g","p":2.89,"u":"34,00 €/KG","img":"https://fd13-photos.leclercdrive.fr/image.ashx?id=2901575&use=l&cat=p&typeid=i","cat":327592},{"id":139905,"n":"Oeufs au sol Eco+ x10","p":1.78,"u":"0,18 €/P","img":"https://fd13-photos.leclercdrive.fr/image.ashx?id=2708856&use=l&cat=p&typeid=i","cat":284378},{"id":141162,"n":"Fond de veau Maggi 110g","p":2.53,"u":"23,00 €/KG","img":"https://fd13-photos.leclercdrive.fr/image.ashx?id=2917546&use=l&cat=p&typeid=i","cat":288379},{"id":142194,"n":"Couteau à crêpes Homeside 1 pièce","p":1.15,"img":"https://fd13-photos.leclercdrive.fr/image.ashx?id=2017596&use=l&cat=p&typeid=i","cat":334135},{"id":142196,"n":"Fouet Homeside 1 pièce","p":3.69,"img":"https://fd13-photos.leclercdrive.fr/image.ashx?id=2017533&use=l&cat=p&typeid=i","cat":334135},{"id":142199,"n":"Spatule pâtisserie Homeside 1 pièce","p":1.9,"img":"https://fd13-photos.leclercdrive.fr/image.ashx?id=2017542&use=l&cat=p&typeid=i","cat":334135},{"id":142200,"n":"Planche à découper Homeside 1 pièce","p":4.0,"img":"https://fd13-photos.leclercdrive.fr/image.ashx?id=2017593&use=l&cat=p&typeid=i","cat":334135},{"id":142202,"n":"Tire Bouchon Homeside Limonadier - 1 pièce","p":1.69,"img":"https://fd13-photos.leclercdrive.fr/image.ashx?id=2017518&use=l&cat=p&typeid=i","cat":334135},{"id":142204,"n":"Allume gaz Homeside 1 pièce","p":3.99,"img":"https://fd13-photos.leclercdrive.fr/image.ashx?id=2017554&use=l&cat=p&typeid=i","cat":334135},{"id":142205,"n":"Mini piques brochettes Homeside 1 pièce","p":0.64,"img":"https://fd13-photos.leclercdrive.fr/image.ashx?id=2017503&use=l&cat=p&typeid=i","cat":334135},{"id":142206,"n":"Piques brochettes Homeside 25cm - 1 pièce","p":0.62,"img":"https://fd13-photos.leclercdrive.fr/image.ashx?id=2017500&use=l&cat=p&typeid=i","cat":334135},{"id":142219,"n":"Cure-dents Homeside x2 boîtes","p":1.0,"u":"0,50 €/P","img":"https://fd13-photos.leclercdrive.fr/image.ashx?id=2026331&use=l&cat=p&typeid=i","cat":334135},{"id":142220,"n":"Cuillère à glace Homeside 1 pièce","p":3.99,"img":"https://fd13-photos.leclercdrive.fr/image.ashx?id=2017530&use=l&cat=p&typeid=i","cat":334135},{"id":142222,"n":"Râpe  Homeside 1 pièce","p":2.59,"img":"https://fd13-photos.leclercdrive.fr/image.ashx?id=2017614&use=l&cat=p&typeid=i","cat":334135},{"id":142228,"n":"Pailles en papier Homeside x24","p":1.05,"u":"0,04 €/P","img":"https://fd13-photos.leclercdrive.fr/image.ashx?id=2017620&use=l&cat=p&typeid=i","cat":334135},{"id":142229,"n":"Cuillère à infusion Homeside 1 pièce","p":1.49,"img":"https://fd13-photos.leclercdrive.fr/image.ashx?id=2017515&use=l&cat=p&typeid=i","cat":334135},{"id":142230,"n":"Filtre à café Homeside 1 pièce","p":2.5,"img":"https://fd13-photos.leclercdrive.fr/image.ashx?id=2017512&use=l&cat=p&typeid=i","cat":334135},{"id":142232,"n":"Caissettes à gâteaux Homeside 1 pièce","p":2.9,"img":"https://fd13-photos.leclercdrive.fr/image.ashx?id=2017524&use=l&cat=p&typeid=i","cat":334135},{"id":142978,"n":"Compotes Douceur du Verger Panachées - 16x100g","p":3.85,"u":"2,41 €/KG","img":"https://fd13-photos.leclercdrive.fr/image.ashx?id=2026857&use=l&cat=p&typeid=i","cat":284416},{"id":142993,"n":"Bloc de foie gras de canard  Maison Montfort - 260g","p":11.69,"u":"44,96 €/KG","img":"https://fd13-photos.leclercdrive.fr/image.ashx?id=2731024&use=l&cat=p&typeid=i","cat":316008},{"id":142999,"n":"Cassolette saint jacques Tipiak Royale - 2x110g","p":5.89,"u":"26,77 €/KG","img":"https://fd13-photos.leclercdrive.fr/image.ashx?id=2798096&use=l&cat=p&typeid=i","cat":319775},{"id":143001,"n":"Dosettes café Plantation CLassique - x60 - 416g","p":6.09,"u":"14,64 €/KG","img":"https://fd13-photos.leclercdrive.fr/image.ashx?id=2824289&use=l&cat=p&typeid=i","cat":293238},{"id":143023,"n":"Beef-Stick Vitakraft x4 - 48g","p":2.4,"u":"50,00 €/KG","img":"https://fd13-photos.leclercdrive.fr/image.ashx?id=2857686&use=l&cat=p&typeid=i","cat":294527},{"id":143037,"n":"Toast apéro Pasquier Campagne - 100g","p":1.69,"u":"16,90 €/KG","img":"https://fd13-photos.leclercdrive.fr/image.ashx?id=2600674&use=l&cat=p&typeid=i","cat":285454},{"id":143237,"n":"Piles Eco+ AAA/LR3 - x8","p":1.27,"img":"https://fd13-photos.leclercdrive.fr/image.ashx?id=2036221&use=l&cat=p&typeid=i","cat":300572},{"id":143238,"n":"Piles Eco+ AA/LR06 - x8","p":1.27,"img":"https://fd13-photos.leclercdrive.fr/image.ashx?id=2036224&use=l&cat=p&typeid=i","cat":300572},{"id":143344,"n":"Biscottes Eco+ 90 tranches - 750g","p":2.08,"u":"2,77 €/KG","img":"https://fd13-photos.leclercdrive.fr/image.ashx?id=2662580&use=l&cat=p&typeid=i","cat":284479},{"id":143345,"n":"Biscottes Epi d'Or x108 - 900g","p":2.52,"u":"2,80 €/KG","img":"https://fd13-photos.leclercdrive.fr/image.ashx?id=2532847&use=l&cat=p&typeid=i","cat":284479},{"id":143460,"n":"Cassolettes St Jacques Tipiak Crème Sauternes - x2 - 220g","p":5.89,"u":"26,77 €/KG","img":"https://fd13-photos.leclercdrive.fr/image.ashx?id=2030018&use=l&cat=p&typeid=i","cat":319775},{"id":143477,"n":"Dessert liégeois Viennois  Café - 4x100g","p":1.58,"u":"3,95 €/KG","img":"https://fd13-photos.leclercdrive.fr/image.ashx?id=2692110&use=l&cat=p&typeid=i","cat":285042},{"id":143478,"n":"Dessert liégeois Viennois  Chocolat - 4x100g","p":1.58,"u":"3,95 €/KG","img":"https://fd13-photos.leclercdrive.fr/image.ashx?id=2849689&use=l&cat=p&typeid=i","cat":285042},{"id":143506,"n":"IGP Ail rose de Lautrec  Nos Régions ont du Talent x3","p":4.59,"u":"1,53 €/P","img":"https://fd13-photos.leclercdrive.fr/image.ashx?id=2039599&use=l&cat=p&typeid=i","cat":284352},{"id":143528,"n":"Dessert liégeois Viennois  Panaché Chocolat Café - 8x100g","p":2.87,"u":"3,59 €/KG","img":"https://fd13-photos.leclercdrive.fr/image.ashx?id=2675298&use=l&cat=p&typeid=i","cat":285042},{"id":143602,"n":"Barres de céréales Grainéa Chocolat lait, noisette x6-126g","p":1.63,"u":"12,94 €/KG","img":"https://fd13-photos.leclercdrive.fr/image.ashx?id=2912875&use=l&cat=p&typeid=i","cat":285869},{"id":143603,"n":"Barre de céréales Grainéa Fruits rouges x6 - 126g","p":1.4,"u":"11,11 €/KG","img":"https://fd13-photos.leclercdrive.fr/image.ashx?id=2912869&use=l&cat=p&typeid=i","cat":285869},{"id":143605,"n":"Barre de céréales Chocolat au lait & coco - 126g","p":1.7,"u":"13,49 €/KG","img":"https://fd13-photos.leclercdrive.fr/image.ashx?id=2912872&use=l&cat=p&typeid=i","cat":285869},{"id":143741,"n":"Bloc foie gras canard Larnaudie 50% morceaux - 450g","p":40.9,"pp":26.99,"u":"59,98 €/KG","img":"https://fd13-photos.leclercdrive.fr/image.ashx?id=2915772&use=l&cat=p&typeid=i","cat":316008},{"id":143807,"n":"Foie gras canard Larnaudie Origine france entier - 220g","p":29.97,"u":"136,23 €/KG","img":"https://fd13-photos.leclercdrive.fr/image.ashx?id=2916779&use=l&cat=p&typeid=i","cat":316008},{"id":143812,"n":"Tomates farcies Marie Riz à la tomate - 360g","p":3.78,"u":"10,50 €/KG","img":"https://fd13-photos.leclercdrive.fr/image.ashx?id=2317483&use=l&cat=p&typeid=i","cat":333665},{"id":143834,"n":"Escargots Maitre Coquille Label rouge x12 - 96g","p":5.49,"u":"57,19 €/KG","img":"https://fd13-photos.leclercdrive.fr/image.ashx?id=2031628&use=l&cat=p&typeid=i","cat":319775},{"id":144188,"n":"Bloc foie gras Delpeyrat Sud-ouest 30% morceaux 300g","p":23.5,"pp":15.51,"u":"51,70 €/KG","img":"https://fd13-photos.leclercdrive.fr/image.ashx?id=2905288&use=l&cat=p&typeid=i","cat":316008},{"id":144422,"n":"Lot toast ronds Jacquet Nature - 2x250g","p":3.86,"u":"7,72 €/KG","img":"https://fd13-photos.leclercdrive.fr/image.ashx?id=2741343&use=l&cat=p&typeid=i","cat":285454},{"id":144636,"n":"Boisson énergisante Monster Energy Pacific Punch - 50CL","p":1.69,"u":"3,38 €/L","img":"https://fd13-photos.leclercdrive.fr/image.ashx?id=2148407&use=l&cat=p&typeid=i","cat":284533},{"id":144773,"n":"Yaourt ferments lactiques Alsa 4 sachets - 8g","p":2.75,"u":"343,75 €/KG","img":"https://fd13-photos.leclercdrive.fr/image.ashx?id=2813875&use=l&cat=p&typeid=i","cat":284505},{"id":144781,"n":"Pizza XXL Turini Boeuf Cheddar - 530g","p":4.19,"u":"7,91 €/KG","img":"https://fd13-photos.leclercdrive.fr/image.ashx?id=2905934&use=l&cat=p&typeid=i","cat":333679},{"id":144784,"n":"Pizza XXL Turini Jambon Fromage - 550g","p":3.79,"u":"6,89 €/KG","img":"https://fd13-photos.leclercdrive.fr/image.ashx?id=2905937&use=l&cat=p&typeid=i","cat":333679},{"id":144834,"n":"Dosettes café Plantation  Corsé - x60 - 417g","p":5.79,"u":"13,88 €/KG","img":"https://fd13-photos.leclercdrive.fr/image.ashx?id=2824292&use=l&cat=p&typeid=i","cat":293238},{"id":144846,"n":"Dessert gourmand Mamie Nova Tiramisu cappuccino - 2x85g","p":2.24,"u":"13,18 €/KG","img":"https://fd13-photos.leclercdrive.fr/image.ashx?id=2921316&use=l&cat=p&typeid=i","cat":284419},{"id":144889,"n":"Whisky Aberlour White Oak 40% - 70cl","p":28.89,"u":"41,27 €/L","img":"https://fd13-photos.leclercdrive.fr/image.ashx?id=2998997&use=l&cat=p&typeid=i","cat":284547},{"id":144890,"n":"Whisky Aberlour 14 ans Single Malt Scotch 40% vol 70cl","p":43.34,"u":"61,91 €/L","img":"https://fd13-photos.leclercdrive.fr/image.ashx?id=2878297&use=l&cat=p&typeid=i","cat":284547},{"id":144908,"n":"Croquettes chiens Fido Croq Mix volaille/légumes 7kg","p":17.67,"u":"2,52 €/KG","img":"https://fd13-photos.leclercdrive.fr/image.ashx?id=2973303&use=l&cat=p&typeid=i","cat":284672},{"id":144929,"n":"Yaourt brassé Perle de Lait Citron - 8x125g","p":3.66,"u":"3,66 €/KG","img":"https://fd13-photos.leclercdrive.fr/image.ashx?id=2990550&use=l&cat=p&typeid=i","cat":286006},{"id":145041,"n":"Dattes Couleurs Vives Moelleuses - 250g","p":1.99,"u":"7,96 €/KG","img":"https://fd13-photos.leclercdrive.fr/image.ashx?id=2543938&use=l&cat=p&typeid=i","cat":284357},{"id":145065,"n":"Dés fromage Origan Basilic Les Croisés - 300g","p":2.83,"u":"9,43 €/KG","img":"https://fd13-photos.leclercdrive.fr/image.ashx?id=2744243&use=l&cat=p&typeid=i","cat":314027},{"id":145115,"n":"Anti-moustiques Labo Marie Rose Répulsif & apaisant 6h - 100ml","p":5.09,"u":"50,90 €/L","img":"https://fd13-photos.leclercdrive.fr/image.ashx?id=2666743&use=l&cat=p&typeid=i","cat":299654},{"id":145117,"n":"Coupe-ongles Mercurochrome 1 pièce","p":3.7,"img":"https://fd13-photos.leclercdrive.fr/image.ashx?id=2665616&use=l&cat=p&typeid=i","cat":325354},{"id":145120,"n":"Préservatifs Classic Lubrifiés - x14","p":4.64,"img":"https://fd13-photos.leclercdrive.fr/image.ashx?id=2848704&use=l&cat=p&typeid=i","cat":284631},{"id":145121,"n":"Préservatifs Classic Intimy Lubrifiés - x28","p":8.71,"u":"0,31 €/P","img":"https://fd13-photos.leclercdrive.fr/image.ashx?id=2927324&use=l&cat=p&typeid=i","cat":284631},{"id":145209,"n":"Pomme de terre grenailles bio Bio Village - 750g","p":1.99,"u":"2,65 €/KG","img":"https://fd13-photos.leclercdrive.fr/image.ashx?id=2960574&use=l&cat=p&typeid=i","cat":284352},{"id":145227,"n":"Shampooing Marie Rose Anti-poux & Lentes  - 125ml","p":4.71,"u":"37,68 €/L","img":"https://fd13-photos.leclercdrive.fr/image.ashx?id=2689523&use=l&cat=p&typeid=i","cat":299654},{"id":145232,"n":"Anti-moustiques 7h Marie-Rose aux huiles essentielles - 100ml","p":8.59,"u":"85,90 €/L","img":"https://fd13-photos.leclercdrive.fr/image.ashx?id=2921534&use=l&cat=p&typeid=i","cat":299654},{"id":145245,"n":"Pansements Mercurochrome Cors-portection - x12","p":3.92,"u":"0,33 €/P","img":"https://fd13-photos.leclercdrive.fr/image.ashx?id=2785829&use=l&cat=p&typeid=i","cat":284630},{"id":145246,"n":"Pansement liquide Mercurochrome Petites coupures - 1 pièce","p":6.69,"img":"https://fd13-photos.leclercdrive.fr/image.ashx?id=2663971&use=l&cat=p&typeid=i","cat":284630},{"id":145252,"n":"Tests grossesse Mercurochrome x3","p":9.53,"u":"3,18 €/P","img":"https://fd13-photos.leclercdrive.fr/image.ashx?id=2036533&use=l&cat=p&typeid=i","cat":324482},{"id":145255,"n":"Ciseaux à ongles Mercurochrome 1 pièce","p":3.8,"img":"https://fd13-photos.leclercdrive.fr/image.ashx?id=2788493&use=l&cat=p&typeid=i","cat":325354},{"id":145349,"n":"Purée Douceur du Verger Pomme banane - x4 - 400g","p":1.41,"u":"3,53 €/KG","img":"https://fd13-photos.leclercdrive.fr/image.ashx?id=2036728&use=l&cat=p&typeid=i","cat":284416},{"id":145355,"n":"Purée Douceur du Verger Pomme fraise - x4 - 400g","p":1.3,"u":"3,25 €/KG","img":"https://fd13-photos.leclercdrive.fr/image.ashx?id=2662631&use=l&cat=p&typeid=i","cat":284416},{"id":145359,"n":"Grana Padano Bio Village Rapé Bio - 40g","p":1.27,"u":"31,75 €/KG","img":"https://fd13-photos.leclercdrive.fr/image.ashx?id=2313660&use=l&cat=p&typeid=i","cat":314035},{"id":145410,"n":"Amandes grillées Couleurs Vives Décortiquées - non salé - 250g","p":3.46,"u":"13,84 €/KG","img":"https://fd13-photos.leclercdrive.fr/image.ashx?id=2542929&use=l&cat=p&typeid=i","cat":284357},{"id":145411,"n":"Filet de cabillaud Pêche Océan MSC - x4 - 400g","p":7.89,"u":"19,73 €/KG","img":"https://fd13-photos.leclercdrive.fr/image.ashx?id=2930129&use=l&cat=p&typeid=i","cat":319786},{"id":145491,"n":"Peau chamoisée multiusage Tech9 Taille S - 30x45cm - 1 pièce","p":5.45,"img":"https://fd13-photos.leclercdrive.fr/image.ashx?id=2068417&use=l&cat=p&typeid=i","cat":298252},{"id":145500,"n":"Chips extra croquante Vico 150g","p":1.1,"u":"7,33 €/KG","img":"https://fd13-photos.leclercdrive.fr/image.ashx?id=2917822&use=l&cat=p&typeid=i","cat":284447},{"id":145513,"n":"Fond de veau Kubor Maggi Dégraissé - 100g","p":2.64,"u":"26,40 €/KG","img":"https://fd13-photos.leclercdrive.fr/image.ashx?id=2917540&use=l&cat=p&typeid=i","cat":288379},{"id":145516,"n":"Gourde bébé bio Bio Village Pomme poire vanille - 4x90g","p":2.79,"u":"7,75 €/KG","img":"https://fd13-photos.leclercdrive.fr/image.ashx?id=2704867&use=l&cat=p&typeid=i","cat":312393},{"id":145556,"n":"Crêpes Whaou Chocolat cracky - x15 - 480g","p":3.95,"u":"8,23 €/KG","img":"https://fd13-photos.leclercdrive.fr/image.ashx?id=2971032&use=l&cat=p&typeid=i","cat":284494},{"id":145559,"n":"Fond de volaille Maggi 110g","p":2.78,"u":"25,27 €/KG","img":"https://fd13-photos.leclercdrive.fr/image.ashx?id=2917549&use=l&cat=p&typeid=i","cat":288379},{"id":145560,"n":"Frites rustique Pom'lisse 600g","p":1.99,"u":"3,32 €/KG","img":"https://fd13-photos.leclercdrive.fr/image.ashx?id=2770690&use=l&cat=p&typeid=i","cat":319791},{"id":145563,"n":"Sirop d'érable bio Bio Village 250g","p":4.15,"u":"16,60 €/KG","img":"https://fd13-photos.leclercdrive.fr/image.ashx?id=2037860&use=l&cat=p&typeid=i","cat":287643},{"id":145583,"n":"Eau nettoyante Mots d'Enfants bébé bio - 750ml","p":3.99,"u":"5,32 €/L","img":"https://fd13-photos.leclercdrive.fr/image.ashx?id=3014251&use=l&cat=p&typeid=i","cat":284741},{"id":145598,"n":"Gourde bébé bio Bio Village Pomme Banane Myrtille - 4x90g","p":2.79,"u":"7,75 €/KG","img":"https://fd13-photos.leclercdrive.fr/image.ashx?id=2878759&use=l&cat=p&typeid=i","cat":312393},{"id":145700,"n":"Tartiflette Côté Table 900g","p":4.55,"u":"5,06 €/KG","img":"https://fd13-photos.leclercdrive.fr/image.ashx?id=2991142&use=l&cat=p&typeid=i","cat":284254},{"id":145755,"n":"Sauce champignons crème Knorr 30cl","p":1.98,"u":"6,60 €/L","img":"https://fd13-photos.leclercdrive.fr/image.ashx?id=2420030&use=l&cat=p&typeid=i","cat":288381},{"id":145810,"n":"Chocolat Peluche mix Kinder Renne -  133g","p":13.92,"u":"104,66 €/KG","img":"https://fd13-photos.leclercdrive.fr/image.ashx?id=2039380&use=l&cat=p&typeid=i","cat":327789},{"id":145901,"n":"Film fraîcheur Albal Découpe Facile - 20m","p":1.98,"img":"https://fd13-photos.leclercdrive.fr/image.ashx?id=2551456&use=l&cat=p&typeid=i","cat":334134},{"id":145948,"n":"Yaourt brassés Délisse Fruits saison - 8x125g","p":2.75,"u":"2,75 €/KG","img":"https://fd13-photos.leclercdrive.fr/image.ashx?id=2794841&use=l&cat=p&typeid=i","cat":284410},{"id":146080,"n":"Pate a tartiner Banania 750g","p":4.91,"u":"6,55 €/KG","img":"https://fd13-photos.leclercdrive.fr/image.ashx?id=2735668&use=l&cat=p&typeid=i","cat":284481},{"id":146130,"n":"AOP Muscadet Sèvre et Maine Sur Lie blanc Plessis Duval - 75 cl","p":5.29,"u":"7,05 €/L","img":"https://fd13-photos.leclercdrive.fr/image.ashx?id=2941044&use=l&cat=p&typeid=i","cat":289557},{"id":146366,"n":"Quiche Lorraine Marie Pur beurre - 400g","p":2.83,"u":"7,08 €/KG","img":"https://fd13-photos.leclercdrive.fr/image.ashx?id=2996674&use=l&cat=p&typeid=i","cat":284257},{"id":146412,"n":"Infusion bio Jardin Bio Digestion légère x20 - 30g","p":2.15,"u":"71,67 €/KG","img":"https://fd13-photos.leclercdrive.fr/image.ashx?id=2792603&use=l&cat=p&typeid=i","cat":293234},{"id":146413,"n":"Infusion bio Jardin Bio Détente sommeil x20 - 30g","p":2.39,"u":"79,67 €/KG","img":"https://fd13-photos.leclercdrive.fr/image.ashx?id=3011449&use=l&cat=p&typeid=i","cat":293234},{"id":146414,"n":"Infusion bio Jardin Bio Nuits paisibles x20 - 30g","p":2.39,"u":"79,67 €/KG","img":"https://fd13-photos.leclercdrive.fr/image.ashx?id=2792612&use=l&cat=p&typeid=i","cat":293234},{"id":146415,"n":"Infusion Jardin Bio Bio digestion - x20 - 30g","p":2.15,"u":"71,67 €/KG","img":"https://fd13-photos.leclercdrive.fr/image.ashx?id=2792615&use=l&cat=p&typeid=i","cat":293234},{"id":146417,"n":"Infusion Jardin Bio Bio Thym citron - 30g - x20","p":2.39,"u":"79,67 €/KG","img":"https://fd13-photos.leclercdrive.fr/image.ashx?id=2792621&use=l&cat=p&typeid=i","cat":293234},{"id":146418,"n":"Infusion Jardin Bio Bio ventre plat - x20 - 30g","p":2.15,"u":"71,67 €/KG","img":"https://fd13-photos.leclercdrive.fr/image.ashx?id=2986564&use=l&cat=p&typeid=i","cat":293234},{"id":146419,"n":"Infusion Jardin Bio Bio bruleur de graisse x20 -30g","p":2.42,"u":"80,67 €/KG","img":"https://fd13-photos.leclercdrive.fr/image.ashx?id=2968322&use=l&cat=p&typeid=i","cat":293234},{"id":146421,"n":"Infusion Jardin Bio Bio detox - x20 - 30g","p":2.15,"u":"71,67 €/KG","img":"https://fd13-photos.leclercdrive.fr/image.ashx?id=2792630&use=l&cat=p&typeid=i","cat":293234},{"id":146422,"n":"Thé vert Jardin Bio Bio minceur - x20 - 30g","p":1.95,"u":"65,00 €/KG","img":"https://fd13-photos.leclercdrive.fr/image.ashx?id=2948066&use=l&cat=p&typeid=i","cat":293233},{"id":146425,"n":"Thé Jardin Bio Bio détox - x20 - 30g","p":1.95,"u":"65,00 €/KG","img":"https://fd13-photos.leclercdrive.fr/image.ashx?id=2578205&use=l&cat=p&typeid=i","cat":293233},{"id":146426,"n":"Thé vert bio Jardin Bio Gingembre citron vert x20 - 30g","p":1.95,"u":"65,00 €/KG","img":"https://fd13-photos.leclercdrive.fr/image.ashx?id=3011452&use=l&cat=p&typeid=i","cat":293233},{"id":146444,"n":"Recharges lavande 4x1kg","p":11.89,"u":"2,97 €/KG","img":"https://fd13-photos.leclercdrive.fr/image.ashx?id=2042694&use=l&cat=p&typeid=i","cat":300576},{"id":146738,"n":"Café Soluble Nescafé Cappuccino Noisette - 270g","p":4.83,"u":"17,89 €/KG","img":"https://fd13-photos.leclercdrive.fr/image.ashx?id=2867791&use=l&cat=p&typeid=i","cat":284843},{"id":146739,"n":"Maïs Bonduelle Sans Résidu Pesticides - 3x140g","p":2.2,"u":"5,24 €/KG","img":"https://fd13-photos.leclercdrive.fr/image.ashx?id=2913133&use=l&cat=p&typeid=i","cat":312611},{"id":146916,"n":"Préparation alsa Crème Pâtissière - 390g","p":2.64,"u":"6,77 €/KG","img":"https://fd13-photos.leclercdrive.fr/image.ashx?id=3007990&use=l&cat=p&typeid=i","cat":284505},{"id":146917,"n":"Préparation Gateau Semoule alsa Nappage Caramel 414g","p":2.34,"u":"5,65 €/KG","img":"https://fd13-photos.leclercdrive.fr/image.ashx?id=2805111&use=l&cat=p&typeid=i","cat":284505},{"id":146929,"n":"Piles rechargeables Duracell 750mAH AAA/LR03 - x4","p":13.98,"u":"3,50 €/P","img":"https://fd13-photos.leclercdrive.fr/image.ashx?id=2429488&use=l&cat=p&typeid=i","cat":300572},{"id":146930,"n":"Piles rechargeabls Duracell 130mAH AA/LR06 - x4","p":13.98,"u":"3,50 €/P","img":"https://fd13-photos.leclercdrive.fr/image.ashx?id=2862830&use=l&cat=p&typeid=i","cat":300572},{"id":146954,"n":"Pizza la moelleuse Burger - 625g","p":3.94,"u":"6,30 €/KG","img":"https://fd13-photos.leclercdrive.fr/image.ashx?id=2816594&use=l&cat=p&typeid=i","cat":284256},{"id":146988,"n":"Barres chocolatées Kit Kat 10x41,5g","p":4.78,"u":"11,52 €/KG","img":"https://fd13-photos.leclercdrive.fr/image.ashx?id=2959494&use=l&cat=p&typeid=i","cat":284498},{"id":147002,"n":"Feuilleté de Mousse La Laitière Chocolat - 4x57g","p":1.7,"u":"7,46 €/KG","img":"https://fd13-photos.leclercdrive.fr/image.ashx?id=2858594&use=l&cat=p&typeid=i","cat":284417},{"id":147003,"n":"Feuilleté de Mousse La Laitière Vanille - 4x57g","p":1.72,"u":"7,54 €/KG","img":"https://fd13-photos.leclercdrive.fr/image.ashx?id=2764511&use=l&cat=p&typeid=i","cat":284417},{"id":147076,"n":"Bouillon Cube Maggi Volaille - 80g","p":0.88,"u":"11,00 €/KG","img":"https://fd13-photos.leclercdrive.fr/image.ashx?id=2737036&use=l&cat=p&typeid=i","cat":288379},{"id":147119,"n":"Lave glace Tech 9 -20°C - 5L","p":5.99,"u":"1,20 €/L","img":"https://fd13-photos.leclercdrive.fr/image.ashx?id=2054896&use=l&cat=p&typeid=i","cat":298252},{"id":147121,"n":"Grande galette La Mère Poulard x3 - 405g","p":2.99,"u":"7,38 €/KG","img":"https://fd13-photos.leclercdrive.fr/image.ashx?id=2552176&use=l&cat=p&typeid=i","cat":284487},{"id":147127,"n":"Spray dégraissant Clair Savon noir - 750ml","p":2.05,"u":"2,73 €/L","img":"https://fd13-photos.leclercdrive.fr/image.ashx?id=2840389&use=l&cat=p&typeid=i","cat":325357},{"id":147128,"n":"Coton carré Bio Bionaïa x80","p":2.99,"u":"0,04 €/P","img":"https://fd13-photos.leclercdrive.fr/image.ashx?id=2558832&use=l&cat=p&typeid=i","cat":285593},{"id":147189,"n":"Filet de poulet Maitre Coq Jaune - Nourri au maïs - 720g","p":9.9,"u":"13,75 €/KG","img":"https://fd13-photos.leclercdrive.fr/image.ashx?id=2855142&use=l&cat=p&typeid=i","cat":284336},{"id":147193,"n":"Filet de poulet Maitre Coq Blanc - Nourri au blé - 480g","p":6.3,"u":"13,13 €/KG","img":"https://fd13-photos.leclercdrive.fr/image.ashx?id=2855145&use=l&cat=p&typeid=i","cat":284336},{"id":147194,"n":"Haut de cuisse Maitre Coq Poulet blanc nourri au blé 750g","p":4.8,"u":"6,40 €/KG","img":"https://fd13-photos.leclercdrive.fr/image.ashx?id=2855882&use=l&cat=p&typeid=i","cat":284336},{"id":147196,"n":"Pilon de poulet Maitre Coq Blanc - Nourri au blé - 750g","p":4.69,"u":"6,25 €/KG","img":"https://fd13-photos.leclercdrive.fr/image.ashx?id=2855522&use=l&cat=p&typeid=i","cat":284336},{"id":147203,"n":"Pilon de poulet Maitre Coq Jaune - nourri au maïs - 750g","p":4.55,"u":"6,07 €/KG","img":"https://fd13-photos.leclercdrive.fr/image.ashx?id=2855525&use=l&cat=p&typeid=i","cat":284336},{"id":147224,"n":"Capsules Nescafé Dolce Gusto  Espresso - x30","p":7.7,"u":"46,67 €/KG","img":"https://fd13-photos.leclercdrive.fr/image.ashx?id=2737105&use=l&cat=p&typeid=i","cat":293239},{"id":147237,"n":"Compote Douceur du Verger    Bocal pomme morceaux - 730g","p":1.74,"u":"2,38 €/KG","img":"https://fd13-photos.leclercdrive.fr/image.ashx?id=2663563&use=l&cat=p&typeid=i","cat":284508},{"id":147241,"n":"Dessert pommes citrons NRT 570g","p":3.55,"u":"6,23 €/KG","img":"https://fd13-photos.leclercdrive.fr/image.ashx?id=2840007&use=l&cat=p&typeid=i","cat":284508},{"id":147244,"n":"Dessert kiwi et pommes NRT 570g","p":3.55,"u":"6,23 €/KG","img":"https://fd13-photos.leclercdrive.fr/image.ashx?id=2840013&use=l&cat=p&typeid=i","cat":284508},{"id":147245,"n":"Dessert abricots et pommes NRT 570g","p":3.55,"u":"6,23 €/KG","img":"https://fd13-photos.leclercdrive.fr/image.ashx?id=2840016&use=l&cat=p&typeid=i","cat":284508},{"id":147248,"n":"Muesli  Grainea chocolat Noisette 350g","p":2.84,"u":"8,11 €/KG","img":"https://fd13-photos.leclercdrive.fr/image.ashx?id=2077358&use=l&cat=p&typeid=i","cat":309512},{"id":147250,"n":"Préparation Flan Entremets alsa Vanille - 192g","p":1.49,"u":"7,76 €/KG","img":"https://fd13-photos.leclercdrive.fr/image.ashx?id=2805117&use=l&cat=p&typeid=i","cat":284504},{"id":147251,"n":"Préparation Crème Anglaise alsa Vanille des Isles - 300g","p":2.39,"u":"7,97 €/KG","img":"https://fd13-photos.leclercdrive.fr/image.ashx?id=2999826&use=l&cat=p&typeid=i","cat":284504},{"id":147254,"n":"Confiture Eco+ Fraise - 450g","p":1.14,"u":"2,53 €/KG","img":"https://fd13-photos.leclercdrive.fr/image.ashx?id=2953200&use=l&cat=p&typeid=i","cat":284480},{"id":147255,"n":"Confiture Eco+ Abricot - 450g","p":1.23,"u":"2,73 €/KG","img":"https://fd13-photos.leclercdrive.fr/image.ashx?id=2953203&use=l&cat=p&typeid=i","cat":284480},{"id":147262,"n":"Edulcorant Purevia Spécial Pâtisserie - 380g","p":4.48,"u":"11,79 €/KG","img":"https://fd13-photos.leclercdrive.fr/image.ashx?id=2417306&use=l&cat=p&typeid=i","cat":324846},{"id":147296,"n":"Gourde Bio Village - 6 mois Bio - 6x90g","p":4.39,"u":"8,13 €/KG","img":"https://fd13-photos.leclercdrive.fr/image.ashx?id=2704879&use=l&cat=p&typeid=i","cat":312393},{"id":147350,"n":"Préparation Vahiné Crème frangipane - 250g","p":3.51,"u":"14,04 €/KG","img":"https://fd13-photos.leclercdrive.fr/image.ashx?id=2559781&use=l&cat=p&typeid=i","cat":284504},{"id":147420,"n":"Knacks d'Alsace  L'Atelier Charcuterie - 300g","p":3.8,"u":"12,67 €/KG","img":"https://fd13-photos.leclercdrive.fr/image.ashx?id=2989772&use=l&cat=p&typeid=i","cat":316012},{"id":147421,"n":"Saucisse de Morteau à cuire L'Atelier Charcuterie - 350g","p":5.89,"u":"16,83 €/KG","img":"https://fd13-photos.leclercdrive.fr/image.ashx?id=2068076&use=l&cat=p&typeid=i","cat":316012},{"id":147422,"n":"Bière Brewdog Punk IPA 33cl","p":2.28,"u":"6,91 €/L","img":"https://fd13-photos.leclercdrive.fr/image.ashx?id=2941859&use=l&cat=p&typeid=i","cat":334872},{"id":147424,"n":"Saucisse de Montbéliard à cuire L'Atelier Charcuterie - 2x150g","p":4.49,"u":"14,97 €/KG","img":"https://fd13-photos.leclercdrive.fr/image.ashx?id=2069973&use=l&cat=p&typeid=i","cat":316012},{"id":147438,"n":"Tablette chocolat Milka Chocolat au lait - 5x100g","p":7.47,"u":"14,94 €/KG","img":"https://fd13-photos.leclercdrive.fr/image.ashx?id=2955203&use=l&cat=p&typeid=i","cat":284497},{"id":147439,"n":"Tablette chocolat Mmmax Milka Chocolat - 300g","p":4.78,"u":"15,93 €/KG","img":"https://fd13-photos.leclercdrive.fr/image.ashx?id=2938364&use=l&cat=p&typeid=i","cat":284497},{"id":147442,"n":"Pochons Tous mes amis Sauce viande - 12x100g","p":3.65,"u":"3,04 €/KG","img":"https://fd13-photos.leclercdrive.fr/image.ashx?id=2054993&use=l&cat=p&typeid=i","cat":288578},{"id":147443,"n":"Stick torsades Tous mes amis x4 - 70g","p":0.72,"u":"10,29 €/KG","img":"https://fd13-photos.leclercdrive.fr/image.ashx?id=2361733&use=l&cat=p&typeid=i","cat":294527},{"id":147449,"n":"Granola Grainea Chocolat noir amandes - 350g","p":2.75,"u":"7,86 €/KG","img":"https://fd13-photos.leclercdrive.fr/image.ashx?id=2611949&use=l&cat=p&typeid=i","cat":309512},{"id":147454,"n":"Granola Grainea 350g","p":2.64,"u":"7,54 €/KG","img":"https://fd13-photos.leclercdrive.fr/image.ashx?id=2568340&use=l&cat=p&typeid=i","cat":309512},{"id":147455,"n":"Capsules café Plantation Décaféiné n°5 - x30 - 156g","p":5.19,"u":"33,27 €/KG","img":"https://fd13-photos.leclercdrive.fr/image.ashx?id=2874741&use=l&cat=p&typeid=i","cat":284749},{"id":147456,"n":"Capsules café Plantation Ristretto n°12 - x30 - 156g","p":5.19,"u":"33,27 €/KG","img":"https://fd13-photos.leclercdrive.fr/image.ashx?id=2867263&use=l&cat=p&typeid=i","cat":284749},{"id":147464,"n":"Infusion bien-être Jardin Bio Bio x20 - 28g","p":2.39,"u":"85,36 €/KG","img":"https://fd13-photos.leclercdrive.fr/image.ashx?id=2792606&use=l&cat=p&typeid=i","cat":293234},{"id":147465,"n":"Infusion Jardin Bio Bio calme & Sérénité x20 - 30g","p":2.39,"u":"79,67 €/KG","img":"https://fd13-photos.leclercdrive.fr/image.ashx?id=2792618&use=l&cat=p&typeid=i","cat":293234},{"id":147472,"n":"Eponge maxi 1 pièce","p":2.29,"img":"https://fd13-photos.leclercdrive.fr/image.ashx?id=2068381&use=l&cat=p&typeid=i","cat":298252},{"id":147474,"n":"Coupe ongles Primoplast 1 pièce","p":2.0,"img":"https://fd13-photos.leclercdrive.fr/image.ashx?id=2833008&use=l&cat=p&typeid=i","cat":325354},{"id":147517,"n":"Merlu & riz D'Aucy Sauce beurre blanc - 300g","p":2.9,"u":"9,67 €/KG","img":"https://fd13-photos.leclercdrive.fr/image.ashx?id=2103184&use=l&cat=p&typeid=i","cat":284953},{"id":147519,"n":"Moulin poivre Ducros 35g","p":2.85,"u":"81,43 €/KG","img":"https://fd13-photos.leclercdrive.fr/image.ashx?id=2498678&use=l&cat=p&typeid=i","cat":284457},{"id":147525,"n":"Huile bio Bio naïa Jojoba - 50ml","p":4.57,"u":"91,40 €/L","img":"https://fd13-photos.leclercdrive.fr/image.ashx?id=2436711&use=l&cat=p&typeid=i","cat":325349},{"id":147528,"n":"Huile bio Bio naïa Amande douce - 50ml","p":3.79,"u":"75,80 €/L","img":"https://fd13-photos.leclercdrive.fr/image.ashx?id=2436720&use=l&cat=p&typeid=i","cat":325349},{"id":147529,"n":"Blocs WC Eco + Parfum pin - 3x40g","p":1.17,"u":"9,75 €/KG","img":"https://fd13-photos.leclercdrive.fr/image.ashx?id=2849560&use=l&cat=p&typeid=i","cat":284662},{"id":147531,"n":"Bain moussant Eco + Pêche - 750ml","p":0.52,"u":"0,69 €/L","img":"https://fd13-photos.leclercdrive.fr/image.ashx?id=2779175&use=l&cat=p&typeid=i","cat":284594},{"id":147532,"n":"Crème à récurer Eco + Parfum citron - 750ml","p":0.6,"u":"0,80 €/L","img":"https://fd13-photos.leclercdrive.fr/image.ashx?id=2931754&use=l&cat=p&typeid=i","cat":325357},{"id":147533,"n":"Dentifrice arôme menthe Eco + 125ml","p":0.73,"u":"5,84 €/L","img":"https://fd13-photos.leclercdrive.fr/image.ashx?id=2776277&use=l&cat=p&typeid=i","cat":284612},{"id":147536,"n":"Liquide vaisselle Eco + Concentré citron - 500ml","p":0.42,"u":"0,84 €/L","img":"https://fd13-photos.leclercdrive.fr/image.ashx?id=2861407&use=l&cat=p&typeid=i","cat":284655},{"id":147537,"n":"Nettoyant ménager Eco + Citron - 2L","p":1.11,"u":"0,56 €/L","img":"https://fd13-photos.leclercdrive.fr/image.ashx?id=2661930&use=l&cat=p&typeid=i","cat":284907},{"id":147539,"n":"Capsules café Plantation Café au lait - x16 - 152g","p":3.29,"u":"21,64 €/KG","img":"https://fd13-photos.leclercdrive.fr/image.ashx?id=2649750&use=l&cat=p&typeid=i","cat":293239},{"id":147543,"n":"Gel WC détartrant Eco + Citron - 750ml","p":0.58,"u":"0,77 €/L","img":"https://fd13-photos.leclercdrive.fr/image.ashx?id=2836304&use=l&cat=p&typeid=i","cat":284662},{"id":147544,"n":"Pastilles lave-vaisselle Eco + x50 - 750g","p":2.59,"u":"3,45 €/KG","img":"https://fd13-photos.leclercdrive.fr/image.ashx?id=2865032&use=l&cat=p&typeid=i","cat":284656},{"id":147545,"n":"Pastilles anti-calcaire Eco + x20","p":1.25,"u":"0,06 €/P","img":"https://fd13-photos.leclercdrive.fr/image.ashx?id=2603853&use=l&cat=p&typeid=i","cat":284653},{"id":147546,"n":"Poudre détachante Eco + 1,2kg","p":3.29,"u":"2,74 €/KG","img":"https://fd13-photos.leclercdrive.fr/image.ashx?id=2596769&use=l&cat=p&typeid=i","cat":284651},{"id":147550,"n":"Nettoyant vitres Eco + 1L","p":0.76,"u":"0,76 €/L","img":"https://fd13-photos.leclercdrive.fr/image.ashx?id=2834993&use=l&cat=p&typeid=i","cat":325363},{"id":147671,"n":"Olives farcies Tokapi Amandes - 150g","p":2.49,"u":"16,60 €/KG","img":"https://fd13-photos.leclercdrive.fr/image.ashx?id=3010431&use=l&cat=p&typeid=i","cat":284458},{"id":147677,"n":"Sauce béarnaise Rustica 240g","p":1.29,"u":"5,38 €/KG","img":"https://fd13-photos.leclercdrive.fr/image.ashx?id=2954382&use=l&cat=p&typeid=i","cat":318431},{"id":147678,"n":"Rillettes de saumon Ronde des Mers - 125g","p":1.58,"u":"12,64 €/KG","img":"https://fd13-photos.leclercdrive.fr/image.ashx?id=2436708&use=l&cat=p&typeid=i","cat":305147},{"id":147692,"n":"Fond pour rôtis Maggi 110g","p":2.69,"u":"24,45 €/KG","img":"https://fd13-photos.leclercdrive.fr/image.ashx?id=2917543&use=l&cat=p&typeid=i","cat":288379},{"id":147793,"n":"Soquettes fille Tissaia Coton bio Blanc T27/30 - x4","p":4.45,"img":"https://fd13-photos.leclercdrive.fr/image.ashx?id=2051178&use=l&cat=p&typeid=i","cat":334130},{"id":147794,"n":"Soquettes fille Tissaia Coton bio Blanc T31/35 - x4","p":4.45,"img":"https://fd13-photos.leclercdrive.fr/image.ashx?id=2051181&use=l&cat=p&typeid=i","cat":334130},{"id":147795,"n":"Soquettes fille Tissaia Coton bio Blanc T36/40 - x4","p":4.45,"img":"https://fd13-photos.leclercdrive.fr/image.ashx?id=2051184&use=l&cat=p&typeid=i","cat":334130},{"id":148013,"n":"Bocal d'artichauts Notre jardin Grillés - 115g","p":1.99,"u":"17,30 €/KG","img":"https://fd13-photos.leclercdrive.fr/image.ashx?id=2578641&use=l&cat=p&typeid=i","cat":312611},{"id":148023,"n":"Pois cassés Bio Village Bio 500g","p":1.99,"u":"3,98 €/KG","img":"https://fd13-photos.leclercdrive.fr/image.ashx?id=3002701&use=l&cat=p&typeid=i","cat":284430},{"id":148027,"n":"Pois chiche Bio Village Bio - 500g","p":2.08,"u":"4,16 €/KG","img":"https://fd13-photos.leclercdrive.fr/image.ashx?id=3002704&use=l&cat=p&typeid=i","cat":284430},{"id":148037,"n":"Purée de tomates italiennes 700g","p":1.79,"u":"2,56 €/KG","img":"https://fd13-photos.leclercdrive.fr/image.ashx?id=3011680&use=l&cat=p&typeid=i","cat":289010},{"id":148040,"n":"Aiguillette poulet Maitre Coq Nourri maïs - 450g","p":6.7,"u":"14,89 €/KG","img":"https://fd13-photos.leclercdrive.fr/image.ashx?id=2882722&use=l&cat=p&typeid=i","cat":284336},{"id":148041,"n":"Aiguillette poulet Maître Coq 450g","p":6.65,"u":"14,78 €/KG","img":"https://fd13-photos.leclercdrive.fr/image.ashx?id=2882719&use=l&cat=p&typeid=i","cat":284336},{"id":148048,"n":"Ravioles aux 3 fromages Persil de la Drôme Saint Jean 310g","p":3.13,"u":"10,10 €/KG","img":"https://fd13-photos.leclercdrive.fr/image.ashx?id=2438651&use=l&cat=p&typeid=i","cat":333682},{"id":148049,"n":"Ravioles au Fromage Frais et Basilic Saint Jean 310g","p":2.93,"u":"9,45 €/KG","img":"https://fd13-photos.leclercdrive.fr/image.ashx?id=2290014&use=l&cat=p&typeid=i","cat":333682},{"id":148070,"n":"Thermomètre Primoplast Electronique - 1 pièce","p":3.89,"img":"https://fd13-photos.leclercdrive.fr/image.ashx?id=2856597&use=l&cat=p&typeid=i","cat":284630},{"id":148076,"n":"Jambon d'Auvergne IGP L'Atelier Charcuterie - 100g","p":3.5,"u":"35,00 €/KG","img":"https://fd13-photos.leclercdrive.fr/image.ashx?id=2316464&use=l&cat=p&typeid=i","cat":316007},{"id":148077,"n":"Jambon de Savoie L'Atelier Charcuterie - 100g","p":2.99,"u":"29,90 €/KG","img":"https://fd13-photos.leclercdrive.fr/image.ashx?id=2395826&use=l&cat=p&typeid=i","cat":316007},{"id":148090,"n":"Prosciutto di Parma AOP 20 mois L'Atelier Charcuterie - 90g","p":4.6,"u":"51,11 €/KG","img":"https://fd13-photos.leclercdrive.fr/image.ashx?id=2068738&use=l&cat=p&typeid=i","cat":316007},{"id":148095,"n":"Coppa di parma IGP L'Atelier Charcuterie - 100g","p":3.45,"u":"34,50 €/KG","img":"https://fd13-photos.leclercdrive.fr/image.ashx?id=2068735&use=l&cat=p&typeid=i","cat":316007},{"id":148102,"n":"Plateau charcuterie Espagnole L'Atelier Charcuterie - 180g","p":5.29,"u":"29,39 €/KG","img":"https://fd13-photos.leclercdrive.fr/image.ashx?id=2900671&use=l&cat=p&typeid=i","cat":316007},{"id":148103,"n":"Soin hydratant bio So Bio Etic Hydra Aloe Vera - 50ml","p":7.56,"u":"151,20 €/L","img":"https://fd13-photos.leclercdrive.fr/image.ashx?id=2640572&use=l&cat=p&typeid=i","cat":325345},{"id":148105,"n":"Viande des grisons IGP L'Atelier Charcuterie - 80g","p":5.49,"u":"68,63 €/KG","img":"https://fd13-photos.leclercdrive.fr/image.ashx?id=2856648&use=l&cat=p&typeid=i","cat":316007},{"id":148107,"n":"Pavé au poivre Label Rouge L'Atelier Charcuterie - 100g","p":1.99,"u":"22,11 €/KG","img":"https://fd13-photos.leclercdrive.fr/image.ashx?id=2856651&use=l&cat=p&typeid=i","cat":316007},{"id":148114,"n":"Déodorant bille Men Expert Shirt Protect - 2x50ml","p":6.59,"u":"65,90 €/L","img":"https://fd13-photos.leclercdrive.fr/image.ashx?id=2456732&use=l&cat=p&typeid=i","cat":284618},{"id":148117,"n":"Rosette tranchée Label Rouge L'Atelier Charcuterie - 100g","p":1.79,"u":"17,90 €/KG","img":"https://fd13-photos.leclercdrive.fr/image.ashx?id=2856654&use=l&cat=p&typeid=i","cat":316007},{"id":148120,"n":"Jambon serrano IGP L'Atelier Charcuterie - 120g","p":4.0,"u":"33,33 €/KG","img":"https://fd13-photos.leclercdrive.fr/image.ashx?id=2867931&use=l&cat=p&typeid=i","cat":316007},{"id":148121,"n":"Assiette charcuterie Italienne L'Atelier Charcuterie - 180G","p":5.29,"img":"https://fd13-photos.leclercdrive.fr/image.ashx?id=2856663&use=l&cat=p&typeid=i","cat":316007},{"id":148240,"n":"Café dosettes Tassimo L'Or Café Long Doux x16","p":4.75,"u":"53,37 €/KG","img":"https://fd13-photos.leclercdrive.fr/image.ashx?id=2100386&use=l&cat=p&typeid=i","cat":293240},{"id":148250,"n":"Ratatouille  Notre Jardin Provencale - 530g","p":2.76,"u":"5,21 €/KG","img":"https://fd13-photos.leclercdrive.fr/image.ashx?id=2526312&use=l&cat=p&typeid=i","cat":312612},{"id":148252,"n":"Pâté en croûte Richelieu 2x90g","p":2.75,"u":"15,28 €/KG","img":"https://fd13-photos.leclercdrive.fr/image.ashx?id=2164981&use=l&cat=p&typeid=i","cat":316008},{"id":148291,"n":"Bière Aromatisée Grimbergen Rouge 5,5° - 6x25cl","p":5.28,"u":"3,52 €/L","img":"https://fd13-photos.leclercdrive.fr/image.ashx?id=2873327&use=l&cat=p&typeid=i","cat":334878},{"id":148339,"n":"Embouts jetables Prorhinel Souples - x10","p":5.79,"img":"https://fd13-photos.leclercdrive.fr/image.ashx?id=2148182&use=l&cat=p&typeid=i","cat":284630},{"id":148355,"n":"Déodorant Monsavon lait Fleur de coton - 200ml","p":2.02,"u":"10,10 €/L","img":"https://fd13-photos.leclercdrive.fr/image.ashx?id=2644930&use=l&cat=p&typeid=i","cat":284595},{"id":148384,"n":"Donut nappé chocolat 180g","p":1.39,"u":"7,72 €/KG","img":"https://fd13-photos.leclercdrive.fr/image.ashx?id=2590707&use=l&cat=p&typeid=i","cat":284495},{"id":148406,"n":"Gel intime Intimy Classic - 150ml","p":4.17,"u":"27,80 €/L","img":"https://fd13-photos.leclercdrive.fr/image.ashx?id=2537980&use=l&cat=p&typeid=i","cat":285160},{"id":148497,"n":"Bouteille filtrante Brita Blanc/Graphite 1 Microdisc","p":21.89,"img":"https://fd13-photos.leclercdrive.fr/image.ashx?id=2878267&use=l&cat=p&typeid=i","cat":334135},{"id":148498,"n":"Pack de 3 microdiscs Brita Filtrants - 1 pièce","p":12.99,"img":"https://fd13-photos.leclercdrive.fr/image.ashx?id=2878264&use=l&cat=p&typeid=i","cat":334135},{"id":148646,"n":"Citron confit Beldi 200g","p":2.72,"u":"13,60 €/KG","img":"https://fd13-photos.leclercdrive.fr/image.ashx?id=2073709&use=l&cat=p&typeid=i","cat":288381},{"id":148660,"n":"AOP St Joseph rouge Les Hauts de Pavières  - 75cl","p":10.95,"u":"14,60 €/L","img":"https://fd13-photos.leclercdrive.fr/image.ashx?id=2059576&use=l&cat=p&typeid=i","cat":289556},{"id":148743,"n":"Galette moelleuse Saint Michel Chocolat au lait - 180g","p":1.87,"u":"10,39 €/KG","img":"https://fd13-photos.leclercdrive.fr/image.ashx?id=2936248&use=l&cat=p&typeid=i","cat":284495},{"id":148744,"n":"Galette moelleuse Saint Michel Chocolat blanc - 180g","p":2.09,"u":"11,61 €/KG","img":"https://fd13-photos.leclercdrive.fr/image.ashx?id=2949976&use=l&cat=p&typeid=i","cat":284487},{"id":148770,"n":"Préservatifs Intimy Classic lubrifiés - x7","p":2.69,"u":"0,38 €/P","img":"https://fd13-photos.leclercdrive.fr/image.ashx?id=2537962&use=l&cat=p&typeid=i","cat":284631},{"id":148771,"n":"Préservatifs Intimy Fins lubrifiés - x28","p":8.27,"u":"0,30 €/P","img":"https://fd13-photos.leclercdrive.fr/image.ashx?id=2926332&use=l&cat=p&typeid=i","cat":284631},{"id":148774,"n":"Préservatifs Intimy Taille XL lubrifiés - x14","p":6.19,"u":"0,44 €/P","img":"https://fd13-photos.leclercdrive.fr/image.ashx?id=2926329&use=l&cat=p&typeid=i","cat":284631},{"id":148779,"n":"Pince à ongles Mercurochrome 1 pièce","p":5.78,"img":"https://fd13-photos.leclercdrive.fr/image.ashx?id=2788496&use=l&cat=p&typeid=i","cat":325354},{"id":148781,"n":"Râpe & Lime Mercurochrome 1 pièce","p":5.83,"img":"https://fd13-photos.leclercdrive.fr/image.ashx?id=2673163&use=l&cat=p&typeid=i","cat":325354},{"id":148957,"n":"Pavé saumon Eco+ MSC - x2 - 250g","p":3.07,"u":"12,28 €/KG","img":"https://fd13-photos.leclercdrive.fr/image.ashx?id=2819920&use=l&cat=p&typeid=i","cat":319786},{"id":148966,"n":"Boisson coco Bio Bjorg Sans sucre ajouté - 1L","p":2.22,"u":"2,22 €/L","img":"https://fd13-photos.leclercdrive.fr/image.ashx?id=2972991&use=l&cat=p&typeid=i","cat":316067},{"id":148989,"n":"Cônes chocolat Eco+ Pistache - x8 - 520g","p":2.47,"u":"4,75 €/KG","img":"https://fd13-photos.leclercdrive.fr/image.ashx?id=2866229&use=l&cat=p&typeid=i","cat":284264},{"id":148998,"n":"Papier cuisson Elembal Feuilles - x30","p":0.99,"u":"0,03 €/P","img":"https://fd13-photos.leclercdrive.fr/image.ashx?id=2059971&use=l&cat=p&typeid=i","cat":334134},{"id":149037,"n":"Saucisses de Toulouse L'Atelier Boucherie x6 - 750g","p":7.99,"u":"10,65 €/KG","img":"https://fd13-photos.leclercdrive.fr/image.ashx?id=2831296&use=l&cat=p&typeid=i","cat":284334},{"id":149111,"n":"filet Coccinelles Valdelice choco lait fourré sous alu 100g","p":2.5,"u":"25,00 €/KG","img":"https://fd13-photos.leclercdrive.fr/image.ashx?id=2261918&use=l&cat=p&typeid=i","cat":284958},{"id":149113,"n":"Chocolat voiture Valdelice Fourré 100g","p":2.5,"u":"25,00 €/KG","img":"https://fd13-photos.leclercdrive.fr/image.ashx?id=2061091&use=l&cat=p&typeid=i","cat":284958},{"id":149236,"n":"Brandade à la morue  Maison Briau Gratinée - 550g","p":6.9,"u":"12,55 €/KG","img":"https://fd13-photos.leclercdrive.fr/image.ashx?id=2850013&use=l&cat=p&typeid=i","cat":285340},{"id":149326,"n":"Tissus microfibre multi usage x1","p":2.49,"img":"https://fd13-photos.leclercdrive.fr/image.ashx?id=2068348&use=l&cat=p&typeid=i","cat":298252},{"id":149388,"n":"Shampooing sec Batiste Nude aérosol - 200ml","p":3.28,"u":"16,40 €/L","img":"https://fd13-photos.leclercdrive.fr/image.ashx?id=2558334&use=l&cat=p&typeid=i","cat":289143},{"id":149465,"n":"Brosse à Dents Signal Soin Gencives Souple x4","p":2.39,"u":"0,60 €/P","img":"https://fd13-photos.leclercdrive.fr/image.ashx?id=2964234&use=l&cat=p&typeid=i","cat":284614},{"id":149782,"n":"Soin léger nuit So Bio Etic Anti-âge bio - 50ml","p":8.76,"u":"175,20 €/L","img":"https://fd13-photos.leclercdrive.fr/image.ashx?id=2792699&use=l&cat=p&typeid=i","cat":325345},{"id":149817,"n":"Rouleau Râpe Velvet Smooth Ultra Exfoliant Pieds - x2","p":12.55,"u":"6,28 €/P","img":"https://fd13-photos.leclercdrive.fr/image.ashx?id=2628404&use=l&cat=p&typeid=i","cat":325354},{"id":149854,"n":"Dentifrice Elmex enfant 0-6ans Anti-caries - 75ml","p":3.76,"u":"50,13 €/L","img":"https://fd13-photos.leclercdrive.fr/image.ashx?id=2745289&use=l&cat=p&typeid=i","cat":288898},{"id":149875,"n":"Raclette lave-vitres x1","p":1.45,"img":"https://fd13-photos.leclercdrive.fr/image.ashx?id=2068838&use=l&cat=p&typeid=i","cat":298252},{"id":149922,"n":"Foie gras d'Oie du Périgord L'Origine du Goût Entier - 125g","p":17.95,"u":"143,60 €/KG","img":"https://fd13-photos.leclercdrive.fr/image.ashx?id=2791434&use=l&cat=p&typeid=i","cat":316008},{"id":150307,"n":"Liquide refroidissement TECH9 -25°C - 5L","p":9.99,"u":"2,00 €/L","img":"https://fd13-photos.leclercdrive.fr/image.ashx?id=2162711&use=l&cat=p&typeid=i","cat":298253},{"id":150485,"n":"Chocolat Pâtissier Lindt Noir - 70% cacao - 200g","p":3.08,"u":"15,40 €/KG","img":"https://fd13-photos.leclercdrive.fr/image.ashx?id=2730223&use=l&cat=p&typeid=i","cat":285562},{"id":150488,"n":"Tartine pain campagne Pasquier - 180g","p":2.02,"u":"11,22 €/KG","img":"https://fd13-photos.leclercdrive.fr/image.ashx?id=2967028&use=l&cat=p&typeid=i","cat":285543},{"id":150576,"n":"Barre protéine noisette ISOSTAR  énergétique -3x35 - 105g","p":3.56,"u":"33,90 €/KG","img":"https://fd13-photos.leclercdrive.fr/image.ashx?id=2663425&use=l&cat=p&typeid=i","cat":318652},{"id":150587,"n":"Gnocchi Schar Sans gluten - 300g","p":3.24,"u":"10,80 €/KG","img":"https://fd13-photos.leclercdrive.fr/image.ashx?id=2266281&use=l&cat=p&typeid=i","cat":318654},{"id":150588,"n":"Goûter crème cacao Schar Sans gluten - 250g","p":3.46,"u":"13,84 €/KG","img":"https://fd13-photos.leclercdrive.fr/image.ashx?id=2439944&use=l&cat=p&typeid=i","cat":284488},{"id":150590,"n":"Levure de bière Juvamine Beauté vitalité - x50 - 30g","p":3.26,"u":"108,67 €/KG","img":"https://fd13-photos.leclercdrive.fr/image.ashx?id=2773379&use=l&cat=p&typeid=i","cat":313217},{"id":150711,"n":"Chips de sarrasin Bret's Au sel de Guérande - 120g","p":3.49,"u":"29,08 €/KG","img":"https://fd13-photos.leclercdrive.fr/image.ashx?id=2068591&use=l&cat=p&typeid=i","cat":284447},{"id":150763,"n":"Imperméabilisant protecteur Cuir Daim Nubuck 250ml","p":2.68,"u":"10,72 €/L","img":"https://fd13-photos.leclercdrive.fr/image.ashx?id=2835208&use=l&cat=p&typeid=i","cat":285201},{"id":150788,"n":"HERTA Tendre Croc Jambon Fromage sans nitrite 200g x2","p":1.8,"u":"9,00 €/KG","img":"https://fd13-photos.leclercdrive.fr/image.ashx?id=2752885&use=l&cat=p&typeid=i","cat":333671},{"id":150789,"n":"Détartrant multi-usages Melitta 375ml","p":3.5,"u":"9,33 €/L","img":"https://fd13-photos.leclercdrive.fr/image.ashx?id=2871070&use=l&cat=p&typeid=i","cat":325362},{"id":150793,"n":"HERTA Tendre Croc Jambon Fromage sans nitrite 400g x4","p":3.56,"u":"8,90 €/KG","img":"https://fd13-photos.leclercdrive.fr/image.ashx?id=2070144&use=l&cat=p&typeid=i","cat":333671},{"id":150797,"n":"Cire dépilatoire Roll On Nair au sucre lait et miel - 100ml","p":4.99,"u":"49,90 €/L","img":"https://fd13-photos.leclercdrive.fr/image.ashx?id=2903242&use=l&cat=p&typeid=i","cat":325351},{"id":150798,"n":"HERTA Tendre Croc Comté Jambon sans nitrite 200g x2","p":2.11,"u":"10,55 €/KG","img":"https://fd13-photos.leclercdrive.fr/image.ashx?id=2070147&use=l&cat=p&typeid=i","cat":333671},{"id":150799,"n":"HERTA Tendre Croc Jambon Fromg ss croûte ss nitrite 200g","p":2.13,"u":"10,65 €/KG","img":"https://fd13-photos.leclercdrive.fr/image.ashx?id=2070153&use=l&cat=p&typeid=i","cat":333671},{"id":150804,"n":"Shampoing hydratant Fructis Hair food Aloe Vera - 350ml","p":3.49,"u":"9,97 €/L","img":"https://fd13-photos.leclercdrive.fr/image.ashx?id=2830594&use=l&cat=p&typeid=i","cat":284606},{"id":151002,"n":"Gouter fourré carré P'tit Déli x16 - 295g","p":1.17,"u":"3,97 €/KG","img":"https://fd13-photos.leclercdrive.fr/image.ashx?id=2351238&use=l&cat=p&typeid=i","cat":284489},{"id":151074,"n":"Papier toilette Renova  Magic 4D - x12","p":2.65,"u":"0,22 €/P","img":"https://fd13-photos.leclercdrive.fr/image.ashx?id=2736814&use=l&cat=p&typeid=i","cat":284634},{"id":151075,"n":"Essuie-tout Renova  Design - x4","p":1.83,"u":"0,46 €/P","img":"https://fd13-photos.leclercdrive.fr/image.ashx?id=2072790&use=l&cat=p&typeid=i","cat":284635},{"id":151103,"n":"Vin France Cabernet Sauvignon Rosé - Cambras - Merlot - 75cl","p":2.44,"u":"3,25 €/L","img":"https://fd13-photos.leclercdrive.fr/image.ashx?id=2941026&use=l&cat=p&typeid=i","cat":289558},{"id":151106,"n":"Vin France Cambras rouge -12,5% Merlot Cabernet Sauvignon -75cl","p":2.22,"u":"2,96 €/L","img":"https://fd13-photos.leclercdrive.fr/image.ashx?id=2941029&use=l&cat=p&typeid=i","cat":289556},{"id":151129,"n":"Yaourt brassé chèvre Délisse Myrtille - 4x125g","p":2.29,"u":"4,58 €/KG","img":"https://fd13-photos.leclercdrive.fr/image.ashx?id=2809090&use=l&cat=p&typeid=i","cat":314998},{"id":151130,"n":"Yaourt à boire Actimel Fraise - 6x100g","p":2.78,"u":"4,63 €/KG","img":"https://fd13-photos.leclercdrive.fr/image.ashx?id=2996482&use=l&cat=p&typeid=i","cat":284415},{"id":151131,"n":"Charbon de bois Beaux Jours 40L","p":11.99,"u":"0,30 €/L","img":"https://fd13-photos.leclercdrive.fr/image.ashx?id=2078371&use=l&cat=p&typeid=i","cat":335917},{"id":151169,"n":"Liégeois lait d'amande chocolat Andros - 4x90g","p":3.13,"u":"8,69 €/KG","img":"https://fd13-photos.leclercdrive.fr/image.ashx?id=2871985&use=l&cat=p&typeid=i","cat":316071},{"id":151235,"n":"HERTA Blanc de poulet nature sans nitrite - 140g 4T","p":1.98,"u":"14,14 €/KG","img":"https://fd13-photos.leclercdrive.fr/image.ashx?id=2731348&use=l&cat=p&typeid=i","cat":316010},{"id":151448,"n":"Nettoyant multi-usages Carolin Eucalyptus & Arbre à thé 1L","p":1.98,"u":"1,98 €/L","img":"https://fd13-photos.leclercdrive.fr/image.ashx?id=2667460&use=l&cat=p&typeid=i","cat":284907},{"id":151464,"n":"Fromage blanc Calin Extra Nature - 8x100g","p":2.34,"u":"2,93 €/KG","img":"https://fd13-photos.leclercdrive.fr/image.ashx?id=2973736&use=l&cat=p&typeid=i","cat":284409},{"id":151472,"n":"Fromage blanc Calin Extra Nature - 850g","p":2.35,"u":"2,76 €/KG","img":"https://fd13-photos.leclercdrive.fr/image.ashx?id=2973739&use=l&cat=p&typeid=i","cat":284409},{"id":151474,"n":"Fromage blanc Calin 0% Extra Naure - 8x100g","p":2.47,"u":"3,09 €/KG","img":"https://fd13-photos.leclercdrive.fr/image.ashx?id=2973733&use=l&cat=p&typeid=i","cat":284409},{"id":151602,"n":"Papier cuisson Albal Rouleau - 8m","p":2.15,"u":"0,27 €/MT","img":"https://fd13-photos.leclercdrive.fr/image.ashx?id=2551450&use=l&cat=p&typeid=i","cat":334134},{"id":151758,"n":"Mousse de foie Madrange 180g","p":1.51,"u":"8,39 €/KG","img":"https://fd13-photos.leclercdrive.fr/image.ashx?id=3008212&use=l&cat=p&typeid=i","cat":316008},{"id":151813,"n":"AOP Côtes de Provence Blanc Grande récolte - 75cl","p":8.9,"u":"11,87 €/L","img":"https://fd13-photos.leclercdrive.fr/image.ashx?id=2089346&use=l&cat=p&typeid=i","cat":289557},{"id":151853,"n":"Litière chats Cat's Best Original agglomérante - 7L","p":6.18,"u":"0,88 €/L","img":"https://fd13-photos.leclercdrive.fr/image.ashx?id=2310452&use=l&cat=p&typeid=i","cat":284683},{"id":151871,"n":"Pruneaux d'Agen Bio Village Bio IGP Dénoyautés - 250g","p":3.99,"u":"15,96 €/KG","img":"https://fd13-photos.leclercdrive.fr/image.ashx?id=2584035&use=l&cat=p&typeid=i","cat":284357},{"id":151935,"n":"Romaine Panier du Primeur x1","p":0.99,"img":"https://fd13-photos.leclercdrive.fr/image.ashx?id=2529555&use=l&cat=p&typeid=i","cat":284352},{"id":151936,"n":"Yaourt brassé Bio Les 2 Vaches Vanille - 4x115g","p":1.97,"u":"4,28 €/KG","img":"https://fd13-photos.leclercdrive.fr/image.ashx?id=2571542&use=l&cat=p&typeid=i","cat":284410},{"id":151957,"n":"Poudre fondante L'Oréal Paris Accord Parfait 5D Sable doré","p":11.56,"img":"https://fd13-photos.leclercdrive.fr/image.ashx?id=2278055&use=l&cat=p&typeid=i","cat":287029},{"id":151958,"n":"Poudre fondante L'Oréal Paris Accord Parfait 4N Beige","p":11.79,"img":"https://fd13-photos.leclercdrive.fr/image.ashx?id=2423445&use=l&cat=p&typeid=i","cat":287029},{"id":151959,"n":"Mascara Allongeant L'OréalParis Telescopic Carbone Noir","p":10.63,"img":"https://fd13-photos.leclercdrive.fr/image.ashx?id=2886178&use=l&cat=p&typeid=i","cat":287029},{"id":151961,"n":"Fond de Teint L'Oréal Paris Accord Parfait 3.5.N Pêche","p":11.56,"img":"https://fd13-photos.leclercdrive.fr/image.ashx?id=2108273&use=l&cat=p&typeid=i","cat":287029},{"id":151962,"n":"Fond de Teint L'Oréal Paris Accord Parfait 1.R Ivoire Rosé","p":11.56,"u":"385,33 €/L","img":"https://fd13-photos.leclercdrive.fr/image.ashx?id=2395550&use=l&cat=p&typeid=i","cat":287029},{"id":151964,"n":"BB Crème Teintée L'Oréal Paris Nuance 04 médium - 30ml","p":13.7,"u":"456,67 €/L","img":"https://fd13-photos.leclercdrive.fr/image.ashx?id=3014551&use=l&cat=p&typeid=i","cat":287029},{"id":151965,"n":"CC Crème L'Oréal Paris Anti-Rougeurs","p":13.7,"img":"https://fd13-photos.leclercdrive.fr/image.ashx?id=3014557&use=l&cat=p&typeid=i","cat":287029},{"id":151966,"n":"Eyeliner Feutre L'Oréal Paris  Waterproof 01 Noir intense","p":9.85,"pp":6.5,"img":"https://fd13-photos.leclercdrive.fr/image.ashx?id=2370380&use=l&cat=p&typeid=i","cat":287029},{"id":151968,"n":"Mascara Maybelline  Colossal Volum'express Noir","p":9.26,"img":"https://fd13-photos.leclercdrive.fr/image.ashx?id=2592180&use=l&cat=p&typeid=i","cat":287029},{"id":151970,"n":"Vernis à ongles gel Maybelline Superstay 06 Rouge Profond","p":7.12,"img":"https://fd13-photos.leclercdrive.fr/image.ashx?id=2344978&use=l&cat=p&typeid=i","cat":325347},{"id":151971,"n":"Encre à lèvres mat Maybelline Superstay Matte Ink 20 Pioneer","p":9.44,"img":"https://fd13-photos.leclercdrive.fr/image.ashx?id=2423181&use=l&cat=p&typeid=i","cat":287029},{"id":151972,"n":"Correcteur anticerne Maybelline Instant Anti-Age 00 Ivoire","p":8.09,"img":"https://fd13-photos.leclercdrive.fr/image.ashx?id=2770545&use=l&cat=p&typeid=i","cat":287029},{"id":151996,"n":"Fromage enfant Kiri crème 24 portions à tartiner - 432g","p":5.11,"u":"0,21 €/P","img":"https://fd13-photos.leclercdrive.fr/image.ashx?id=2973568&use=l&cat=p&typeid=i","cat":314030},{"id":152001,"n":"Gnocchi à poêler Roll Lustucru  300g","p":1.73,"u":"5,77 €/KG","img":"https://fd13-photos.leclercdrive.fr/image.ashx?id=2792408&use=l&cat=p&typeid=i","cat":333682},{"id":152023,"n":"Renovateur blanc La Vachette avec applicateur - 75ml","p":2.16,"u":"28,80 €/L","img":"https://fd13-photos.leclercdrive.fr/image.ashx?id=2075287&use=l&cat=p&typeid=i","cat":285201},{"id":152024,"n":"Cirage liquide noir La Vachette avec applicateur - 75ml","p":2.09,"u":"27,87 €/L","img":"https://fd13-photos.leclercdrive.fr/image.ashx?id=2075275&use=l&cat=p&typeid=i","cat":285201},{"id":152025,"n":"Cirage liquide La Vachette Incolore avec applicateur -75ml","p":2.09,"u":"27,87 €/L","img":"https://fd13-photos.leclercdrive.fr/image.ashx?id=2075278&use=l&cat=p&typeid=i","cat":285201},{"id":152041,"n":"Déodorant bille bio BionaÏa Eau coco/Aloe Vera - 50ml","p":1.35,"u":"27,00 €/L","img":"https://fd13-photos.leclercdrive.fr/image.ashx?id=2496964&use=l&cat=p&typeid=i","cat":284595},{"id":152042,"n":"Déodorant bille bio BionaÏa A la rose/aloe vera - 50ml","p":1.35,"u":"27,00 €/L","img":"https://fd13-photos.leclercdrive.fr/image.ashx?id=2481240&use=l&cat=p&typeid=i","cat":284595},{"id":152073,"n":"Roulés au fromage L'Atelier Traiteur x2 - 240g","p":3.25,"u":"13,54 €/KG","img":"https://fd13-photos.leclercdrive.fr/image.ashx?id=2814462&use=l&cat=p&typeid=i","cat":333671},{"id":152349,"n":"Sérum nuit anti-âge L'Oréal Revitalift Rétinol Pur - 30ml","p":15.08,"u":"502,67 €/L","img":"https://fd13-photos.leclercdrive.fr/image.ashx?id=2867530&use=l&cat=p&typeid=i","cat":325345},{"id":152365,"n":"Crème éclat La Provençale Bio Jouvence Anti-Âge - 50ml","p":8.85,"u":"177,00 €/L","img":"https://fd13-photos.leclercdrive.fr/image.ashx?id=2948147&use=l&cat=p&typeid=i","cat":325345},{"id":152381,"n":"Moutarde Maille Fine & douce - 370g","p":2.66,"u":"7,19 €/KG","img":"https://fd13-photos.leclercdrive.fr/image.ashx?id=2570763&use=l&cat=p&typeid=i","cat":288850},{"id":152408,"n":"Compresses Mercurochrome Stériles Ultra-douces - x20","p":3.2,"u":"0,16 €/P","img":"https://fd13-photos.leclercdrive.fr/image.ashx?id=2663986&use=l&cat=p&typeid=i","cat":284630},{"id":152414,"n":"Crème hydratante Scholl Adoucissante - 75ml","p":4.75,"u":"63,33 €/L","img":"https://fd13-photos.leclercdrive.fr/image.ashx?id=2980884&use=l&cat=p&typeid=i","cat":325354},{"id":152420,"n":"Cryothérapie Mercurochrome Verrues pieds mains - 35ml","p":10.85,"u":"310,00 €/L","img":"https://fd13-photos.leclercdrive.fr/image.ashx?id=2693545&use=l&cat=p&typeid=i","cat":284630},{"id":152473,"n":"Billes Chocolat au Lait KitKat Sachet - 400g","p":5.99,"u":"14,98 €/KG","img":"https://fd13-photos.leclercdrive.fr/image.ashx?id=2807087&use=l&cat=p&typeid=i","cat":304238},{"id":152502,"n":"Quatre-quart Ker Cadélac 500g","p":3.29,"u":"6,58 €/KG","img":"https://fd13-photos.leclercdrive.fr/image.ashx?id=2958848&use=l&cat=p&typeid=i","cat":294776},{"id":152503,"n":"Moelleux Ker Cadélac Gros éclats de chocolat - 500g","p":3.18,"u":"6,36 €/KG","img":"https://fd13-photos.leclercdrive.fr/image.ashx?id=2164861&use=l&cat=p&typeid=i","cat":294776},{"id":152505,"n":"Boisson végétale Bio Bjorg 1L","p":1.58,"u":"1,58 €/L","img":"https://fd13-photos.leclercdrive.fr/image.ashx?id=2972994&use=l&cat=p&typeid=i","cat":316067},{"id":152506,"n":"Boisson avoine Bio Bjorg Sans sucres - 1L","p":2.31,"u":"2,31 €/L","img":"https://fd13-photos.leclercdrive.fr/image.ashx?id=2939454&use=l&cat=p&typeid=i","cat":316067},{"id":152507,"n":"Charbon de bois Beaux Jours Qualité standard - 20L","p":6.29,"u":"0,31 €/L","img":"https://fd13-photos.leclercdrive.fr/image.ashx?id=2078368&use=l&cat=p&typeid=i","cat":335917},{"id":152576,"n":"Crêpes 1/2 lune Eco+ Jambon emmental - x20 - 1kg","p":2.31,"u":"2,31 €/KG","img":"https://fd13-photos.leclercdrive.fr/image.ashx?id=2698144&use=l&cat=p&typeid=i","cat":319776},{"id":152595,"n":"Barres chocolat Toblerone Chocolat au lait - 3x100g","p":4.92,"u":"16,40 €/KG","img":"https://fd13-photos.leclercdrive.fr/image.ashx?id=2078241&use=l&cat=p&typeid=i","cat":284498},{"id":152596,"n":"Câpres Maille Surfines - 85g","p":3.12,"u":"36,71 €/KG","img":"https://fd13-photos.leclercdrive.fr/image.ashx?id=2539674&use=l&cat=p&typeid=i","cat":284458},{"id":152610,"n":"Pasta Box Sodebo Fusilli à la Bolognaise - 330g","p":2.56,"u":"7,76 €/KG","img":"https://fd13-photos.leclercdrive.fr/image.ashx?id=2991996&use=l&cat=p&typeid=i","cat":334983},{"id":152611,"n":"Gâteaux Kinder Délice coconut Noix de coco et cacao - 10x37g","p":3.74,"u":"10,11 €/KG","img":"https://fd13-photos.leclercdrive.fr/image.ashx?id=2832482&use=l&cat=p&typeid=i","cat":284495},{"id":152612,"n":"Pasta Box Sodebo Fusilli à la Carbonara - 330g","p":2.51,"u":"7,61 €/KG","img":"https://fd13-photos.leclercdrive.fr/image.ashx?id=2919781&use=l&cat=p&typeid=i","cat":334983},{"id":152614,"n":"Pâtes collerettes Lustucru 3 min - 500g","p":1.38,"u":"2,76 €/KG","img":"https://fd13-photos.leclercdrive.fr/image.ashx?id=2108444&use=l&cat=p&typeid=i","cat":284427},{"id":152615,"n":"Pasta Box Sodebo Fusilli Fromages Italiens -330g","p":2.65,"u":"8,03 €/KG","img":"https://fd13-photos.leclercdrive.fr/image.ashx?id=2919784&use=l&cat=p&typeid=i","cat":334983},{"id":152616,"n":"Pasta Box Sodebo Fusilli Saumon - 280g","p":3.44,"u":"11,47 €/KG","img":"https://fd13-photos.leclercdrive.fr/image.ashx?id=2985078&use=l&cat=p&typeid=i","cat":334983},{"id":152617,"n":"Happy Cherry Haribo Sachet bonbons - 220g","p":2.29,"u":"10,41 €/KG","img":"https://fd13-photos.leclercdrive.fr/image.ashx?id=2984901&use=l&cat=p&typeid=i","cat":304250},{"id":152638,"n":"Pansement Mercurochrome Spécial doigts - x12","p":3.88,"u":"0,32 €/P","img":"https://fd13-photos.leclercdrive.fr/image.ashx?id=2862146&use=l&cat=p&typeid=i","cat":284630},{"id":152639,"n":"Pansement Mercurochrome Cicatrisation active - x6","p":6.95,"u":"315,91 €/KG","img":"https://fd13-photos.leclercdrive.fr/image.ashx?id=2078139&use=l&cat=p&typeid=i","cat":284630},{"id":152650,"n":"Pansements Mercurochrome Tissu-résistant - x40","p":3.82,"u":"0,10 €/P","img":"https://fd13-photos.leclercdrive.fr/image.ashx?id=2862149&use=l&cat=p&typeid=i","cat":284630},{"id":152651,"n":"Pansements Mercurochrome Coricide - x12","p":4.68,"u":"0,39 €/P","img":"https://fd13-photos.leclercdrive.fr/image.ashx?id=2663968&use=l&cat=p&typeid=i","cat":284630},{"id":152736,"n":"Camembert Le Rustique Extra coulant - 240g","p":3.49,"u":"14,54 €/KG","img":"https://fd13-photos.leclercdrive.fr/image.ashx?id=2797479&use=l&cat=p&typeid=i","cat":314033},{"id":152774,"n":"Sauce Algérienne Heinz - 220g","p":1.81,"u":"8,23 €/KG","img":"https://fd13-photos.leclercdrive.fr/image.ashx?id=2926846&use=l&cat=p&typeid=i","cat":318431},{"id":152903,"n":"Sparadrap Mercurochrome Résistant à l'eau - 7mx2,5cm","p":2.55,"img":"https://fd13-photos.leclercdrive.fr/image.ashx?id=2862155&use=l&cat=p&typeid=i","cat":284630},{"id":152908,"n":"Huile Mercurochrome d'amande douce raffinée - 100ml","p":4.58,"u":"45,80 €/L","img":"https://fd13-photos.leclercdrive.fr/image.ashx?id=2663983&use=l&cat=p&typeid=i","cat":284630},{"id":152940,"n":"Soin Mercurochrome ongles âbimés - 1 pièce","p":9.2,"img":"https://fd13-photos.leclercdrive.fr/image.ashx?id=2663995&use=l&cat=p&typeid=i","cat":284630},{"id":152954,"n":"Canettes Coca-cola Boite - 18+2 offertes 20x33cl","p":11.97,"u":"1,81 €/L","img":"https://fd13-photos.leclercdrive.fr/image.ashx?id=3009002&use=l&cat=p&typeid=i","cat":284530},{"id":152984,"n":"AOP Prosecco rosé  Vilaveroni - 75cl","p":7.56,"u":"10,08 €/L","img":"https://fd13-photos.leclercdrive.fr/image.ashx?id=2492354&use=l&cat=p&typeid=i","cat":289558},{"id":153015,"n":"Cassonade pure canne Daddy 750g","p":2.25,"u":"3,00 €/KG","img":"https://fd13-photos.leclercdrive.fr/image.ashx?id=2944702&use=l&cat=p&typeid=i","cat":284502},{"id":153059,"n":"Cônes glacés Trium Chocolat - x6 - 423g","p":2.13,"u":"5,04 €/KG","img":"https://fd13-photos.leclercdrive.fr/image.ashx?id=2931829&use=l&cat=p&typeid=i","cat":284264},{"id":153060,"n":"Cônes glacés Trium Vanille caramel - x6 - 432g","p":2.53,"u":"5,86 €/KG","img":"https://fd13-photos.leclercdrive.fr/image.ashx?id=2931835&use=l&cat=p&typeid=i","cat":284264},{"id":153061,"n":"Cônes glacés Trium Vanille fraise - x6 - 426g","p":1.69,"u":"3,97 €/KG","img":"https://fd13-photos.leclercdrive.fr/image.ashx?id=2931808&use=l&cat=p&typeid=i","cat":284264},{"id":153062,"n":"Cônes glacés Trium Vanille nougatine x6 - 402g","p":1.59,"u":"3,96 €/KG","img":"https://fd13-photos.leclercdrive.fr/image.ashx?id=2931805&use=l&cat=p&typeid=i","cat":284264},{"id":153067,"n":"Cônes glacés Trium Fruits rouges - x6 - 474g","p":2.51,"u":"5,30 €/KG","img":"https://fd13-photos.leclercdrive.fr/image.ashx?id=2931832&use=l&cat=p&typeid=i","cat":284264},{"id":153069,"n":"Cônes glacés Trium Rhum raisins - x6 - 414g","p":2.43,"u":"5,87 €/KG","img":"https://fd13-photos.leclercdrive.fr/image.ashx?id=2931814&use=l&cat=p&typeid=i","cat":284264},{"id":153070,"n":"Cônes glacés Trium Menthe chocolat x6 - 414g","p":2.19,"u":"5,29 €/KG","img":"https://fd13-photos.leclercdrive.fr/image.ashx?id=2931826&use=l&cat=p&typeid=i","cat":284264},{"id":153072,"n":"Cônes glacés Trium Café - x6 - 426g","p":2.19,"u":"5,14 €/KG","img":"https://fd13-photos.leclercdrive.fr/image.ashx?id=2931838&use=l&cat=p&typeid=i","cat":284264},{"id":153073,"n":"Cônes glacés Trium Vanille chocolat - x6 - 426g","p":1.93,"u":"4,53 €/KG","img":"https://fd13-photos.leclercdrive.fr/image.ashx?id=2931817&use=l&cat=p&typeid=i","cat":284264},{"id":153074,"n":"Cônes glacés Trium Citron framboise x6 - 456g","p":2.67,"u":"5,86 €/KG","img":"https://fd13-photos.leclercdrive.fr/image.ashx?id=2931811&use=l&cat=p&typeid=i","cat":284264},{"id":153075,"n":"Cônes glacés Trium Chocolat pistaches - x6 - 402g","p":1.99,"u":"4,95 €/KG","img":"https://fd13-photos.leclercdrive.fr/image.ashx?id=2909909&use=l&cat=p&typeid=i","cat":284264},{"id":153151,"n":"Jambon Supérieur Fleury Michon sans nitrite x4 - 140g","p":2.18,"u":"15,57 €/KG","img":"https://fd13-photos.leclercdrive.fr/image.ashx?id=2889475&use=l&cat=p&typeid=i","cat":316009},{"id":153152,"n":"Jambon Supérieur Fleury Michon sans nitrite x2 - 70g","p":1.82,"u":"26,00 €/KG","img":"https://fd13-photos.leclercdrive.fr/image.ashx?id=2889472&use=l&cat=p&typeid=i","cat":316009},{"id":153153,"n":"Jambon Supérieur Fleury Michon -25% sel sans nitrite- x2 - 70g","p":2.16,"u":"30,86 €/KG","img":"https://fd13-photos.leclercdrive.fr/image.ashx?id=2889484&use=l&cat=p&typeid=i","cat":316009},{"id":153154,"n":"Jambon Supérieur Fleury Michon -25% sel sans nitrite x6 - 210g","p":4.11,"u":"19,57 €/KG","img":"https://fd13-photos.leclercdrive.fr/image.ashx?id=2889487&use=l&cat=p&typeid=i","cat":316009},{"id":153155,"n":"Jambon Supérieur Fleury Michon -25% sel sans nitrite x4 - 140g","p":2.89,"u":"20,64 €/KG","img":"https://fd13-photos.leclercdrive.fr/image.ashx?id=2905399&use=l&cat=p&typeid=i","cat":316009},{"id":153158,"n":"Jambon Simplement Bon Fleury  Michon -25% de sel - x6 - 210g","p":3.14,"u":"14,95 €/KG","img":"https://fd13-photos.leclercdrive.fr/image.ashx?id=2842696&use=l&cat=p&typeid=i","cat":316009},{"id":153166,"n":"Jambon Simplement Bon Fleury Michon - x6 - 240g","p":2.62,"u":"10,92 €/KG","img":"https://fd13-photos.leclercdrive.fr/image.ashx?id=2843150&use=l&cat=p&typeid=i","cat":316009},{"id":153229,"n":"Mayonnaise de Dijon Amora Tube - 175g","p":1.41,"u":"8,06 €/KG","img":"https://fd13-photos.leclercdrive.fr/image.ashx?id=2082711&use=l&cat=p&typeid=i","cat":298295},{"id":153230,"n":"Mayonnaise de Dijon - 705g Flacon - 705g","p":4.61,"u":"6,54 €/KG","img":"https://fd13-photos.leclercdrive.fr/image.ashx?id=2877199&use=l&cat=p&typeid=i","cat":298295},{"id":153241,"n":"Blanc de poulet Fleury Michon doré au four - x8 - 240g","p":2.27,"u":"9,46 €/KG","img":"https://fd13-photos.leclercdrive.fr/image.ashx?id=2962845&use=l&cat=p&typeid=i","cat":316010},{"id":153242,"n":"Ketchup Amora  468g","p":2.1,"u":"4,49 €/KG","img":"https://fd13-photos.leclercdrive.fr/image.ashx?id=2766628&use=l&cat=p&typeid=i","cat":284455},{"id":153313,"n":"Gateau Savane Brossard Pocket chocolat - x7  210g","p":2.18,"u":"10,38 €/KG","img":"https://fd13-photos.leclercdrive.fr/image.ashx?id=2870722&use=l&cat=p&typeid=i","cat":284495},{"id":153317,"n":"Capsules confiturier Le Parfait Diamètre 82mm - Sachet de 6","p":3.98,"img":"https://fd13-photos.leclercdrive.fr/image.ashx?id=2540418&use=l&cat=p&typeid=i","cat":284710},{"id":153328,"n":"Gâteaux fourrés Napolitain LU Chocolat - 180g","p":1.55,"u":"8,61 €/KG","img":"https://fd13-photos.leclercdrive.fr/image.ashx?id=3002225&use=l&cat=p&typeid=i","cat":284495},{"id":153367,"n":"Table à repasser Homeside Plateau 120x40cm","p":29.99,"u":"Dont 0,31 € d'éco-part.","img":"https://fd13-photos.leclercdrive.fr/image.ashx?id=2118018&use=l&cat=p&typeid=i","cat":335909},{"id":153799,"n":"Bicarbonate soude A l'Olivier x12 - 750g","p":5.25,"u":"7,00 €/KG","img":"https://fd13-photos.leclercdrive.fr/image.ashx?id=2432085&use=l&cat=p&typeid=i","cat":300576},{"id":153928,"n":"Petits chèvre frais ronds L'Atelier Fromagerie - 100g","p":2.15,"u":"21,50 €/KG","img":"https://fd13-photos.leclercdrive.fr/image.ashx?id=2999643&use=l&cat=p&typeid=i","cat":314036},{"id":153929,"n":"Bûche de chèvre frais cendrée L'Atelier Fromagerie - 200g","p":3.19,"u":"15,95 €/KG","img":"https://fd13-photos.leclercdrive.fr/image.ashx?id=2999646&use=l&cat=p&typeid=i","cat":314036},{"id":154629,"n":"Bière Blonde Leffe 6,6% - 20x25cl","p":15.17,"u":"3,03 €/L","img":"https://fd13-photos.leclercdrive.fr/image.ashx?id=2995427&use=l&cat=p&typeid=i","cat":334852},{"id":154630,"n":"Bière Blonde Leffe 6,6% - 28x25cl","p":20.92,"u":"2,99 €/L","img":"https://fd13-photos.leclercdrive.fr/image.ashx?id=2092538&use=l&cat=p&typeid=i","cat":334852},{"id":154631,"n":"Boisson multifruits Jafun Format poche - 10x20Cl","p":3.2,"u":"1,60 €/L","img":"https://fd13-photos.leclercdrive.fr/image.ashx?id=2992561&use=l&cat=p&typeid=i","cat":284524},{"id":155102,"n":"Céréales Babybio- Dès 6 mois  Bio 3 Céréales nature  - 220g","p":3.48,"u":"15,82 €/KG","img":"https://fd13-photos.leclercdrive.fr/image.ashx?id=2733259&use=l&cat=p&typeid=i","cat":312225},{"id":155123,"n":"Biscuits fourrés  BN Fraises - 285g","p":1.36,"u":"4,77 €/KG","img":"https://fd13-photos.leclercdrive.fr/image.ashx?id=2878804&use=l&cat=p&typeid=i","cat":284489},{"id":155127,"n":"Bière blonde sans alcool 1664 0.0% - 12x25cl","p":7.08,"u":"2,36 €/L","img":"https://fd13-photos.leclercdrive.fr/image.ashx?id=2121490&use=l&cat=p&typeid=i","cat":334877},{"id":155128,"n":"Pâte à tartiner Ovomaltine Crunchy - 660g","p":5.98,"u":"9,06 €/KG","img":"https://fd13-photos.leclercdrive.fr/image.ashx?id=2428648&use=l&cat=p&typeid=i","cat":284481},{"id":155134,"n":"Knacki original Herta x4 - 140g","p":1.36,"u":"9,71 €/KG","img":"https://fd13-photos.leclercdrive.fr/image.ashx?id=2289840&use=l&cat=p&typeid=i","cat":316012},{"id":155244,"n":"Mini cônes Extrême  Vanille  - 8x39g","p":4.4,"u":"14,10 €/KG","img":"https://fd13-photos.leclercdrive.fr/image.ashx?id=2737741&use=l&cat=p&typeid=i","cat":284264},{"id":155282,"n":"Masques chirurgicaux Primoplast Français - x50","p":1.99,"u":"0,04 €/P","img":"https://fd13-photos.leclercdrive.fr/image.ashx?id=2856603&use=l&cat=p&typeid=i","cat":284630},{"id":155293,"n":"Prépa Gâteau alsa Cœur Coulants Chocolat - 275g","p":2.72,"u":"9,89 €/KG","img":"https://fd13-photos.leclercdrive.fr/image.ashx?id=2996443&use=l&cat=p&typeid=i","cat":284505},{"id":155295,"n":"Préparation Cookies alsa Pépites de Chocolat - 240g","p":2.19,"u":"9,13 €/KG","img":"https://fd13-photos.leclercdrive.fr/image.ashx?id=2996446&use=l&cat=p&typeid=i","cat":284505},{"id":155300,"n":"Capsules Starbucks by Nespresso  Italian Style Int 11 - x10","p":3.68,"u":"65,71 €/KG","img":"https://fd13-photos.leclercdrive.fr/image.ashx?id=2654068&use=l&cat=p&typeid=i","cat":284749},{"id":155301,"n":"Biscuit BN chocolat 285g","p":1.36,"u":"4,77 €/KG","img":"https://fd13-photos.leclercdrive.fr/image.ashx?id=2810705&use=l&cat=p&typeid=i","cat":284488},{"id":155302,"n":"Biscuits BN casse croute 400g","p":1.42,"u":"3,55 €/KG","img":"https://fd13-photos.leclercdrive.fr/image.ashx?id=2503900&use=l&cat=p&typeid=i","cat":284491},{"id":155303,"n":"Briochettes Pasquier x12 - 480g","p":2.28,"u":"4,75 €/KG","img":"https://fd13-photos.leclercdrive.fr/image.ashx?id=2417857&use=l&cat=p&typeid=i","cat":284478},{"id":155383,"n":"Piles Duracell LR54","p":4.46,"img":"https://fd13-photos.leclercdrive.fr/image.ashx?id=2422571&use=l&cat=p&typeid=i","cat":300572},{"id":155418,"n":"Pâte à tartiner Mars 350g","p":5.3,"u":"15,14 €/KG","img":"https://fd13-photos.leclercdrive.fr/image.ashx?id=2736643&use=l&cat=p&typeid=i","cat":284481},{"id":155421,"n":"Pâte à tartiner M&M'S 350g","p":4.06,"u":"11,60 €/KG","img":"https://fd13-photos.leclercdrive.fr/image.ashx?id=2099666&use=l&cat=p&typeid=i","cat":284481},{"id":155422,"n":"Pâte à tartiner Bounty 350g","p":3.9,"u":"11,14 €/KG","img":"https://fd13-photos.leclercdrive.fr/image.ashx?id=2736640&use=l&cat=p&typeid=i","cat":284481},{"id":155438,"n":"Le joint Français x1","p":2.6,"img":"https://fd13-photos.leclercdrive.fr/image.ashx?id=2485626&use=l&cat=p&typeid=i","cat":284710},{"id":155448,"n":"Gâche tranchée Pasquier 500g","p":2.37,"u":"4,74 €/KG","img":"https://fd13-photos.leclercdrive.fr/image.ashx?id=2650516&use=l&cat=p&typeid=i","cat":284478},{"id":155475,"n":"Pince Barbecue Silicone x1","p":2.99,"img":"https://fd13-photos.leclercdrive.fr/image.ashx?id=2118084&use=l&cat=p&typeid=i","cat":334135},{"id":155508,"n":"Fromage blanc battu La bressane bio Nature 8%mg - 800g","p":2.9,"u":"3,63 €/KG","img":"https://fd13-photos.leclercdrive.fr/image.ashx?id=2996878&use=l&cat=p&typeid=i","cat":284409},{"id":155511,"n":"Nettoyant Lave-Linge Destop  Désinfectant - x2","p":4.97,"u":"9,94 €/L","img":"https://fd13-photos.leclercdrive.fr/image.ashx?id=2831735&use=l&cat=p&typeid=i","cat":284653},{"id":155546,"n":"Assiettes dessert 17cm Blanc sans film PE - x50","p":2.69,"u":"0,05 €/P","img":"https://fd13-photos.leclercdrive.fr/image.ashx?id=2096688&use=l&cat=p&typeid=i","cat":334134},{"id":155549,"n":"Glace Bâtonnet MAGNUM Double Gold Caramel 4x85ml","p":3.08,"u":"10,85 €/KG","img":"https://fd13-photos.leclercdrive.fr/image.ashx?id=2770620&use=l&cat=p&typeid=i","cat":284265},{"id":155714,"n":"Déboucheur Gel Destop  Spécial Cheveux - 1L","p":2.53,"u":"2,53 €/L","img":"https://fd13-photos.leclercdrive.fr/image.ashx?id=2625388&use=l&cat=p&typeid=i","cat":284908},{"id":155717,"n":"Sauce apéritif  Doritos Goût salsa douce -280g","p":2.21,"u":"7,89 €/KG","img":"https://fd13-photos.leclercdrive.fr/image.ashx?id=3014476&use=l&cat=p&typeid=i","cat":284451},{"id":155770,"n":"Cuvette carrée Nelly Ficelle - 10L","p":3.99,"img":"https://fd13-photos.leclercdrive.fr/image.ashx?id=2132220&use=l&cat=p&typeid=i","cat":335909},{"id":155771,"n":"Cuvette ronde ficelle Homeside 10L - 1 pièce","p":3.25,"img":"https://fd13-photos.leclercdrive.fr/image.ashx?id=2132223&use=l&cat=p&typeid=i","cat":335909},{"id":155772,"n":"Spray Détachant à Sec Vanish  500ml","p":4.92,"u":"9,84 €/L","img":"https://fd13-photos.leclercdrive.fr/image.ashx?id=2680410&use=l&cat=p&typeid=i","cat":284651},{"id":155776,"n":"Shampoing Le Petit Marseillais  Calendula & coco - 250ml","p":2.03,"u":"8,12 €/L","img":"https://fd13-photos.leclercdrive.fr/image.ashx?id=2684173&use=l&cat=p&typeid=i","cat":284606},{"id":155812,"n":"AOC Vin rosé Esprit du Rhône Côtes du Rhône - 75 cl","p":4.9,"u":"6,53 €/L","img":"https://fd13-photos.leclercdrive.fr/image.ashx?id=2191002&use=l&cat=p&typeid=i","cat":289558},{"id":155816,"n":"Compote avec morceaux Andros Framboise - 4x100g","p":2.57,"u":"6,43 €/KG","img":"https://fd13-photos.leclercdrive.fr/image.ashx?id=2908201&use=l&cat=p&typeid=i","cat":284416},{"id":155819,"n":"Yaourt brassé Perle de Lait Saveur Amande - 4x125g","p":2.07,"u":"4,14 €/KG","img":"https://fd13-photos.leclercdrive.fr/image.ashx?id=2939655&use=l&cat=p&typeid=i","cat":286006},{"id":155820,"n":"Salade Batavia verte 1p","p":0.99,"img":"https://fd13-photos.leclercdrive.fr/image.ashx?id=1633577&use=l&cat=p&typeid=i","cat":284352},{"id":155821,"n":"Chou romanesco 1p","p":3.5,"img":"https://fd13-photos.leclercdrive.fr/image.ashx?id=1631949&use=l&cat=p&typeid=i","cat":284352},{"id":155828,"n":"Chou rouge 1p","p":1.99,"img":"https://fd13-photos.leclercdrive.fr/image.ashx?id=560850&use=l&cat=p&typeid=i","cat":284352},{"id":155877,"n":"Riz risotto Gallo Tradition 500g","p":2.6,"u":"5,20 €/KG","img":"https://fd13-photos.leclercdrive.fr/image.ashx?id=2113355&use=l&cat=p&typeid=i","cat":284428},{"id":155900,"n":"Boisson aux Fruits Jafun Tropical - 10x20cl","p":3.2,"u":"1,60 €/L","img":"https://fd13-photos.leclercdrive.fr/image.ashx?id=2992567&use=l&cat=p&typeid=i","cat":295018},{"id":155904,"n":"Cure-dents Homeside x120","p":0.4,"img":"https://fd13-photos.leclercdrive.fr/image.ashx?id=2118069&use=l&cat=p&typeid=i","cat":334135},{"id":155905,"n":"Ciseaux classic universel Orange droitier - 21cm","p":16.9,"img":"https://fd13-photos.leclercdrive.fr/image.ashx?id=2736853&use=l&cat=p&typeid=i","cat":334135},{"id":155907,"n":"Spatule pâtisserie Manche en bois - x1","p":2.5,"img":"https://fd13-photos.leclercdrive.fr/image.ashx?id=2118063&use=l&cat=p&typeid=i","cat":334135},{"id":155908,"n":"Passoire sur pied x1","p":4.5,"img":"https://fd13-photos.leclercdrive.fr/image.ashx?id=2118105&use=l&cat=p&typeid=i","cat":334135},{"id":155912,"n":"Ficelle sur carte dévidoir 60m - x1","p":2.0,"img":"https://fd13-photos.leclercdrive.fr/image.ashx?id=2118093&use=l&cat=p&typeid=i","cat":334135},{"id":155913,"n":"Brochette 15cm x75","p":0.67,"img":"https://fd13-photos.leclercdrive.fr/image.ashx?id=2118066&use=l&cat=p&typeid=i","cat":334135},{"id":155914,"n":"Spatule trendy x1","p":3.9,"img":"https://fd13-photos.leclercdrive.fr/image.ashx?id=2118102&use=l&cat=p&typeid=i","cat":334135},{"id":155916,"n":"Eplucheur trendy x1","p":3.5,"img":"https://fd13-photos.leclercdrive.fr/image.ashx?id=2118099&use=l&cat=p&typeid=i","cat":334135},{"id":155917,"n":"Bol pâtissier inox x1","p":6.9,"img":"https://fd13-photos.leclercdrive.fr/image.ashx?id=2118078&use=l&cat=p&typeid=i","cat":334135},{"id":155919,"n":"Sauteuse 24cm Tefal tous feux sauf induction x1","p":28.9,"img":"https://fd13-photos.leclercdrive.fr/image.ashx?id=2112767&use=l&cat=p&typeid=i","cat":298490},{"id":155923,"n":"Gourde double paroi inox 500ml","p":7.9,"img":"https://fd13-photos.leclercdrive.fr/image.ashx?id=2118144&use=l&cat=p&typeid=i","cat":284710},{"id":155924,"n":"Gourde en verre avec housse 310ml","p":3.9,"img":"https://fd13-photos.leclercdrive.fr/image.ashx?id=2118147&use=l&cat=p&typeid=i","cat":284710},{"id":155956,"n":"Poubelle boule blanc 5.5L","p":3.47,"img":"https://fd13-photos.leclercdrive.fr/image.ashx?id=2118012&use=l&cat=p&typeid=i","cat":335909},{"id":155983,"n":"Manique de cuisine cotin Couleur aléatoire - x1","p":1.47,"img":"https://fd13-photos.leclercdrive.fr/image.ashx?id=2118087&use=l&cat=p&typeid=i","cat":334135},{"id":155986,"n":"Moule à tarte Pyrex 31cm Bake and enjoy x1","p":11.9,"img":"https://fd13-photos.leclercdrive.fr/image.ashx?id=2658045&use=l&cat=p&typeid=i","cat":298490},{"id":155987,"n":"Plat à four rectangulaire Pyrex 39x25cm","p":20.9,"img":"https://fd13-photos.leclercdrive.fr/image.ashx?id=2657493&use=l&cat=p&typeid=i","cat":298490},{"id":156013,"n":"Soba nouilles Sautées poulet 110g","p":1.68,"u":"15,27 €/KG","img":"https://fd13-photos.leclercdrive.fr/image.ashx?id=2433524&use=l&cat=p&typeid=i","cat":288992},{"id":156020,"n":"Soda Sprite Canette - 6x33cl","p":3.51,"u":"1,77 €/L","img":"https://fd13-photos.leclercdrive.fr/image.ashx?id=2973994&use=l&cat=p&typeid=i","cat":284531},{"id":156028,"n":"Sucre Poudre Daddy Extra Fin profil pack 750g","p":1.86,"u":"2,48 €/KG","img":"https://fd13-photos.leclercdrive.fr/image.ashx?id=2936074&use=l&cat=p&typeid=i","cat":284502},{"id":156067,"n":"Soda Coca-Cola Canette - 6x33cl","p":4.21,"u":"2,13 €/L","img":"https://fd13-photos.leclercdrive.fr/image.ashx?id=2997229&use=l&cat=p&typeid=i","cat":284530},{"id":156106,"n":"Cassoulet Maison Rivière Toulousain au porc - 840g","p":4.83,"u":"5,75 €/KG","img":"https://fd13-photos.leclercdrive.fr/image.ashx?id=2734228&use=l&cat=p&typeid=i","cat":284440},{"id":156112,"n":"Oeufs au sol Paroles d'Eleveurs x12","p":3.02,"u":"0,25 €/P","img":"https://fd13-photos.leclercdrive.fr/image.ashx?id=2506026&use=l&cat=p&typeid=i","cat":284378},{"id":156117,"n":"Crème UHT Elle&Vire Fluide Légère - 12% MG - 1L","p":4.94,"u":"4,94 €/L","img":"https://fd13-photos.leclercdrive.fr/image.ashx?id=2832098&use=l&cat=p&typeid=i","cat":284381},{"id":156135,"n":"Soda Coca-Cola canettes 12x33cl","p":8.29,"u":"2,09 €/L","img":"https://fd13-photos.leclercdrive.fr/image.ashx?id=2192940&use=l&cat=p&typeid=i","cat":284530},{"id":156138,"n":"Soda Coca-Cola Original Canettes - 20x33cl","p":13.75,"u":"2,08 €/L","img":"https://fd13-photos.leclercdrive.fr/image.ashx?id=2846766&use=l&cat=p&typeid=i","cat":284530},{"id":156139,"n":"Soda Coca-Cola - SANS SUCRES Canettes - 20x33cl","p":11.11,"u":"1,68 €/L","img":"https://fd13-photos.leclercdrive.fr/image.ashx?id=2174513&use=l&cat=p&typeid=i","cat":284530},{"id":156140,"n":"Soda Fanta Mangue fruit du dragon canettes - 6x33cl","p":3.15,"u":"1,59 €/L","img":"https://fd13-photos.leclercdrive.fr/image.ashx?id=2996118&use=l&cat=p&typeid=i","cat":284532},{"id":156141,"n":"Soda Fanta citron frappé canettes - 6x33cl","p":3.15,"u":"1,59 €/L","img":"https://fd13-photos.leclercdrive.fr/image.ashx?id=2660212&use=l&cat=p&typeid=i","cat":284532},{"id":156144,"n":"Boisson énergisante Monster Ultra Paradise - 50cl","p":1.68,"u":"3,36 €/L","img":"https://fd13-photos.leclercdrive.fr/image.ashx?id=2681457&use=l&cat=p&typeid=i","cat":284533},{"id":156145,"n":"Thé glacé Fuze tea Saveur pêche - 1,75L","p":1.93,"u":"1,10 €/L","img":"https://fd13-photos.leclercdrive.fr/image.ashx?id=2944395&use=l&cat=p&typeid=i","cat":295019},{"id":156151,"n":"Cônes Extrême Sundae Caramel - 438g","p":3.63,"u":"8,29 €/KG","img":"https://fd13-photos.leclercdrive.fr/image.ashx?id=2844034&use=l&cat=p&typeid=i","cat":284264},{"id":156156,"n":"Fromage enfant Kiri crème 8 portions à tartiner - 144g","p":2.09,"u":"0,26 €/P","img":"https://fd13-photos.leclercdrive.fr/image.ashx?id=2973562&use=l&cat=p&typeid=i","cat":314030},{"id":156165,"n":"Sauce bolognaise Bolo Balls 400g","p":2.64,"u":"6,60 €/KG","img":"https://fd13-photos.leclercdrive.fr/image.ashx?id=2918571&use=l&cat=p&typeid=i","cat":287599},{"id":156174,"n":"Biscuits fourrés BN Framboise - 285g","p":1.42,"u":"4,98 €/KG","img":"https://fd13-photos.leclercdrive.fr/image.ashx?id=2474999&use=l&cat=p&typeid=i","cat":284489},{"id":156175,"n":"Doomino St Michel Chocolat - x6","p":1.94,"u":"10,78 €/KG","img":"https://fd13-photos.leclercdrive.fr/image.ashx?id=2949979&use=l&cat=p&typeid=i","cat":284495},{"id":156188,"n":"Préparation Flan Pâtissier alsa Vanille - 740g","p":2.95,"u":"3,99 €/KG","img":"https://fd13-photos.leclercdrive.fr/image.ashx?id=2790591&use=l&cat=p&typeid=i","cat":284505},{"id":156193,"n":"Farine blé T45 Francine 750g","p":1.33,"u":"1,77 €/KG","img":"https://fd13-photos.leclercdrive.fr/image.ashx?id=2989141&use=l&cat=p&typeid=i","cat":284503},{"id":156198,"n":"Bière blonde Tripel Karmeliet 8,4% - 6x33cl","p":11.44,"u":"5,78 €/L","img":"https://fd13-photos.leclercdrive.fr/image.ashx?id=2675586&use=l&cat=p&typeid=i","cat":334872},{"id":156199,"n":"Bière ambrée Kwak 8,4° - 6x33cl","p":11.65,"u":"5,88 €/L","img":"https://fd13-photos.leclercdrive.fr/image.ashx?id=2677504&use=l&cat=p&typeid=i","cat":334872},{"id":156209,"n":"AOP Vin rouge Sangre de Toro 75cl","p":7.9,"u":"10,53 €/L","img":"https://fd13-photos.leclercdrive.fr/image.ashx?id=2439998&use=l&cat=p&typeid=i","cat":289556},{"id":156223,"n":"Croquette Truite One Sterilcat Indoor formula","p":14.19,"u":"4,73 €/KG","img":"https://fd13-photos.leclercdrive.fr/image.ashx?id=2488076&use=l&cat=p&typeid=i","cat":284680},{"id":156226,"n":"Croquette chat Purina One Dual Nature cranberry 1,4kg","p":6.91,"u":"4,94 €/KG","img":"https://fd13-photos.leclercdrive.fr/image.ashx?id=2868155&use=l&cat=p&typeid=i","cat":284680},{"id":156271,"n":"Smarties Hexatube Bonbons Chocolat - 6x34g","p":2.78,"u":"13,63 €/KG","img":"https://fd13-photos.leclercdrive.fr/image.ashx?id=2917690&use=l&cat=p&typeid=i","cat":304238},{"id":156299,"n":"Yaourt à la grecque YAOS  Vanille - 8x125g","p":3.91,"u":"3,91 €/KG","img":"https://fd13-photos.leclercdrive.fr/image.ashx?id=3007942&use=l&cat=p&typeid=i","cat":314999},{"id":156339,"n":"Café solubleL'Or Classique Sticks - 235g","p":6.72,"u":"46,67 €/KG","img":"https://fd13-photos.leclercdrive.fr/image.ashx?id=2115929&use=l&cat=p&typeid=i","cat":284843},{"id":156342,"n":"Fromage le Coq  125g","p":2.86,"u":"22,88 €/KG","img":"https://fd13-photos.leclercdrive.fr/image.ashx?id=2985315&use=l&cat=p&typeid=i","cat":314032},{"id":156343,"n":"Abondance AOP NRT L'Atelier Fromagerie - 150g","p":3.2,"u":"21,33 €/KG","img":"https://fd13-photos.leclercdrive.fr/image.ashx?id=2123907&use=l&cat=p&typeid=i","cat":314036},{"id":156344,"n":"Fromage Beaufort AOP L'Atelier Fromagerie - 150g","p":4.49,"u":"29,93 €/KG","img":"https://fd13-photos.leclercdrive.fr/image.ashx?id=2120472&use=l&cat=p&typeid=i","cat":327294},{"id":156345,"n":"Fromage Bleu de Laqueuille L'Atelier Fromagerie - 150g","p":2.4,"u":"16,00 €/KG","img":"https://fd13-photos.leclercdrive.fr/image.ashx?id=2130002&use=l&cat=p&typeid=i","cat":327294},{"id":156346,"n":"Pointe Brie de Meaux AOP L'Atelier Fromagerie - 200g","p":3.19,"u":"15,95 €/KG","img":"https://fd13-photos.leclercdrive.fr/image.ashx?id=2123910&use=l&cat=p&typeid=i","cat":314036},{"id":156347,"n":"Pointe de Melun AOP L'Atelier Fromagerie - 185g","p":4.25,"u":"22,97 €/KG","img":"https://fd13-photos.leclercdrive.fr/image.ashx?id=2124128&use=l&cat=p&typeid=i","cat":314036},{"id":156348,"n":"Cantal Entre deux AOP NRT L'Atelier Fromagerie - 200g","p":3.5,"u":"17,50 €/KG","img":"https://fd13-photos.leclercdrive.fr/image.ashx?id=2398788&use=l&cat=p&typeid=i","cat":327294},{"id":156351,"n":"Coulommiers 3/4 affiné L'Atelier Fromagerie - 250g","p":3.95,"u":"15,80 €/KG","img":"https://fd13-photos.leclercdrive.fr/image.ashx?id=2546156&use=l&cat=p&typeid=i","cat":314036},{"id":156353,"n":"Rocamadour fermier AOP L'Atelier Fromagerie - 2x35g","p":2.5,"u":"35,71 €/KG","img":"https://fd13-photos.leclercdrive.fr/image.ashx?id=2697471&use=l&cat=p&typeid=i","cat":314036},{"id":156354,"n":"Saint Nectaire laitier AOP L'Atelier Fromagerie - 300g","p":4.7,"u":"15,67 €/KG","img":"https://fd13-photos.leclercdrive.fr/image.ashx?id=2115917&use=l&cat=p&typeid=i","cat":329184},{"id":156355,"n":"Grana padano 20 mois AOP L'Atelier Fromagerie - 180g","p":3.99,"u":"22,17 €/KG","img":"https://fd13-photos.leclercdrive.fr/image.ashx?id=2817178&use=l&cat=p&typeid=i","cat":314036},{"id":156397,"n":"Glaces Ferrero Rocher x4 chocolat lait noisettes - 200g","p":3.42,"img":"https://fd13-photos.leclercdrive.fr/image.ashx?id=2759065&use=l&cat=p&typeid=i","cat":284265},{"id":156412,"n":"Glaces Nui Caramel White chocolate & Texan pecan x4 264g","p":4.42,"u":"16,74 €/KG","img":"https://fd13-photos.leclercdrive.fr/image.ashx?id=2519900&use=l&cat=p&typeid=i","cat":284265},{"id":156415,"n":"Bâtonnet Raffaello  Noix de coco amandes x4 - 188g","p":3.5,"u":"18,62 €/KG","img":"https://fd13-photos.leclercdrive.fr/image.ashx?id=2863890&use=l&cat=p&typeid=i","cat":284265},{"id":156465,"n":"AOC Muscadet blanc Plessis Duval - 3L","p":14.2,"u":"4,73 €/L","img":"https://fd13-photos.leclercdrive.fr/image.ashx?id=2941023&use=l&cat=p&typeid=i","cat":289557},{"id":156466,"n":"Gel douche corps et cheveux Reine des Neiges II - 300ml","p":1.78,"u":"5,93 €/L","img":"https://fd13-photos.leclercdrive.fr/image.ashx?id=2649184&use=l&cat=p&typeid=i","cat":284594},{"id":156468,"n":"Gel douche corps et cheveux Spiderman - 300ml","p":2.13,"u":"7,10 €/L","img":"https://fd13-photos.leclercdrive.fr/image.ashx?id=2650648&use=l&cat=p&typeid=i","cat":284594},{"id":156472,"n":"Gel douche corps et cheveux Vaiana bain moussant - 500ml","p":2.98,"u":"5,96 €/L","img":"https://fd13-photos.leclercdrive.fr/image.ashx?id=2650306&use=l&cat=p&typeid=i","cat":284594},{"id":156476,"n":"Fromage Feta Grecque Islos AOP - 150g","p":2.79,"u":"18,60 €/KG","img":"https://fd13-photos.leclercdrive.fr/image.ashx?id=2892625&use=l&cat=p&typeid=i","cat":314026},{"id":156493,"n":"Petit pot bébé Blédina 6 mois  Légumes bœuf - 2x200g","p":2.0,"u":"5,00 €/KG","img":"https://fd13-photos.leclercdrive.fr/image.ashx?id=2968091&use=l&cat=p&typeid=i","cat":312236},{"id":156496,"n":"Petit pot bébé Blédina 6 mois Potimarron jambon - 2x200g","p":2.0,"u":"5,00 €/KG","img":"https://fd13-photos.leclercdrive.fr/image.ashx?id=2935768&use=l&cat=p&typeid=i","cat":312236},{"id":156497,"n":"Petit pot bébé Blédina 8 mois Riz ratatouille poisson -2x200g","p":1.96,"u":"4,90 €/KG","img":"https://fd13-photos.leclercdrive.fr/image.ashx?id=2911208&use=l&cat=p&typeid=i","cat":312236},{"id":156499,"n":"Petit pot bébé Blédina 8 mois Légumes poulet - 2x200g","p":2.02,"u":"5,05 €/KG","img":"https://fd13-photos.leclercdrive.fr/image.ashx?id=2935765&use=l&cat=p&typeid=i","cat":312236},{"id":156501,"n":"Petit pot bébé Blédina 6 mois Légumes jambon - 2x200g","p":1.99,"u":"4,98 €/KG","img":"https://fd13-photos.leclercdrive.fr/image.ashx?id=2948767&use=l&cat=p&typeid=i","cat":312236},{"id":156527,"n":"Capsules Starbucks by Nespresso  Blonde Espresso Int 6 - x18","p":6.05,"u":"64,36 €/KG","img":"https://fd13-photos.leclercdrive.fr/image.ashx?id=2668177&use=l&cat=p&typeid=i","cat":284749},{"id":156528,"n":"Petit pot bébé Blédina 4-6 mois Carotte - 2x130g","p":1.24,"u":"4,77 €/KG","img":"https://fd13-photos.leclercdrive.fr/image.ashx?id=2911870&use=l&cat=p&typeid=i","cat":312234},{"id":156538,"n":"Compote bébé Blédina 6 mois  Aux fruits - 4x130g","p":2.44,"u":"4,69 €/KG","img":"https://fd13-photos.leclercdrive.fr/image.ashx?id=2911196&use=l&cat=p&typeid=i","cat":312388},{"id":156539,"n":"Petit pot bébé Blédina 6 mois Semoule carotte dinde - 2x200g","p":1.99,"u":"4,98 €/KG","img":"https://fd13-photos.leclercdrive.fr/image.ashx?id=2935774&use=l&cat=p&typeid=i","cat":312236},{"id":156540,"n":"Petit pot bébé Blédina 6 mois Patate douce carotte-2x200g","p":1.79,"u":"4,48 €/KG","img":"https://fd13-photos.leclercdrive.fr/image.ashx?id=2951617&use=l&cat=p&typeid=i","cat":312235},{"id":156550,"n":"Petites Tartelettes Bonne Maman Chocolat caramel - 250g","p":2.44,"u":"9,76 €/KG","img":"https://fd13-photos.leclercdrive.fr/image.ashx?id=2962302&use=l&cat=p&typeid=i","cat":284488},{"id":156553,"n":"Madeleine coeur myrtille x10 sachets fraîcheur","p":3.3,"u":"11,00 €/KG","img":"https://fd13-photos.leclercdrive.fr/image.ashx?id=2936254&use=l&cat=p&typeid=i","cat":284492},{"id":156563,"n":"Petit pot bébé Blédina 6 mois Purée carotte jambon - 2x200g","p":1.99,"u":"4,98 €/KG","img":"https://fd13-photos.leclercdrive.fr/image.ashx?id=2935762&use=l&cat=p&typeid=i","cat":312236},{"id":156565,"n":"Litière chats Tous mes Amis Minérale parfumée - 8L","p":2.48,"u":"0,31 €/L","img":"https://fd13-photos.leclercdrive.fr/image.ashx?id=2120905&use=l&cat=p&typeid=i","cat":284683},{"id":156598,"n":"Biscuits fourrés bio Jardin Bio Chocolat - 300g","p":2.17,"u":"7,23 €/KG","img":"https://fd13-photos.leclercdrive.fr/image.ashx?id=2903353&use=l&cat=p&typeid=i","cat":284488},{"id":156605,"n":"Thon Entier MSC Petit Navire huile d'olive vierge 2x80g","p":4.18,"u":"26,13 €/KG","img":"https://fd13-photos.leclercdrive.fr/image.ashx?id=2319454&use=l&cat=p&typeid=i","cat":303867},{"id":156633,"n":"Yaourt fruit rouges NRT Cassis Fraise Myrtille - 6x125g","p":2.93,"u":"3,91 €/KG","img":"https://fd13-photos.leclercdrive.fr/image.ashx?id=2920812&use=l&cat=p&typeid=i","cat":286006},{"id":156638,"n":"Emincés de truites fumé ASC Ronde des Mers - 100g","p":4.39,"u":"43,90 €/KG","img":"https://fd13-photos.leclercdrive.fr/image.ashx?id=2953638&use=l&cat=p&typeid=i","cat":285188},{"id":156647,"n":"Compote Pom'Potes Pomme  brugnon banane - 64x90g","p":28.39,"pp":20.38,"u":"3,54 €/KG","img":"https://fd13-photos.leclercdrive.fr/image.ashx?id=2254574&use=l&cat=p&typeid=i","cat":284508},{"id":157611,"n":"Bière blonde La Bête 8° - 75cl","p":4.28,"u":"5,71 €/L","img":"https://fd13-photos.leclercdrive.fr/image.ashx?id=3011242&use=l&cat=p&typeid=i","cat":334872},{"id":157628,"n":"Crème corps Mixa  Peaux Sèches, Sensibles - 400ml","p":4.6,"u":"11,50 €/L","img":"https://fd13-photos.leclercdrive.fr/image.ashx?id=2338432&use=l&cat=p&typeid=i","cat":325350},{"id":157655,"n":"Crème main Le Petit Marseillais Réparation - Karité - 75ml","p":2.03,"u":"27,07 €/L","img":"https://fd13-photos.leclercdrive.fr/image.ashx?id=2901893&use=l&cat=p&typeid=i","cat":325354},{"id":157737,"n":"Lingettes Démaquillantes Nivea Peaux Sèches - x20","p":2.34,"u":"0,12 €/P","img":"https://fd13-photos.leclercdrive.fr/image.ashx?id=3005227&use=l&cat=p&typeid=i","cat":284603},{"id":157777,"n":"Lave glace hiver TECH9 -30° - Dégivrant - 5L","p":6.99,"u":"1,40 €/L","img":"https://fd13-photos.leclercdrive.fr/image.ashx?id=2162702&use=l&cat=p&typeid=i","cat":298252},{"id":157778,"n":"Fromage de brebis Lou Pérac 6 tranches - 120g","p":3.35,"u":"27,92 €/KG","img":"https://fd13-photos.leclercdrive.fr/image.ashx?id=2758843&use=l&cat=p&typeid=i","cat":314028},{"id":157960,"n":"Infusion minceur Bio Village Bio - x20 - 30g","p":1.55,"u":"51,67 €/KG","img":"https://fd13-photos.leclercdrive.fr/image.ashx?id=2553935&use=l&cat=p&typeid=i","cat":293234},{"id":157968,"n":"Capsules café Plantation Espresso Caramel n°7- x10 - 52g","p":2.4,"u":"46,15 €/KG","img":"https://fd13-photos.leclercdrive.fr/image.ashx?id=2929882&use=l&cat=p&typeid=i","cat":284749},{"id":157973,"n":"Capsules café Plantation Lungo Forte n°8 - x10 - 52g","p":2.24,"u":"43,08 €/KG","img":"https://fd13-photos.leclercdrive.fr/image.ashx?id=2867266&use=l&cat=p&typeid=i","cat":284749},{"id":158136,"n":"Jus multifruits nectar Jafaden Sans sucres ajoutés - 1L","p":1.79,"u":"1,79 €/L","img":"https://fd13-photos.leclercdrive.fr/image.ashx?id=2956780&use=l&cat=p&typeid=i","cat":284917},{"id":158145,"n":"Bière agrumes Desperados Virgin 0%vol - 6x33cl","p":7.35,"u":"3,71 €/L","img":"https://fd13-photos.leclercdrive.fr/image.ashx?id=2767519&use=l&cat=p&typeid=i","cat":334877},{"id":158181,"n":"Gel Douche Le Petit Marseillais  Bio peche & nectarine-250ml","p":2.41,"u":"9,64 €/L","img":"https://fd13-photos.leclercdrive.fr/image.ashx?id=2685141&use=l&cat=p&typeid=i","cat":284594},{"id":158220,"n":"Rhum Havana Club 3 ans 37,5% vol - 70cl","p":16.34,"u":"23,34 €/L","img":"https://fd13-photos.leclercdrive.fr/image.ashx?id=2874096&use=l&cat=p&typeid=i","cat":284550},{"id":158255,"n":"Serum visage La Provençale Bio Anti-âge - 30ml","p":12.45,"u":"415,00 €/L","img":"https://fd13-photos.leclercdrive.fr/image.ashx?id=2971155&use=l&cat=p&typeid=i","cat":325345},{"id":158285,"n":"Glace Ben & Jerry's Mini pots Cool-loction 4x100ml","p":6.29,"u":"21,84 €/KG","img":"https://fd13-photos.leclercdrive.fr/image.ashx?id=3009278&use=l&cat=p&typeid=i","cat":284725},{"id":158329,"n":"Gel Douche Le Petit Marseillais  Bio amande douce - 250ml","p":2.54,"u":"10,16 €/L","img":"https://fd13-photos.leclercdrive.fr/image.ashx?id=2685144&use=l&cat=p&typeid=i","cat":284594},{"id":158352,"n":"Gel Douche Le Petit Marseillais Bio Recharge Amande - 250ml","p":1.77,"u":"7,08 €/L","img":"https://fd13-photos.leclercdrive.fr/image.ashx?id=2128914&use=l&cat=p&typeid=i","cat":284594},{"id":158363,"n":"Crème Douche Surgras Bio Cadum Karité - 500ml","p":2.14,"u":"4,28 €/L","img":"https://fd13-photos.leclercdrive.fr/image.ashx?id=2575630&use=l&cat=p&typeid=i","cat":284594},{"id":158374,"n":"Shampoing Le Petit Marseillais  Thym & the vert - 250ml","p":2.06,"u":"8,24 €/L","img":"https://fd13-photos.leclercdrive.fr/image.ashx?id=2684176&use=l&cat=p&typeid=i","cat":284606},{"id":158569,"n":"Blanc de poulet Tradilège Sans nitrite - 4 Tranches 120g","p":1.45,"u":"12,08 €/KG","img":"https://fd13-photos.leclercdrive.fr/image.ashx?id=2970480&use=l&cat=p&typeid=i","cat":316010},{"id":158571,"n":"Plat bébé Blédina 8 mois  Pâtes tomate boeuf - 2x200g","p":2.59,"u":"6,48 €/KG","img":"https://fd13-photos.leclercdrive.fr/image.ashx?id=2975092&use=l&cat=p&typeid=i","cat":312236},{"id":158575,"n":"Single malt Scotch Glenfiddich Tripple Oak 40%vol - 70cl 12ans","p":33.08,"u":"47,26 €/L","img":"https://fd13-photos.leclercdrive.fr/image.ashx?id=2131596&use=l&cat=p&typeid=i","cat":284547},{"id":158579,"n":"Miel L'abeille de Bourgogne 500g","p":10.95,"u":"21,90 €/KG","img":"https://fd13-photos.leclercdrive.fr/image.ashx?id=2707876&use=l&cat=p&typeid=i","cat":287643},{"id":158588,"n":"Vin de France rouge Merlot Cabernet Sauvign.Cambras BIB 5L","p":12.8,"u":"2,56 €/L","img":"https://fd13-photos.leclercdrive.fr/image.ashx?id=2694587&use=l&cat=p&typeid=i","cat":289556},{"id":158597,"n":"Sirop orgeat  La Maison Guiot Bio - 50cl","p":2.99,"u":"5,98 €/L","img":"https://fd13-photos.leclercdrive.fr/image.ashx?id=2857159&use=l&cat=p&typeid=i","cat":295020},{"id":158621,"n":"Soda Schweppes Ginger Beer - 1L","p":1.84,"u":"1,84 €/L","img":"https://fd13-photos.leclercdrive.fr/image.ashx?id=2876233&use=l&cat=p&typeid=i","cat":284532},{"id":158691,"n":"Sacs poubelle 30L Alfapac Maxi poids - x20","p":2.76,"u":"0,14 €/P","img":"https://fd13-photos.leclercdrive.fr/image.ashx?id=2526893&use=l&cat=p&typeid=i","cat":285168},{"id":158715,"n":"Doomino St Michel Choco Noisette x6 - 180g","p":1.72,"u":"9,56 €/KG","img":"https://fd13-photos.leclercdrive.fr/image.ashx?id=2953495&use=l&cat=p&typeid=i","cat":284495},{"id":158779,"n":"Céréales Fitness  Chocolat au lait - 450g","p":3.42,"u":"7,60 €/KG","img":"https://fd13-photos.leclercdrive.fr/image.ashx?id=2922167&use=l&cat=p&typeid=i","cat":309512},{"id":158787,"n":"Petit pot bébé Blédina 6 mois Légume viande poisson - 8x200g","p":7.51,"u":"4,69 €/KG","img":"https://fd13-photos.leclercdrive.fr/image.ashx?id=2948773&use=l&cat=p&typeid=i","cat":312236},{"id":158788,"n":"Noisette décortiquée Vahiné 125g","p":3.27,"u":"26,16 €/KG","img":"https://fd13-photos.leclercdrive.fr/image.ashx?id=2559814&use=l&cat=p&typeid=i","cat":284504},{"id":158789,"n":"Levure boulanger Vahiné x6 - 48g","p":1.02,"u":"21,25 €/KG","img":"https://fd13-photos.leclercdrive.fr/image.ashx?id=2559793&use=l&cat=p&typeid=i","cat":294686},{"id":158791,"n":"Poivre noir grain Ducros 200g - n°6","p":7.92,"u":"39,60 €/KG","img":"https://fd13-photos.leclercdrive.fr/image.ashx?id=2486599&use=l&cat=p&typeid=i","cat":284457},{"id":158803,"n":"Rotella Haribo Sachet bonbons réglisse - 300g","p":1.38,"u":"4,60 €/KG","img":"https://fd13-photos.leclercdrive.fr/image.ashx?id=2982402&use=l&cat=p&typeid=i","cat":304250},{"id":158805,"n":"Quinoa gourmand Tipiak Aux épices douces 240g","p":2.66,"u":"11,08 €/KG","img":"https://fd13-photos.leclercdrive.fr/image.ashx?id=2947054&use=l&cat=p&typeid=i","cat":284429},{"id":158812,"n":"Nappage framboise Vahiné 155g","p":2.3,"u":"14,84 €/KG","img":"https://fd13-photos.leclercdrive.fr/image.ashx?id=2805267&use=l&cat=p&typeid=i","cat":284504},{"id":158837,"n":"Céréales Chocapic Nestlé Pack 6x30g","p":2.68,"u":"14,89 €/KG","img":"https://fd13-photos.leclercdrive.fr/image.ashx?id=2995436&use=l&cat=p&typeid=i","cat":309513},{"id":158891,"n":"Boisson aux fruits Jafun Tropical - 1L","p":1.19,"u":"1,19 €/L","img":"https://fd13-photos.leclercdrive.fr/image.ashx?id=2913763&use=l&cat=p&typeid=i","cat":295018},{"id":158960,"n":"Oignons frits 50g","p":1.8,"u":"36,00 €/KG","img":"https://fd13-photos.leclercdrive.fr/image.ashx?id=2284523&use=l&cat=p&typeid=i","cat":298297},{"id":158966,"n":"Rainbow Pik Haribo  Sachet bonbons acidulés - 200g","p":1.5,"u":"7,50 €/KG","img":"https://fd13-photos.leclercdrive.fr/image.ashx?id=2982408&use=l&cat=p&typeid=i","cat":304250},{"id":158970,"n":"Sauce Tomacouli Panzani - 200G","p":0.84,"u":"4,20 €/KG","img":"https://fd13-photos.leclercdrive.fr/image.ashx?id=2872853&use=l&cat=p&typeid=i","cat":288384},{"id":159041,"n":"Huile d'olive vierge extra bio Intense - Terra Delyssa - 75cl","p":14.39,"u":"19,19 €/L","img":"https://fd13-photos.leclercdrive.fr/image.ashx?id=2173760&use=l&cat=p&typeid=i","cat":284453},{"id":159081,"n":"Rhum Havana Club Especial 37,5% vol - 70cl","p":18.7,"u":"26,71 €/L","img":"https://fd13-photos.leclercdrive.fr/image.ashx?id=2961311&use=l&cat=p&typeid=i","cat":284550},{"id":159085,"n":"Savon liquide Le Petit Olivier Fleur d'Oranger - 300ml","p":2.51,"u":"8,37 €/L","img":"https://fd13-photos.leclercdrive.fr/image.ashx?id=2683796&use=l&cat=p&typeid=i","cat":284597},{"id":159209,"n":"Lasagne Lustucru Selection  250g","p":2.27,"u":"9,08 €/KG","img":"https://fd13-photos.leclercdrive.fr/image.ashx?id=2792396&use=l&cat=p&typeid=i","cat":333682},{"id":159212,"n":"Bloc WC Bref Deluxe Magnolia  Toilettes propres - 50g x1","p":1.76,"u":"35,20 €/KG","img":"https://fd13-photos.leclercdrive.fr/image.ashx?id=2907581&use=l&cat=p&typeid=i","cat":284662},{"id":159343,"n":"Whisky Aerstone Land Cask 40d - 70cl","p":23.92,"u":"34,17 €/L","img":"https://fd13-photos.leclercdrive.fr/image.ashx?id=2834728&use=l&cat=p&typeid=i","cat":284547},{"id":159355,"n":"Whisky aerstone Sea Cask 40° - 70cl","p":24.23,"u":"34,61 €/L","img":"https://fd13-photos.leclercdrive.fr/image.ashx?id=2834725&use=l&cat=p&typeid=i","cat":284547},{"id":159359,"n":"Pommes Dauphine Findus 200g","p":1.79,"u":"8,95 €/KG","img":"https://fd13-photos.leclercdrive.fr/image.ashx?id=2985345&use=l&cat=p&typeid=i","cat":319792},{"id":159372,"n":"IGP Pays d'Oc Grenache vin rosé Vieux Carion - BIB 5L","p":11.99,"u":"2,40 €/L","img":"https://fd13-photos.leclercdrive.fr/image.ashx?id=2879946&use=l&cat=p&typeid=i","cat":289558},{"id":159394,"n":"Amandes émondées Vahiné 125g","p":3.79,"u":"30,32 €/KG","img":"https://fd13-photos.leclercdrive.fr/image.ashx?id=2606250&use=l&cat=p&typeid=i","cat":284357},{"id":159409,"n":"Amande éffilée grillée Vahiné 100g","p":4.22,"u":"42,20 €/KG","img":"https://fd13-photos.leclercdrive.fr/image.ashx?id=2387597&use=l&cat=p&typeid=i","cat":284357},{"id":159416,"n":"Thym Ducros Grand flacon - 85g","p":3.6,"u":"42,35 €/KG","img":"https://fd13-photos.leclercdrive.fr/image.ashx?id=2486557&use=l&cat=p&typeid=i","cat":298297},{"id":159423,"n":"Préparation Flan Entremets alsa Pistache - 192g","p":1.68,"u":"9,33 €/KG","img":"https://fd13-photos.leclercdrive.fr/image.ashx?id=2939181&use=l&cat=p&typeid=i","cat":284504},{"id":159448,"n":"Boisson aux fruits Jafun Pomme Cassis Framboise - 2L","p":1.49,"u":"0,75 €/L","img":"https://fd13-photos.leclercdrive.fr/image.ashx?id=2956924&use=l&cat=p&typeid=i","cat":295018},{"id":159506,"n":"Ravioli bolognaise Turini 300g","p":1.99,"u":"6,63 €/KG","img":"https://fd13-photos.leclercdrive.fr/image.ashx?id=2140151&use=l&cat=p&typeid=i","cat":333682},{"id":159522,"n":"Cremio Box Sodebo Jambon Emmental 280g","p":2.69,"u":"9,61 €/KG","img":"https://fd13-photos.leclercdrive.fr/image.ashx?id=2860196&use=l&cat=p&typeid=i","cat":334983},{"id":159627,"n":"Fromage Fol Epi  Originale 8 Tranches - 150g","p":2.2,"u":"14,67 €/KG","img":"https://fd13-photos.leclercdrive.fr/image.ashx?id=2456801&use=l&cat=p&typeid=i","cat":314028},{"id":159630,"n":"Pomme de terre Eco+ Epluchées - 1kg","p":1.95,"u":"1,95 €/KG","img":"https://fd13-photos.leclercdrive.fr/image.ashx?id=2699096&use=l&cat=p&typeid=i","cat":284352},{"id":159631,"n":"Betterave Eco+ 2x500g","p":1.44,"u":"1,44 €/KG","img":"https://fd13-photos.leclercdrive.fr/image.ashx?id=2711592&use=l&cat=p&typeid=i","cat":284352},{"id":159674,"n":"Purée Bio Carottes et Butternut Petits pots - 2x190g","p":3.05,"u":"8,03 €/KG","img":"https://fd13-photos.leclercdrive.fr/image.ashx?id=2640040&use=l&cat=p&typeid=i","cat":312235},{"id":159675,"n":"Mijoté Bio Panais Chou Saumon Purée - 2x190g","p":3.04,"u":"8,00 €/KG","img":"https://fd13-photos.leclercdrive.fr/image.ashx?id=2736106&use=l&cat=p&typeid=i","cat":312236},{"id":159695,"n":"Poudre chocolatée Nesquik Poche recharge  - 430g","p":3.08,"u":"7,16 €/KG","img":"https://fd13-photos.leclercdrive.fr/image.ashx?id=2675601&use=l&cat=p&typeid=i","cat":293235},{"id":159703,"n":"Infusion à froid Elephant Boost - x15 sachets - 34g","p":3.45,"u":"101,47 €/KG","img":"https://fd13-photos.leclercdrive.fr/image.ashx?id=2507371&use=l&cat=p&typeid=i","cat":293234},{"id":159717,"n":"Ecrasé Good Goût Colin Alaska et légumes-2x190g","p":2.9,"u":"7,63 €/KG","img":"https://fd13-photos.leclercdrive.fr/image.ashx?id=2955465&use=l&cat=p&typeid=i","cat":312236},{"id":159718,"n":"Carotte Patate douce Lentilles Bio Façon Dahl - 2x190g","p":3.04,"u":"8,00 €/KG","img":"https://fd13-photos.leclercdrive.fr/image.ashx?id=2736109&use=l&cat=p&typeid=i","cat":312235},{"id":159731,"n":"Pomme Gala Bio Good Goût Gourde - 4x85g","p":3.32,"u":"9,76 €/KG","img":"https://fd13-photos.leclercdrive.fr/image.ashx?id=2736118&use=l&cat=p&typeid=i","cat":312387},{"id":159732,"n":"Poire Williams Bio Good Goût Gourde - 4x85g","p":3.73,"u":"10,97 €/KG","img":"https://fd13-photos.leclercdrive.fr/image.ashx?id=2736121&use=l&cat=p&typeid=i","cat":312387},{"id":159733,"n":"Banane Bio Good Goût Gourde - 4x85g","p":3.65,"u":"10,74 €/KG","img":"https://fd13-photos.leclercdrive.fr/image.ashx?id=2736115&use=l&cat=p&typeid=i","cat":312387},{"id":159734,"n":"Pomme Figue Bio Good Goût Gourde - 120g","p":1.59,"u":"13,25 €/KG","img":"https://fd13-photos.leclercdrive.fr/image.ashx?id=2736082&use=l&cat=p&typeid=i","cat":312387},{"id":159735,"n":"Pomme Framboise Bio Good Goût - Gourde - 120g","p":1.59,"u":"13,25 €/KG","img":"https://fd13-photos.leclercdrive.fr/image.ashx?id=2736103&use=l&cat=p&typeid=i","cat":312387},{"id":159736,"n":"Biscuits Animaux Good Goût Bio Huile essentielles Citron 80g","p":3.18,"u":"39,75 €/KG","img":"https://fd13-photos.leclercdrive.fr/image.ashx?id=2697216&use=l&cat=p&typeid=i","cat":312227},{"id":159737,"n":"Biscuits Bio - Good Goût  10 mois  - 80g","p":3.2,"u":"40,00 €/KG","img":"https://fd13-photos.leclercdrive.fr/image.ashx?id=2697219&use=l&cat=p&typeid=i","cat":312227},{"id":159876,"n":"Shampooing Tous mes amis Insectifuge chien chat - 250ml","p":4.09,"u":"16,36 €/L","img":"https://fd13-photos.leclercdrive.fr/image.ashx?id=2162657&use=l&cat=p&typeid=i","cat":285161},{"id":159897,"n":"Fromage Enfant Kiri Crème 12 portions à tartiner - 216g","p":2.85,"u":"13,19 €/KG","img":"https://fd13-photos.leclercdrive.fr/image.ashx?id=2973565&use=l&cat=p&typeid=i","cat":314030},{"id":159903,"n":"Boisson aux fruits Jafun Tropical - 2L","p":1.75,"u":"0,88 €/L","img":"https://fd13-photos.leclercdrive.fr/image.ashx?id=2897835&use=l&cat=p&typeid=i","cat":295018},{"id":159910,"n":"Bouteille filtrante Brita Gris foncé 1 microdisc filtrant","p":22.9,"img":"https://fd13-photos.leclercdrive.fr/image.ashx?id=2878270&use=l&cat=p&typeid=i","cat":334135},{"id":159921,"n":"Céréales Jordans Country Crisp Framboises - 500g","p":3.0,"u":"6,00 €/KG","img":"https://fd13-photos.leclercdrive.fr/image.ashx?id=2966773&use=l&cat=p&typeid=i","cat":309512},{"id":159924,"n":"Céréales Jordans Granola Chocolat Noir - 400g","p":3.95,"u":"9,88 €/KG","img":"https://fd13-photos.leclercdrive.fr/image.ashx?id=2478784&use=l&cat=p&typeid=i","cat":309512},{"id":159942,"n":"Huile motoculture Beaux Jours 2t 100% synthèse - 2L","p":11.49,"u":"5,75 €/L","img":"https://fd13-photos.leclercdrive.fr/image.ashx?id=2297789&use=l&cat=p&typeid=i","cat":298253},{"id":159943,"n":"Huile motoculture Beaux Jours 2t semi-synthèse - 2L","p":10.19,"u":"5,10 €/L","img":"https://fd13-photos.leclercdrive.fr/image.ashx?id=2297792&use=l&cat=p&typeid=i","cat":298253},{"id":159945,"n":"Huile motoculture Beaux Jours 2t - 2L","p":9.49,"u":"4,75 €/L","img":"https://fd13-photos.leclercdrive.fr/image.ashx?id=2297795&use=l&cat=p&typeid=i","cat":298253},{"id":159947,"n":"Huile motoculture Beaux Jours 4t - 2L","p":7.49,"u":"3,75 €/L","img":"https://fd13-photos.leclercdrive.fr/image.ashx?id=2297798&use=l&cat=p&typeid=i","cat":298253},{"id":159949,"n":"Huile tronçonneuse Beaux Jours Biodégradable - 2L","p":12.99,"u":"6,50 €/L","img":"https://fd13-photos.leclercdrive.fr/image.ashx?id=2297801&use=l&cat=p&typeid=i","cat":298253},{"id":159951,"n":"Huile tronçonneuse Beaux Jours 5L","p":16.49,"u":"3,30 €/L","img":"https://fd13-photos.leclercdrive.fr/image.ashx?id=2297804&use=l&cat=p&typeid=i","cat":298253},{"id":159952,"n":"Chocolat noir Côte d'Or Noix de pécan & Noisettes 180g","p":3.06,"u":"17,00 €/KG","img":"https://fd13-photos.leclercdrive.fr/image.ashx?id=2145346&use=l&cat=p&typeid=i","cat":284956},{"id":159956,"n":"Huile moteur Tech 9 5W30 C3 504/507 - 5L","p":34.9,"u":"6,98 €/L","img":"https://fd13-photos.leclercdrive.fr/image.ashx?id=2148776&use=l&cat=p&typeid=i","cat":298253},{"id":159957,"n":"Huile moteur Tech 9 5W30 C4 6 2L","p":18.98,"u":"9,49 €/L","img":"https://fd13-photos.leclercdrive.fr/image.ashx?id=2162684&use=l&cat=p&typeid=i","cat":298253},{"id":159958,"n":"Huile moteur Tech 9 5W40 Diesel - 5L","p":23.5,"u":"4,70 €/L","img":"https://fd13-photos.leclercdrive.fr/image.ashx?id=2148782&use=l&cat=p&typeid=i","cat":298253},{"id":159959,"n":"Huile moteur Tech 9 5W40 Diesel - 2L","p":11.39,"u":"5,70 €/L","img":"https://fd13-photos.leclercdrive.fr/image.ashx?id=2162687&use=l&cat=p&typeid=i","cat":298253},{"id":159960,"n":"Huile moteur Tech 9 5W40 Essence - 2L","p":11.39,"u":"5,70 €/L","img":"https://fd13-photos.leclercdrive.fr/image.ashx?id=2162690&use=l&cat=p&typeid=i","cat":298253},{"id":159961,"n":"Huile moteur Tech 9 5W40 Essence - 5L","p":23.5,"u":"4,70 €/L","img":"https://fd13-photos.leclercdrive.fr/image.ashx?id=2148785&use=l&cat=p&typeid=i","cat":298253},{"id":159965,"n":"Capsules Starbucks by Nespresso  Colombia Int 7 - x18","p":6.05,"u":"59,90 €/KG","img":"https://fd13-photos.leclercdrive.fr/image.ashx?id=2668174&use=l&cat=p&typeid=i","cat":284749},{"id":159975,"n":"Huile tronçonneuse Eco + 5L","p":14.88,"u":"2,98 €/L","img":"https://fd13-photos.leclercdrive.fr/image.ashx?id=2235872&use=l&cat=p&typeid=i","cat":298253},{"id":159980,"n":"Huile moteur Tech 9 10W40 Diesel - 5L","p":18.4,"u":"3,68 €/L","img":"https://fd13-photos.leclercdrive.fr/image.ashx?id=2148767&use=l&cat=p&typeid=i","cat":298253},{"id":159981,"n":"Huile moteur Tech 9 10W40 Diesel - 2L","p":8.9,"u":"4,45 €/L","img":"https://fd13-photos.leclercdrive.fr/image.ashx?id=2193818&use=l&cat=p&typeid=i","cat":298253},{"id":159982,"n":"Huile moteur Tech 9 10W40 Essence - 2L","p":8.9,"u":"4,45 €/L","img":"https://fd13-photos.leclercdrive.fr/image.ashx?id=2162663&use=l&cat=p&typeid=i","cat":298253},{"id":159985,"n":"Huile moteur Tech 9 10W40 Essence - 5L","p":18.4,"u":"3,68 €/L","img":"https://fd13-photos.leclercdrive.fr/image.ashx?id=2148770&use=l&cat=p&typeid=i","cat":298253},{"id":159986,"n":"Huile moteur Tech 9 15W40 Diesel - 2L","p":7.98,"u":"3,99 €/L","img":"https://fd13-photos.leclercdrive.fr/image.ashx?id=2162666&use=l&cat=p&typeid=i","cat":298253},{"id":159987,"n":"Huile moteur Tech 9 15W40 Essence - 2L","p":7.98,"u":"3,99 €/L","img":"https://fd13-photos.leclercdrive.fr/image.ashx?id=2162669&use=l&cat=p&typeid=i","cat":298253},{"id":159989,"n":"Huile moteur Tech 9 15W49 Diesel - 5L","p":15.75,"u":"3,15 €/L","img":"https://fd13-photos.leclercdrive.fr/image.ashx?id=2162672&use=l&cat=p&typeid=i","cat":298253},{"id":159990,"n":"Huile moteur Tech 9 15W40 Essence - 5L","p":15.75,"u":"3,15 €/L","img":"https://fd13-photos.leclercdrive.fr/image.ashx?id=2162675&use=l&cat=p&typeid=i","cat":298253},{"id":159991,"n":"Huile moteur Tech 9 5W30 C2 - 2L","p":13.99,"u":"7,00 €/L","img":"https://fd13-photos.leclercdrive.fr/image.ashx?id=2162678&use=l&cat=p&typeid=i","cat":298253},{"id":159992,"n":"Huile moteur Tech 9 5W30 C2 - 5L","p":28.99,"u":"5,80 €/L","img":"https://fd13-photos.leclercdrive.fr/image.ashx?id=2148773&use=l&cat=p&typeid=i","cat":298253},{"id":159993,"n":"Huile moteur Tech 9 5W30 C4 - 5L","p":36.99,"u":"7,40 €/L","img":"https://fd13-photos.leclercdrive.fr/image.ashx?id=2148779&use=l&cat=p&typeid=i","cat":298253},{"id":160101,"n":"Yaourt brassé Perle de Lait Panaché - 8x125g","p":3.48,"u":"3,48 €/KG","img":"https://fd13-photos.leclercdrive.fr/image.ashx?id=2989222&use=l&cat=p&typeid=i","cat":286006},{"id":160106,"n":"Jus innocent  tutti frutti 1.5L","p":3.99,"u":"2,66 €/L","img":"https://fd13-photos.leclercdrive.fr/image.ashx?id=2907449&use=l&cat=p&typeid=i","cat":284354},{"id":160139,"n":"Desserts panaches Andros Pomme +pomme poire - 12x100g","p":3.6,"u":"3,00 €/KG","img":"https://fd13-photos.leclercdrive.fr/image.ashx?id=2968103&use=l&cat=p&typeid=i","cat":284416},{"id":160143,"n":"Dessert fruitier Andros Pomme/vanille - 4x100g","p":1.33,"u":"3,33 €/KG","img":"https://fd13-photos.leclercdrive.fr/image.ashx?id=2883937&use=l&cat=p&typeid=i","cat":284416},{"id":160145,"n":"Liegeois Andros Pomme/mangue/passion 4x100g","p":2.54,"u":"6,35 €/KG","img":"https://fd13-photos.leclercdrive.fr/image.ashx?id=2787269&use=l&cat=p&typeid=i","cat":285042},{"id":160180,"n":"AOP Bourgogne Aligoté Moillard Long du Bois - 75cl","p":7.19,"u":"9,59 €/L","img":"https://fd13-photos.leclercdrive.fr/image.ashx?id=2167877&use=l&cat=p&typeid=i","cat":289557},{"id":160189,"n":"Desserts panaches Andros 16x100g","p":4.76,"u":"2,98 €/KG","img":"https://fd13-photos.leclercdrive.fr/image.ashx?id=2883988&use=l&cat=p&typeid=i","cat":284416},{"id":160238,"n":"Nappage Fruits rouges Vahiné 155g","p":2.59,"u":"16,71 €/KG","img":"https://fd13-photos.leclercdrive.fr/image.ashx?id=2805270&use=l&cat=p&typeid=i","cat":284504},{"id":160403,"n":"Filet de poulet Maitre Coq 1kg","p":10.17,"u":"10,17 €/KG","img":"https://fd13-photos.leclercdrive.fr/image.ashx?id=2551135&use=l&cat=p&typeid=i","cat":284336},{"id":160428,"n":"Lessive liquide fraicheur Epsil 40 lavages - 2L","p":4.6,"u":"2,30 €/L","img":"https://fd13-photos.leclercdrive.fr/image.ashx?id=2602982&use=l&cat=p&typeid=i","cat":284640},{"id":160429,"n":"Lessive liquide printemps Epsil 40 Lavages - 2L","p":4.6,"u":"2,30 €/L","img":"https://fd13-photos.leclercdrive.fr/image.ashx?id=2958347&use=l&cat=p&typeid=i","cat":284640},{"id":160430,"n":"Lessive liquide sensitive Epsil 40 lavages - 2L","p":5.99,"u":"3,00 €/L","img":"https://fd13-photos.leclercdrive.fr/image.ashx?id=2838951&use=l&cat=p&typeid=i","cat":284640},{"id":160629,"n":"AOP Crémant de Bordeaux rosé Brut Malesan - 75cl","p":6.9,"pp":4.53,"u":"6,04 €/L","img":"https://fd13-photos.leclercdrive.fr/image.ashx?id=2464705&use=l&cat=p&typeid=i","cat":289558},{"id":160725,"n":"Asperges blanches Géant Vert grosses - 205g","p":3.19,"u":"15,56 €/KG","img":"https://fd13-photos.leclercdrive.fr/image.ashx?id=2840551&use=l&cat=p&typeid=i","cat":312611},{"id":160756,"n":"Papier Toilette Humide - Aloe Vera Lotus - x80","p":3.5,"u":"0,04 €/P","img":"https://fd13-photos.leclercdrive.fr/image.ashx?id=2842927&use=l&cat=p&typeid=i","cat":284634},{"id":160766,"n":"Colin A La Provençale marie 380g","p":4.55,"u":"11,97 €/KG","img":"https://fd13-photos.leclercdrive.fr/image.ashx?id=2996689&use=l&cat=p&typeid=i","cat":319788},{"id":161003,"n":"Mayonnaise Bénédicta Nature - 510g","p":2.49,"u":"4,88 €/KG","img":"https://fd13-photos.leclercdrive.fr/image.ashx?id=2548225&use=l&cat=p&typeid=i","cat":298295},{"id":161082,"n":"Café capsules DOLCE GUSTO Starbucks vanilla macchiato 2x6","p":4.39,"u":"33,26 €/KG","img":"https://fd13-photos.leclercdrive.fr/image.ashx?id=2986912&use=l&cat=p&typeid=i","cat":293239},{"id":161091,"n":"Nettoyant Ménager La Croix  Désinfectant sans Javel - 1L","p":2.25,"u":"2,25 €/L","img":"https://fd13-photos.leclercdrive.fr/image.ashx?id=2666429&use=l&cat=p&typeid=i","cat":284907},{"id":161093,"n":"Nettoyant ménager La Croix  spray cuisine sans javel- 500ml","p":2.25,"u":"4,50 €/L","img":"https://fd13-photos.leclercdrive.fr/image.ashx?id=2676918&use=l&cat=p&typeid=i","cat":325357},{"id":161117,"n":"Pizza 5 fromaggi Italpizza 520g","p":4.57,"u":"8,79 €/KG","img":"https://fd13-photos.leclercdrive.fr/image.ashx?id=2540877&use=l&cat=p&typeid=i","cat":284256},{"id":161121,"n":"Boisson aromatisée Vin rosé Pamplemousse 7.5% vol - BIB 3L","p":7.9,"u":"2,63 €/L","img":"https://fd13-photos.leclercdrive.fr/image.ashx?id=2958528&use=l&cat=p&typeid=i","cat":304569},{"id":161123,"n":"Boisson aux fruits Jafun Fraise Framboise - 2L","p":2.12,"u":"1,06 €/L","img":"https://fd13-photos.leclercdrive.fr/image.ashx?id=2865287&use=l&cat=p&typeid=i","cat":295018},{"id":161126,"n":"Boisson aux fruits Jafun Multifruits - 2L","p":1.99,"u":"1,00 €/L","img":"https://fd13-photos.leclercdrive.fr/image.ashx?id=2897832&use=l&cat=p&typeid=i","cat":295018},{"id":161130,"n":"Boissons à base de fruit Jafun Pêche Abricot - 2L","p":1.99,"u":"1,00 €/L","img":"https://fd13-photos.leclercdrive.fr/image.ashx?id=2865293&use=l&cat=p&typeid=i","cat":295018},{"id":161131,"n":"Boisson à base de fruits Jafun Pomme Kiwi - 2L","p":2.6,"u":"1,30 €/L","img":"https://fd13-photos.leclercdrive.fr/image.ashx?id=2865299&use=l&cat=p&typeid=i","cat":295018},{"id":161135,"n":"DOC Prosecco extra-dry rosé Marque Repère - 7% vol 75 cl","p":5.49,"u":"7,32 €/L","img":"https://fd13-photos.leclercdrive.fr/image.ashx?id=2977180&use=l&cat=p&typeid=i","cat":289461},{"id":161148,"n":"Capsules café Royal Expresso - x18 - 93g","p":4.95,"u":"53,23 €/KG","img":"https://fd13-photos.leclercdrive.fr/image.ashx?id=2355983&use=l&cat=p&typeid=i","cat":284749},{"id":161162,"n":"Biscuits colors P'tit Déli 150g","p":1.36,"u":"9,07 €/KG","img":"https://fd13-photos.leclercdrive.fr/image.ashx?id=2155207&use=l&cat=p&typeid=i","cat":284488},{"id":161167,"n":"Beef-Stick Vitakraft Gibier - 48g","p":1.8,"u":"37,50 €/KG","img":"https://fd13-photos.leclercdrive.fr/image.ashx?id=2859755&use=l&cat=p&typeid=i","cat":294527},{"id":161168,"n":"Beef-Stick Vitakraft Dinde - 48g","p":2.45,"u":"51,04 €/KG","img":"https://fd13-photos.leclercdrive.fr/image.ashx?id=2184323&use=l&cat=p&typeid=i","cat":294527},{"id":161410,"n":"Pains hot dog La Fournée Dorée Brioch' x6 - 270g","p":1.92,"u":"7,11 €/KG","img":"https://fd13-photos.leclercdrive.fr/image.ashx?id=2406136&use=l&cat=p&typeid=i","cat":284985},{"id":161431,"n":"Lessive liquide Briochin Bicarbonate de soude - 2,27L","p":8.29,"u":"3,65 €/L","img":"https://fd13-photos.leclercdrive.fr/image.ashx?id=3000764&use=l&cat=p&typeid=i","cat":284640},{"id":161433,"n":"Dragibus Doypack Haribo Sachet bonbons - 220g","p":1.79,"u":"8,14 €/KG","img":"https://fd13-photos.leclercdrive.fr/image.ashx?id=2984940&use=l&cat=p&typeid=i","cat":304250},{"id":161437,"n":"Happy Cola Pik Haribo Sachet bonbons acidulés - 200g","p":2.0,"u":"10,00 €/KG","img":"https://fd13-photos.leclercdrive.fr/image.ashx?id=2984928&use=l&cat=p&typeid=i","cat":304250},{"id":161483,"n":"Lait Le Petit Marseillais Hydratant désaltérant 400ml","p":4.12,"u":"10,30 €/L","img":"https://fd13-photos.leclercdrive.fr/image.ashx?id=2157175&use=l&cat=p&typeid=i","cat":325349},{"id":161575,"n":"DOC Prosecco Bio 7% vol - 75cl","p":6.49,"u":"8,65 €/L","img":"https://fd13-photos.leclercdrive.fr/image.ashx?id=2977204&use=l&cat=p&typeid=i","cat":289461},{"id":161587,"n":"AOC Vinsobres La Vinsobraise Vieilles Vignes - 75cl","p":5.95,"u":"7,93 €/L","img":"https://fd13-photos.leclercdrive.fr/image.ashx?id=2160875&use=l&cat=p&typeid=i","cat":289556},{"id":161619,"n":"IGP pâtes Grand-Mère Coquillettes - 500g","p":1.93,"u":"3,86 €/KG","img":"https://fd13-photos.leclercdrive.fr/image.ashx?id=2191993&use=l&cat=p&typeid=i","cat":284427},{"id":161708,"n":"Infusion Twinings Ayurveda Fraise Myrtille Grenade x20","p":2.86,"u":"89,38 €/KG","img":"https://fd13-photos.leclercdrive.fr/image.ashx?id=2893054&use=l&cat=p&typeid=i","cat":293234},{"id":161709,"n":"Déodorant bille Men Expert Thermic Resist - 50ml","p":2.55,"u":"51,00 €/L","img":"https://fd13-photos.leclercdrive.fr/image.ashx?id=2300518&use=l&cat=p&typeid=i","cat":284618},{"id":161846,"n":"Sucre roux Tablier blanc En morceaux - 1kg","p":1.81,"u":"1,81 €/KG","img":"https://fd13-photos.leclercdrive.fr/image.ashx?id=3010437&use=l&cat=p&typeid=i","cat":284502},{"id":161894,"n":"Pain de mie 100% Mie Harrys Complet sans sucre ajouté- 500g","p":2.79,"u":"5,58 €/KG","img":"https://fd13-photos.leclercdrive.fr/image.ashx?id=2565780&use=l&cat=p&typeid=i","cat":284477},{"id":161914,"n":"Boisson aux fruits Jafun Tropical light - 2L","p":1.39,"u":"0,70 €/L","img":"https://fd13-photos.leclercdrive.fr/image.ashx?id=2720184&use=l&cat=p&typeid=i","cat":295018},{"id":161915,"n":"Boisson tropical brick Jafun 6x20cl","p":2.19,"u":"1,83 €/L","img":"https://fd13-photos.leclercdrive.fr/image.ashx?id=2529617&use=l&cat=p&typeid=i","cat":295018},{"id":162163,"n":"Compotes Pom'Potes Gourdes  Pomme, Pomme Fraise - 12x90g","p":5.43,"u":"5,03 €/KG","img":"https://fd13-photos.leclercdrive.fr/image.ashx?id=3007927&use=l&cat=p&typeid=i","cat":284508},{"id":162187,"n":"Skyr Bio Les 2 vaches Nature 0%MG - 480g","p":3.86,"u":"8,04 €/KG","img":"https://fd13-photos.leclercdrive.fr/image.ashx?id=2787293&use=l&cat=p&typeid=i","cat":315000},{"id":162202,"n":"Tablette de chocolat noir Lindt 70% doux - 2x100g","p":4.48,"u":"22,40 €/KG","img":"https://fd13-photos.leclercdrive.fr/image.ashx?id=2214741&use=l&cat=p&typeid=i","cat":284956},{"id":162271,"n":"Tablette de chocolat noir Lindt Intense 70% - 2x200g","p":6.46,"pp":4.26,"u":"10,65 €/KG","img":"https://fd13-photos.leclercdrive.fr/image.ashx?id=2208936&use=l&cat=p&typeid=i","cat":285562},{"id":162273,"n":"Pulpe de Tomate Fine - Mutti - 2x210g","p":1.6,"u":"3,81 €/KG","img":"https://fd13-photos.leclercdrive.fr/image.ashx?id=2664238&use=l&cat=p&typeid=i","cat":288384},{"id":162274,"n":"Sauce Crudités Benedicta  Nature légère - 295g","p":1.92,"u":"6,51 €/KG","img":"https://fd13-photos.leclercdrive.fr/image.ashx?id=2755206&use=l&cat=p&typeid=i","cat":284456},{"id":162275,"n":"Sauce Pita Heinz - 230g","p":1.82,"u":"7,91 €/KG","img":"https://fd13-photos.leclercdrive.fr/image.ashx?id=2973165&use=l&cat=p&typeid=i","cat":318431},{"id":162279,"n":"Huile de Tournesol bio Fruit D'Or - 1L","p":8.32,"u":"8,32 €/L","img":"https://fd13-photos.leclercdrive.fr/image.ashx?id=2916836&use=l&cat=p&typeid=i","cat":284453},{"id":162282,"n":"Mayonnaise Lesieur Façon Maison 235g","p":1.42,"u":"6,04 €/KG","img":"https://fd13-photos.leclercdrive.fr/image.ashx?id=2918721&use=l&cat=p&typeid=i","cat":298295},{"id":162358,"n":"Saucisson Mini Justin Bridou Bâton de Berger Noisette - 80g","p":2.66,"u":"33,25 €/KG","img":"https://fd13-photos.leclercdrive.fr/image.ashx?id=2165251&use=l&cat=p&typeid=i","cat":316006},{"id":162403,"n":"Nems au porc L'Atelier Traiteur 280g","p":2.85,"u":"10,18 €/KG","img":"https://fd13-photos.leclercdrive.fr/image.ashx?id=2967682&use=l&cat=p&typeid=i","cat":333673},{"id":162570,"n":"Sauce apéritif Doritos Goût salsa épicée -280g","p":2.38,"u":"8,50 €/KG","img":"https://fd13-photos.leclercdrive.fr/image.ashx?id=3014473&use=l&cat=p&typeid=i","cat":284451},{"id":162571,"n":"Sauce apéritif Doritos Goût fromage -280g","p":2.32,"u":"8,29 €/KG","img":"https://fd13-photos.leclercdrive.fr/image.ashx?id=2170208&use=l&cat=p&typeid=i","cat":284451},{"id":162572,"n":"Sauce apéritif Doritos Goût sour cream -280g","p":2.52,"u":"9,00 €/KG","img":"https://fd13-photos.leclercdrive.fr/image.ashx?id=2167528&use=l&cat=p&typeid=i","cat":284451},{"id":162575,"n":"Maquereaux Petit Navire Vin blanc citron&romarin - 175g","p":1.96,"u":"11,60 €/KG","img":"https://fd13-photos.leclercdrive.fr/image.ashx?id=2523906&use=l&cat=p&typeid=i","cat":303868},{"id":162583,"n":"Thon entier MSC Saupiquet Nature - 93g","p":1.8,"u":"19,35 €/KG","img":"https://fd13-photos.leclercdrive.fr/image.ashx?id=2731546&use=l&cat=p&typeid=i","cat":303867},{"id":162588,"n":"Thon entier MSC Saupiquet Nature - 2x93g","p":3.58,"u":"19,25 €/KG","img":"https://fd13-photos.leclercdrive.fr/image.ashx?id=2860886&use=l&cat=p&typeid=i","cat":303867},{"id":162590,"n":"Thon entier MSC Saupiquet Nature - 280g","p":5.19,"u":"18,54 €/KG","img":"https://fd13-photos.leclercdrive.fr/image.ashx?id=2860883&use=l&cat=p&typeid=i","cat":303867},{"id":162596,"n":"Boisson aux fruits Jafun Orange - 2L","p":1.49,"u":"0,75 €/L","img":"https://fd13-photos.leclercdrive.fr/image.ashx?id=2897829&use=l&cat=p&typeid=i","cat":295018},{"id":162738,"n":"Shampooing Le Petit Marseillais Calendula & Coco - 2x 250ml","p":4.42,"u":"8,84 €/L","img":"https://fd13-photos.leclercdrive.fr/image.ashx?id=2668530&use=l&cat=p&typeid=i","cat":284606},{"id":162823,"n":"Bière blonde La Bête 8° - 6x25cl","p":8.06,"u":"5,37 €/L","img":"https://fd13-photos.leclercdrive.fr/image.ashx?id=3011245&use=l&cat=p&typeid=i","cat":334872},{"id":162844,"n":"Genepi père Chartreux 70cl","p":29.56,"u":"42,23 €/L","img":"https://fd13-photos.leclercdrive.fr/image.ashx?id=2313696&use=l&cat=p&typeid=i","cat":286032},{"id":163012,"n":"Crème dessert Mont Blanc Caramel Choco Pistache - 6x125g","p":4.46,"u":"5,95 €/KG","img":"https://fd13-photos.leclercdrive.fr/image.ashx?id=2956502&use=l&cat=p&typeid=i","cat":284506},{"id":163018,"n":"Huile d'olive Bio Tramier Vierge extra - 1.25L","p":18.74,"u":"14,99 €/L","img":"https://fd13-photos.leclercdrive.fr/image.ashx?id=2645744&use=l&cat=p&typeid=i","cat":284453},{"id":163021,"n":"Biscuits Knoppers Lait / Noisettes - 6x25g","p":2.01,"u":"13,40 €/KG","img":"https://fd13-photos.leclercdrive.fr/image.ashx?id=2659151&use=l&cat=p&typeid=i","cat":284488},{"id":163029,"n":"Tablette chocolat Villars Noir / pépites café - 100g","p":2.23,"u":"22,30 €/KG","img":"https://fd13-photos.leclercdrive.fr/image.ashx?id=2464291&use=l&cat=p&typeid=i","cat":284956},{"id":163032,"n":"Déodorant Homme AXE Dark Temptation 48h 200ml","p":3.28,"u":"16,40 €/L","img":"https://fd13-photos.leclercdrive.fr/image.ashx?id=2894557&use=l&cat=p&typeid=i","cat":284618},{"id":163104,"n":"Chlore multi-actions 2.4kg","p":16.99,"u":"7,08 €/KG","img":"https://fd13-photos.leclercdrive.fr/image.ashx?id=2331345&use=l&cat=p&typeid=i","cat":335918},{"id":163105,"n":"Chlore choc Beaux Jours granules - 2,5 kg","p":17.99,"u":"7,20 €/KG","img":"https://fd13-photos.leclercdrive.fr/image.ashx?id=2331348&use=l&cat=p&typeid=i","cat":335918},{"id":163115,"n":"Piles alcalines Duracell MX1500 Optimum Type AA/LR06 1,5V - x4","p":7.19,"u":"1,80 €/P","img":"https://fd13-photos.leclercdrive.fr/image.ashx?id=2941823&use=l&cat=p&typeid=i","cat":300572},{"id":163129,"n":"Petits pains grillés Krisprolls Complet - 425g","p":3.04,"u":"7,15 €/KG","img":"https://fd13-photos.leclercdrive.fr/image.ashx?id=2793716&use=l&cat=p&typeid=i","cat":284479},{"id":163130,"n":"Petits pains grillés Krisprolls Complet sans sucre ajoutés 425g","p":3.27,"u":"7,69 €/KG","img":"https://fd13-photos.leclercdrive.fr/image.ashx?id=2985558&use=l&cat=p&typeid=i","cat":284479},{"id":163132,"n":"Boisson orange Jafun Brique - 6x20cl","p":2.5,"u":"2,08 €/L","img":"https://fd13-photos.leclercdrive.fr/image.ashx?id=2992582&use=l&cat=p&typeid=i","cat":284524},{"id":163133,"n":"Bière ambrée Kwak 8.4% - 75cl","p":4.6,"u":"6,13 €/L","img":"https://fd13-photos.leclercdrive.fr/image.ashx?id=2948423&use=l&cat=p&typeid=i","cat":334872},{"id":163143,"n":"Dragibus Soft Haribo Sachet bonbons - 300g","p":1.35,"u":"4,50 €/KG","img":"https://fd13-photos.leclercdrive.fr/image.ashx?id=2806123&use=l&cat=p&typeid=i","cat":304250},{"id":163144,"n":"Piles alcalines Duracell MN2400 Optimum AAA/LR03 1,5V - x4","p":7.19,"u":"1,80 €/P","img":"https://fd13-photos.leclercdrive.fr/image.ashx?id=2929095&use=l&cat=p&typeid=i","cat":300572},{"id":163145,"n":"Dragibus Original Haribo Multipack bonbons - 250g","p":1.74,"u":"6,96 €/KG","img":"https://fd13-photos.leclercdrive.fr/image.ashx?id=2984943&use=l&cat=p&typeid=i","cat":304250},{"id":163147,"n":"Bonbons Haribo Dragolo - 750g","p":4.31,"u":"5,75 €/KG","img":"https://fd13-photos.leclercdrive.fr/image.ashx?id=2803586&use=l&cat=p&typeid=i","cat":304250},{"id":163149,"n":"Piles alcalines Duracell MX1500 Optimum AA/LR06 1,5V - x8","p":11.9,"u":"1,49 €/P","img":"https://fd13-photos.leclercdrive.fr/image.ashx?id=2929098&use=l&cat=p&typeid=i","cat":300572},{"id":163185,"n":"Assiettes plates Homeside 23cm blanc sans film PE - x100","p":3.99,"u":"0,04 €/P","img":"https://fd13-photos.leclercdrive.fr/image.ashx?id=2177418&use=l&cat=p&typeid=i","cat":334134},{"id":163317,"n":"Assiettes plates Homeside 23cm blanc sans film PE - x50","p":2.69,"u":"0,05 €/P","img":"https://fd13-photos.leclercdrive.fr/image.ashx?id=2177415&use=l&cat=p&typeid=i","cat":334134},{"id":163319,"n":"Assiettes plates Homeside 23cm rouge sans film PE - x20","p":1.96,"u":"0,10 €/P","img":"https://fd13-photos.leclercdrive.fr/image.ashx?id=2177406&use=l&cat=p&typeid=i","cat":334134},{"id":163323,"n":"Assiettes plates Homeside 23cm turquoise sans film PE-x20","p":1.96,"u":"0,10 €/P","img":"https://fd13-photos.leclercdrive.fr/image.ashx?id=2177409&use=l&cat=p&typeid=i","cat":334134},{"id":163324,"n":"Assiettes plates Homeside 23 cm grise sans film PE - x20","p":1.96,"u":"0,10 €/P","img":"https://fd13-photos.leclercdrive.fr/image.ashx?id=2177391&use=l&cat=p&typeid=i","cat":334134},{"id":163325,"n":"Assiettes plates Homeside Rose clair 23 cm - x20","p":1.96,"u":"0,10 €/P","img":"https://fd13-photos.leclercdrive.fr/image.ashx?id=2928345&use=l&cat=p&typeid=i","cat":334134},{"id":163326,"n":"Assiettes plates Homeside 23 cm noir sans film PE - x20","p":1.96,"u":"0,10 €/P","img":"https://fd13-photos.leclercdrive.fr/image.ashx?id=2177397&use=l&cat=p&typeid=i","cat":334134},{"id":163328,"n":"Aassiettes plates Homeside 23 cm anis sans film PE - x20","p":1.96,"u":"0,10 €/P","img":"https://fd13-photos.leclercdrive.fr/image.ashx?id=2177385&use=l&cat=p&typeid=i","cat":334134},{"id":163329,"n":"Assiettes plates Homeside 23 cm jaune sans film PE - x20","p":1.96,"u":"0,10 €/P","img":"https://fd13-photos.leclercdrive.fr/image.ashx?id=2177394&use=l&cat=p&typeid=i","cat":334134},{"id":163331,"n":"Assiettes plates Homeside Bleue 23cm  sans film PE - x20","p":1.96,"u":"0,10 €/P","img":"https://fd13-photos.leclercdrive.fr/image.ashx?id=2927893&use=l&cat=p&typeid=i","cat":334134},{"id":163333,"n":"Assiettes plates Homeside 23 cm Bleu nuit sans film - x20","p":1.96,"img":"https://fd13-photos.leclercdrive.fr/image.ashx?id=2742321&use=l&cat=p&typeid=i","cat":334134},{"id":163340,"n":"Gobelet 47cl Homeside American cup bleu - x10","p":2.39,"u":"0,24 €/P","img":"https://fd13-photos.leclercdrive.fr/image.ashx?id=2177340&use=l&cat=p&typeid=i","cat":334134},{"id":163341,"n":"Gobelets 25cl Homeside Noir - x12","p":1.5,"u":"0,13 €/P","img":"https://fd13-photos.leclercdrive.fr/image.ashx?id=2708958&use=l&cat=p&typeid=i","cat":334134},{"id":163342,"n":"Gobelets 25cl Homeside Gris - x12","p":1.5,"u":"0,13 €/P","img":"https://fd13-photos.leclercdrive.fr/image.ashx?id=2708961&use=l&cat=p&typeid=i","cat":334134},{"id":163345,"n":"Gobelets 25cl Homeside Bleu nuit - x12","p":1.5,"u":"0,13 €/P","img":"https://fd13-photos.leclercdrive.fr/image.ashx?id=2708967&use=l&cat=p&typeid=i","cat":334134},{"id":163346,"n":"Gobelets 25cl Homeside Aqua - x12","p":1.5,"u":"0,13 €/P","img":"https://fd13-photos.leclercdrive.fr/image.ashx?id=2708970&use=l&cat=p&typeid=i","cat":334134},{"id":163350,"n":"Gobelets 25cl Homeside Chaud/froid - 25","p":1.9,"u":"0,08 €/P","img":"https://fd13-photos.leclercdrive.fr/image.ashx?id=2177355&use=l&cat=p&typeid=i","cat":334134},{"id":163353,"n":"Verres à biere 35cl Homeside x12","p":1.9,"u":"0,16 €/P","img":"https://fd13-photos.leclercdrive.fr/image.ashx?id=2177358&use=l&cat=p&typeid=i","cat":334134},{"id":163354,"n":"Gobelets 20cl Eco+ Blanc - x50","p":1.26,"u":"0,03 €/P","img":"https://fd13-photos.leclercdrive.fr/image.ashx?id=2176608&use=l&cat=p&typeid=i","cat":334134},{"id":163355,"n":"Gobelets 10cl Homeside Décor café - x20","p":1.1,"u":"0,06 €/P","img":"https://fd13-photos.leclercdrive.fr/image.ashx?id=2177361&use=l&cat=p&typeid=i","cat":334134},{"id":163356,"n":"Gobelets 25cl Homeside Olive - x12","p":1.5,"u":"0,13 €/P","img":"https://fd13-photos.leclercdrive.fr/image.ashx?id=2708973&use=l&cat=p&typeid=i","cat":334134},{"id":163357,"n":"Gobelets 25cl Homeside Bleu ciel - x12","p":1.5,"u":"0,13 €/P","img":"https://fd13-photos.leclercdrive.fr/image.ashx?id=2708976&use=l&cat=p&typeid=i","cat":334134},{"id":163358,"n":"Gobelets 25cl Homeside Rose nude - x12","p":1.5,"u":"0,13 €/P","img":"https://fd13-photos.leclercdrive.fr/image.ashx?id=2708979&use=l&cat=p&typeid=i","cat":334134},{"id":163360,"n":"Gobelets 47cl Homeside Amercican cup rouge - x10","p":2.39,"u":"0,24 €/P","img":"https://fd13-photos.leclercdrive.fr/image.ashx?id=2177373&use=l&cat=p&typeid=i","cat":334134},{"id":163361,"n":"Gobelets 25cl Homeside Rouge - x12","p":1.5,"u":"0,13 €/P","img":"https://fd13-photos.leclercdrive.fr/image.ashx?id=2708982&use=l&cat=p&typeid=i","cat":334134},{"id":163370,"n":"Thon entier Petit Navire MSC Nature - 3x112g","p":8.29,"u":"24,67 €/KG","img":"https://fd13-photos.leclercdrive.fr/image.ashx?id=2521921&use=l&cat=p&typeid=i","cat":303867},{"id":163420,"n":"Smarties Mini Bonbons Chocolats 21 boites - 315g","p":3.84,"u":"12,19 €/KG","img":"https://fd13-photos.leclercdrive.fr/image.ashx?id=2740862&use=l&cat=p&typeid=i","cat":304238},{"id":163428,"n":"Crayon à sourcils Maybelline  Duo crayon et poudre","p":9.61,"img":"https://fd13-photos.leclercdrive.fr/image.ashx?id=2377787&use=l&cat=p&typeid=i","cat":287029},{"id":163498,"n":"Cheddar seriously strong 200g","p":4.3,"u":"21,50 €/KG","img":"https://fd13-photos.leclercdrive.fr/image.ashx?id=2629530&use=l&cat=p&typeid=i","cat":314028},{"id":163525,"n":"Petit pot bébé Blédina 6 mois Haricot carotte veau - 2x200g","p":2.02,"u":"5,05 €/KG","img":"https://fd13-photos.leclercdrive.fr/image.ashx?id=2935756&use=l&cat=p&typeid=i","cat":312236},{"id":163526,"n":"Petit pot bébé bledina 6 mois  Purée légumes agneau - 2x200g","p":2.2,"u":"5,50 €/KG","img":"https://fd13-photos.leclercdrive.fr/image.ashx?id=2976770&use=l&cat=p&typeid=i","cat":312236},{"id":163534,"n":"Isey Skyr Fraise - 400g","p":2.95,"u":"7,38 €/KG","img":"https://fd13-photos.leclercdrive.fr/image.ashx?id=2601193&use=l&cat=p&typeid=i","cat":315000},{"id":163541,"n":"Isey Skyr Stracciatella - 400g","p":2.87,"u":"7,18 €/KG","img":"https://fd13-photos.leclercdrive.fr/image.ashx?id=2598621&use=l&cat=p&typeid=i","cat":315000},{"id":163543,"n":"Isey Skyr Vanille - 400g","p":3.13,"u":"7,83 €/KG","img":"https://fd13-photos.leclercdrive.fr/image.ashx?id=2598609&use=l&cat=p&typeid=i","cat":315000},{"id":163612,"n":"Rasoirs Bic Hybrid 5 Flex Rechargeables - x2","p":5.62,"u":"2,81 €/P","img":"https://fd13-photos.leclercdrive.fr/image.ashx?id=2771744&use=l&cat=p&typeid=i","cat":284616},{"id":163613,"n":"Mozzarella fromage râpé  Les Croisés - 150g","p":1.39,"u":"9,27 €/KG","img":"https://fd13-photos.leclercdrive.fr/image.ashx?id=2178848&use=l&cat=p&typeid=i","cat":314035},{"id":163706,"n":"Poisson Pané Cabillaud MSC Façon Fish & Chips x4 - 400g","p":6.61,"u":"16,53 €/KG","img":"https://fd13-photos.leclercdrive.fr/image.ashx?id=2985351&use=l&cat=p&typeid=i","cat":319788},{"id":163709,"n":"Fromage à tartiner Madame Loïk Fouetté Nature - 460g","p":3.73,"u":"8,11 €/KG","img":"https://fd13-photos.leclercdrive.fr/image.ashx?id=2967801&use=l&cat=p&typeid=i","cat":314029},{"id":163749,"n":"Mousseline Purina Gourmet Boeuf nappé de sauce - 4x57g","p":2.95,"u":"12,94 €/KG","img":"https://fd13-photos.leclercdrive.fr/image.ashx?id=2861773&use=l&cat=p&typeid=i","cat":285286},{"id":163750,"n":"Mousseline Purina Gourmet Poulet nappé de sauce - 4x57g","p":3.06,"u":"13,42 €/KG","img":"https://fd13-photos.leclercdrive.fr/image.ashx?id=2864197&use=l&cat=p&typeid=i","cat":285286},{"id":163793,"n":"Gobelets 25cl Jaune - x12","p":1.5,"u":"0,13 €/P","img":"https://fd13-photos.leclercdrive.fr/image.ashx?id=2708964&use=l&cat=p&typeid=i","cat":334134},{"id":163910,"n":"Daddy pure canne bio 750g","p":2.89,"u":"3,85 €/KG","img":"https://fd13-photos.leclercdrive.fr/image.ashx?id=2936077&use=l&cat=p&typeid=i","cat":284502},{"id":163930,"n":"Chorizo doux tranché L'Atelier Charcuterie - 100g","p":2.46,"u":"24,60 €/KG","img":"https://fd13-photos.leclercdrive.fr/image.ashx?id=2856666&use=l&cat=p&typeid=i","cat":316007},{"id":163931,"n":"Chiffonnade de chorizo L'Atelier Charcuterie - 80g","p":2.09,"u":"26,13 €/KG","img":"https://fd13-photos.leclercdrive.fr/image.ashx?id=2846577&use=l&cat=p&typeid=i","cat":316007},{"id":163954,"n":"Préfou beurre ail NRT L'Atelier Traiteur - 280g","p":3.99,"u":"14,25 €/KG","img":"https://fd13-photos.leclercdrive.fr/image.ashx?id=2989775&use=l&cat=p&typeid=i","cat":316003},{"id":163955,"n":"Préfou tomate basilic NRT L'Atelier Traiteur - 280g","p":3.65,"u":"13,04 €/KG","img":"https://fd13-photos.leclercdrive.fr/image.ashx?id=2989781&use=l&cat=p&typeid=i","cat":316003},{"id":163957,"n":"Préfou chèvre miel NRT L'Atelier Traiteur - 280g","p":3.99,"u":"14,25 €/KG","img":"https://fd13-photos.leclercdrive.fr/image.ashx?id=2989778&use=l&cat=p&typeid=i","cat":316003},{"id":164271,"n":"Café grains Méo  Excellence - 1kg","p":18.91,"u":"18,91 €/KG","img":"https://fd13-photos.leclercdrive.fr/image.ashx?id=2601521&use=l&cat=p&typeid=i","cat":293237},{"id":164367,"n":"Pizza Turini 4 fromages - 200g","p":1.31,"u":"6,55 €/KG","img":"https://fd13-photos.leclercdrive.fr/image.ashx?id=2839941&use=l&cat=p&typeid=i","cat":333679},{"id":164394,"n":"Compotes Pom'Potes Gourdes  Pomme Poire Banane - 32x90g","p":12.82,"u":"4,45 €/KG","img":"https://fd13-photos.leclercdrive.fr/image.ashx?id=3010936&use=l&cat=p&typeid=i","cat":284508},{"id":164500,"n":"Gelée douche Ushuaïa Café & Açaï - 300ml","p":2.09,"u":"8,36 €/L","img":"https://fd13-photos.leclercdrive.fr/image.ashx?id=2445337&use=l&cat=p&typeid=i","cat":284594},{"id":164541,"n":"Maïs Bonduelle Sans Résidu De Pesticides 285g","p":1.16,"u":"4,07 €/KG","img":"https://fd13-photos.leclercdrive.fr/image.ashx?id=2972892&use=l&cat=p&typeid=i","cat":312611},{"id":164567,"n":"Eau nettoyante Cadum Bébé  Douceur - 750ml","p":3.32,"u":"4,43 €/L","img":"https://fd13-photos.leclercdrive.fr/image.ashx?id=2278451&use=l&cat=p&typeid=i","cat":284741},{"id":164569,"n":"Gel nettoyant Cadum Bébé  Corps et Cheveux - 750ml","p":3.32,"u":"4,43 €/L","img":"https://fd13-photos.leclercdrive.fr/image.ashx?id=2377799&use=l&cat=p&typeid=i","cat":284740},{"id":164570,"n":"Gel Douche Sans Savon Cadum Huile d'Amandes Douces - 750ml","p":3.22,"u":"4,29 €/L","img":"https://fd13-photos.leclercdrive.fr/image.ashx?id=2352870&use=l&cat=p&typeid=i","cat":284594},{"id":164574,"n":"Gel douche Ushuaia  Douceur du Japon - 300ml","p":2.35,"u":"7,83 €/L","img":"https://fd13-photos.leclercdrive.fr/image.ashx?id=2446989&use=l&cat=p&typeid=i","cat":284594},{"id":164582,"n":"Gel douche Bio Ushuaïa Coco - 250ml","p":2.93,"u":"11,72 €/L","img":"https://fd13-photos.leclercdrive.fr/image.ashx?id=2439332&use=l&cat=p&typeid=i","cat":284594},{"id":164583,"n":"Gel Lavant enfant Cadum Corps & cheveux - 750ml","p":4.35,"u":"5,80 €/L","img":"https://fd13-photos.leclercdrive.fr/image.ashx?id=2839496&use=l&cat=p&typeid=i","cat":284594},{"id":164584,"n":"Crème Douche surgras Cadum Beurre de Karité - 750ml","p":3.22,"u":"4,29 €/L","img":"https://fd13-photos.leclercdrive.fr/image.ashx?id=2395020&use=l&cat=p&typeid=i","cat":284594},{"id":164596,"n":"Gel Douche Tonifiant Ushuaïa Extrait de Cèdre - 300ml","p":2.38,"u":"7,93 €/L","img":"https://fd13-photos.leclercdrive.fr/image.ashx?id=2445343&use=l&cat=p&typeid=i","cat":284594},{"id":164598,"n":"40 sacs congélation Alfapac avec lien Moyen modèle","p":3.17,"u":"0,08 €/P","img":"https://fd13-photos.leclercdrive.fr/image.ashx?id=2918700&use=l&cat=p&typeid=i","cat":334134},{"id":164602,"n":"Lessive liquide fraîcheur ECO+ 40 lavages - 2L","p":2.16,"u":"1,08 €/L","img":"https://fd13-photos.leclercdrive.fr/image.ashx?id=2597988&use=l&cat=p&typeid=i","cat":284640},{"id":164603,"n":"Lessive liquide fleurie Epsil 25 lavages - 1,25L","p":3.91,"u":"3,13 €/L","img":"https://fd13-photos.leclercdrive.fr/image.ashx?id=2603000&use=l&cat=p&typeid=i","cat":284640},{"id":164606,"n":"Rhum blanc DOM 40° - 70cl","p":9.11,"u":"13,01 €/L","img":"https://fd13-photos.leclercdrive.fr/image.ashx?id=2188772&use=l&cat=p&typeid=i","cat":284550},{"id":164636,"n":"Mix de graines complètes bio Happy Bio - 250g","p":4.47,"u":"17,88 €/KG","img":"https://fd13-photos.leclercdrive.fr/image.ashx?id=2971005&use=l&cat=p&typeid=i","cat":284429},{"id":164643,"n":"Muesli noisette bio sans sucres  ajoutés Terres et Céréales-1kg","p":5.5,"u":"5,50 €/KG","img":"https://fd13-photos.leclercdrive.fr/image.ashx?id=2858452&use=l&cat=p&typeid=i","cat":309512},{"id":164644,"n":"Bonne nuit Babybio légumes/riz bio 2 x 200g","p":2.67,"u":"6,68 €/KG","img":"https://fd13-photos.leclercdrive.fr/image.ashx?id=2838347&use=l&cat=p&typeid=i","cat":312239},{"id":164652,"n":"Lentilles vertes bio Jardin Bio Etic - 400g","p":3.08,"u":"7,70 €/KG","img":"https://fd13-photos.leclercdrive.fr/image.ashx?id=2748515&use=l&cat=p&typeid=i","cat":284430},{"id":164656,"n":"Jus de Citron Jardin Bio Etic bio -1L","p":5.33,"u":"5,33 €/L","img":"https://fd13-photos.leclercdrive.fr/image.ashx?id=3002102&use=l&cat=p&typeid=i","cat":288383},{"id":164728,"n":"Chips bio lentilles Jardin Bio Oignons sans gluten - 50g","p":1.87,"u":"37,40 €/KG","img":"https://fd13-photos.leclercdrive.fr/image.ashx?id=2537526&use=l&cat=p&typeid=i","cat":318654},{"id":164869,"n":"Raclette nature pasteurisée L'Atelier Fromagerie - 250g","p":3.39,"u":"13,56 €/KG","img":"https://fd13-photos.leclercdrive.fr/image.ashx?id=2856362&use=l&cat=p&typeid=i","cat":314036},{"id":164870,"n":"Raclette au poivre pasteurisée L'Atelier Fromagerie - 250g","p":3.75,"u":"15,00 €/KG","img":"https://fd13-photos.leclercdrive.fr/image.ashx?id=2856365&use=l&cat=p&typeid=i","cat":314036},{"id":164871,"n":"Raclette fumée pasteurisée L'Atelier Fromagerie - 250g","p":3.75,"u":"15,00 €/KG","img":"https://fd13-photos.leclercdrive.fr/image.ashx?id=2856368&use=l&cat=p&typeid=i","cat":314036},{"id":164873,"n":"Raclette à l'oignon pasteurisée L'Atelier Fromagerie - 250g","p":3.75,"u":"15,00 €/KG","img":"https://fd13-photos.leclercdrive.fr/image.ashx?id=2856371&use=l&cat=p&typeid=i","cat":314036},{"id":164927,"n":"Foie gras de canard entier Maison Montfort - 190g","p":38.76,"u":"204,00 €/KG","img":"https://fd13-photos.leclercdrive.fr/image.ashx?id=2731030&use=l&cat=p&typeid=i","cat":316008},{"id":165036,"n":"Huile de Douche Ushuaia  Monoï & Fleur de Tiaré - 300ml","p":1.99,"u":"6,63 €/L","img":"https://fd13-photos.leclercdrive.fr/image.ashx?id=2445352&use=l&cat=p&typeid=i","cat":284594},{"id":165062,"n":"Gel Lubrifiant Intime Cherry Arome Cerise Durex 100ml","p":10.1,"u":"101,00 €/L","img":"https://fd13-photos.leclercdrive.fr/image.ashx?id=2960696&use=l&cat=p&typeid=i","cat":285160},{"id":165063,"n":"Gel Lubrifiant Intime Hot Durex Effet Chauffant Base Eau 100ml","p":10.07,"u":"100,70 €/L","img":"https://fd13-photos.leclercdrive.fr/image.ashx?id=2785487&use=l&cat=p&typeid=i","cat":285160},{"id":165064,"n":"Lessive poudre Eco + 60 lavages - 3kg","p":4.81,"u":"1,60 €/KG","img":"https://fd13-photos.leclercdrive.fr/image.ashx?id=2638524&use=l&cat=p&typeid=i","cat":284642},{"id":165065,"n":"Huile moteur Tech 9 2T 100 Synhèse - 2L","p":12.89,"u":"6,45 €/L","img":"https://fd13-photos.leclercdrive.fr/image.ashx?id=2193821&use=l&cat=p&typeid=i","cat":298253},{"id":165131,"n":"Crème de cassis d'Anjou  Giffard 16% - 50cl","p":5.5,"pp":5.09,"u":"10,18 €/L","img":"https://fd13-photos.leclercdrive.fr/image.ashx?id=2219150&use=l&cat=p&typeid=i","cat":286032},{"id":165138,"n":"Crème de fleur de sureau  Giffard 16% - 50cl","p":5.5,"u":"11,10 €/L","img":"https://fd13-photos.leclercdrive.fr/image.ashx?id=2219165&use=l&cat=p&typeid=i","cat":286032},{"id":165156,"n":"Jus MultiFruits Désucré Jafaden - 1L","p":1.69,"u":"1,69 €/L","img":"https://fd13-photos.leclercdrive.fr/image.ashx?id=2497971&use=l&cat=p&typeid=i","cat":284917},{"id":165193,"n":"Croquette chat Perfect Fit  Natural Vitality poisson - 1kg","p":8.49,"u":"8,49 €/KG","img":"https://fd13-photos.leclercdrive.fr/image.ashx?id=2195068&use=l&cat=p&typeid=i","cat":284680},{"id":165198,"n":"Pate à tartiner Bonne Maman Noisette et cacao - 250g","p":3.24,"u":"12,96 €/KG","img":"https://fd13-photos.leclercdrive.fr/image.ashx?id=2891103&use=l&cat=p&typeid=i","cat":284481},{"id":165199,"n":"Pate à tartiner Bonne Maman Noisette et cacao - 360g","p":3.78,"u":"10,50 €/KG","img":"https://fd13-photos.leclercdrive.fr/image.ashx?id=2891106&use=l&cat=p&typeid=i","cat":284481},{"id":165200,"n":"Pate à tartiner Bonne Maman Noisette et cacao - 580g","p":6.01,"u":"10,36 €/KG","img":"https://fd13-photos.leclercdrive.fr/image.ashx?id=2891109&use=l&cat=p&typeid=i","cat":284481},{"id":165210,"n":"Compotes Pom'Potes Gourdes  5 Fruits Roses - 4x90g","p":2.16,"u":"6,00 €/KG","img":"https://fd13-photos.leclercdrive.fr/image.ashx?id=3010906&use=l&cat=p&typeid=i","cat":284508},{"id":165308,"n":"Shell Helix Ultra 5W30 mixte - 5L","p":36.46,"u":"Dont 0,36 € d'éco-part.","img":"https://fd13-photos.leclercdrive.fr/image.ashx?id=2787641&use=l&cat=p&typeid=i","cat":298253},{"id":165310,"n":"Shell Helix HX7 10W40 Diesel - 5L","p":23.41,"u":"Dont 0,36 € d'éco-part.","img":"https://fd13-photos.leclercdrive.fr/image.ashx?id=2197496&use=l&cat=p&typeid=i","cat":298253},{"id":165656,"n":"Diffuseur Glade avec bâtonnets Lavandin & Santal - 80ml","p":6.02,"u":"75,25 €/L","img":"https://fd13-photos.leclercdrive.fr/image.ashx?id=2266083&use=l&cat=p&typeid=i","cat":311627},{"id":165666,"n":"Confitures Léonce Blanc 70% 4 agrumes - 320g","p":2.87,"u":"8,97 €/KG","img":"https://fd13-photos.leclercdrive.fr/image.ashx?id=2362591&use=l&cat=p&typeid=i","cat":284480},{"id":165669,"n":"Tête de recharge Dentamyl Brosse à dent souple - x3","p":1.0,"u":"0,33 €/P","img":"https://fd13-photos.leclercdrive.fr/image.ashx?id=2791015&use=l&cat=p&typeid=i","cat":284614},{"id":165674,"n":"Filets de merlu MSC Pêche Océan - 800g","p":9.85,"u":"12,31 €/KG","img":"https://fd13-photos.leclercdrive.fr/image.ashx?id=2202461&use=l&cat=p&typeid=i","cat":319786},{"id":165689,"n":"Gel douche Hydratant Ushuaïa Orchidée du Mexique - 300ml","p":2.34,"u":"7,80 €/L","img":"https://fd13-photos.leclercdrive.fr/image.ashx?id=2445340&use=l&cat=p&typeid=i","cat":284594},{"id":165690,"n":"Gel douche bio Ushuaïa Vanille - 250ml","p":3.56,"u":"14,24 €/L","img":"https://fd13-photos.leclercdrive.fr/image.ashx?id=2439326&use=l&cat=p&typeid=i","cat":284594},{"id":165691,"n":"Gel douche bio Ushuaïa Fleur d'Oranger - 250ml","p":2.84,"u":"11,36 €/L","img":"https://fd13-photos.leclercdrive.fr/image.ashx?id=2439329&use=l&cat=p&typeid=i","cat":284594},{"id":165699,"n":"Chocolats à la liqueur Abtey Extra fins x17 - 240g","p":5.96,"u":"24,83 €/KG","img":"https://fd13-photos.leclercdrive.fr/image.ashx?id=2870263&use=l&cat=p&typeid=i","cat":327601},{"id":165725,"n":"Marrons glacés L'Artisan Provençal x8 - 145g","p":13.28,"u":"91,59 €/KG","img":"https://fd13-photos.leclercdrive.fr/image.ashx?id=2390245&use=l&cat=p&typeid=i","cat":327603},{"id":165775,"n":"Madeleines Ker Cadélac Vanille de Madagascar - 600g","p":3.34,"u":"5,57 €/KG","img":"https://fd13-photos.leclercdrive.fr/image.ashx?id=2558568&use=l&cat=p&typeid=i","cat":284492},{"id":165801,"n":"Sauce bolognaise Eco+ 420g","p":1.13,"u":"2,69 €/KG","img":"https://fd13-photos.leclercdrive.fr/image.ashx?id=2634845&use=l&cat=p&typeid=i","cat":287599},{"id":166221,"n":"Acide citrique Biovie 350g","p":5.05,"u":"14,43 €/KG","img":"https://fd13-photos.leclercdrive.fr/image.ashx?id=2997007&use=l&cat=p&typeid=i","cat":325365},{"id":166299,"n":"Filet de colin d'Alaska Findus MSC x4 - 400g","p":4.47,"u":"11,18 €/KG","img":"https://fd13-photos.leclercdrive.fr/image.ashx?id=2735323&use=l&cat=p&typeid=i","cat":319786},{"id":166304,"n":"Croquettes poisson pané Findus MSC Ail Fines Herbes x6 - 300g","p":2.79,"u":"9,30 €/KG","img":"https://fd13-photos.leclercdrive.fr/image.ashx?id=3008752&use=l&cat=p&typeid=i","cat":319788},{"id":166309,"n":"Bière La Verte au Génépi 33cl","p":2.03,"u":"6,15 €/L","img":"https://fd13-photos.leclercdrive.fr/image.ashx?id=2373176&use=l&cat=p&typeid=i","cat":334872},{"id":166371,"n":"Cassonade pur canne Daddy - 1kg","p":2.19,"u":"2,19 €/KG","img":"https://fd13-photos.leclercdrive.fr/image.ashx?id=2936059&use=l&cat=p&typeid=i","cat":284502},{"id":166377,"n":"Lessive eco-recharge Uni Vert Fleur x30 lavages - 1,05L","p":4.12,"u":"3,92 €/L","img":"https://fd13-photos.leclercdrive.fr/image.ashx?id=2838942&use=l&cat=p&typeid=i","cat":284640},{"id":166389,"n":"Ginger beer Bundaberg sans alcool - 37,5cl","p":1.8,"u":"4,80 €/L","img":"https://fd13-photos.leclercdrive.fr/image.ashx?id=2352038&use=l&cat=p&typeid=i","cat":334877},{"id":166392,"n":"Lave glace toutes saisons TECH9 -20°C - 5L","p":5.99,"u":"1,20 €/L","img":"https://fd13-photos.leclercdrive.fr/image.ashx?id=2202044&use=l&cat=p&typeid=i","cat":298252},{"id":166399,"n":"AOC Jurançon blanc Matayac Petit et Gros Manseng - 75cl","p":7.9,"pp":4.54,"u":"6,05 €/L","img":"https://fd13-photos.leclercdrive.fr/image.ashx?id=2792324&use=l&cat=p&typeid=i","cat":289557},{"id":166403,"n":"Lessive eco-recharge Uni Vert Aloe x30 lavages - 1.05L","p":4.12,"u":"3,92 €/L","img":"https://fd13-photos.leclercdrive.fr/image.ashx?id=2669780&use=l&cat=p&typeid=i","cat":284640},{"id":166404,"n":"Lessive eco-recharge Uni Vert  Aloe Vera x42 lavages - 1.5L","p":5.91,"u":"3,94 €/L","img":"https://fd13-photos.leclercdrive.fr/image.ashx?id=2838954&use=l&cat=p&typeid=i","cat":284640},{"id":166419,"n":"Signature Patato Pops McCain Pommes de terre - 650g","p":2.63,"u":"4,05 €/KG","img":"https://fd13-photos.leclercdrive.fr/image.ashx?id=2752233&use=l&cat=p&typeid=i","cat":319792},{"id":166457,"n":"Masque reconstructeur Elsève Full Resist - 680ml","p":11.05,"u":"16,25 €/L","img":"https://fd13-photos.leclercdrive.fr/image.ashx?id=2520491&use=l&cat=p&typeid=i","cat":284608},{"id":166460,"n":"Shampoing solide Ultra Doux Cheveux fragiles à secs - 60g","p":5.48,"u":"91,33 €/KG","img":"https://fd13-photos.leclercdrive.fr/image.ashx?id=2647095&use=l&cat=p&typeid=i","cat":284606},{"id":166486,"n":"Nectar Fruits du Verger Jafaden Sans sucre ajouté - 1L","p":1.59,"u":"1,59 €/L","img":"https://fd13-photos.leclercdrive.fr/image.ashx?id=2919658&use=l&cat=p&typeid=i","cat":284521},{"id":166488,"n":"Huile de coco désodorisée Bio Jardin Bio - 430ml","p":6.16,"u":"14,33 €/L","img":"https://fd13-photos.leclercdrive.fr/image.ashx?id=2811152&use=l&cat=p&typeid=i","cat":284453},{"id":166598,"n":"Sauce spaghetti bio Jardin Bio 510g","p":3.86,"u":"7,57 €/KG","img":"https://fd13-photos.leclercdrive.fr/image.ashx?id=2811164&use=l&cat=p&typeid=i","cat":288384},{"id":166601,"n":"Compote bio Jardin Bio Pomme banane - 680g","p":3.3,"u":"4,85 €/KG","img":"https://fd13-photos.leclercdrive.fr/image.ashx?id=2918307&use=l&cat=p&typeid=i","cat":284508},{"id":166602,"n":"Compote bio Jardin Bio Pomme fraise - 680g","p":3.69,"u":"5,43 €/KG","img":"https://fd13-photos.leclercdrive.fr/image.ashx?id=2918835&use=l&cat=p&typeid=i","cat":284508},{"id":166674,"n":"Confiture Douceur du Verger Fraise - 750g","p":2.15,"u":"2,87 €/KG","img":"https://fd13-photos.leclercdrive.fr/image.ashx?id=2965545&use=l&cat=p&typeid=i","cat":284480},{"id":166675,"n":"Confiture Douceur du Verger Abricot - 370g","p":1.27,"u":"3,43 €/KG","img":"https://fd13-photos.leclercdrive.fr/image.ashx?id=2965572&use=l&cat=p&typeid=i","cat":284480},{"id":166686,"n":"Yaourt protéiné Hipro  Coco 0%mg - 2x160g","p":2.15,"u":"6,72 €/KG","img":"https://fd13-photos.leclercdrive.fr/image.ashx?id=2807423&use=l&cat=p&typeid=i","cat":315000},{"id":166687,"n":"Yaourt protéiné Hipro 0%mg  Banane beurre cacahuète -2x160g","p":2.03,"u":"6,34 €/KG","img":"https://fd13-photos.leclercdrive.fr/image.ashx?id=2807426&use=l&cat=p&typeid=i","cat":315000},{"id":166752,"n":"Lessive tri-dose Orient Epsil x20 - 490ml","p":4.49,"u":"9,16 €/L","img":"https://fd13-photos.leclercdrive.fr/image.ashx?id=2450116&use=l&cat=p&typeid=i","cat":284641},{"id":166753,"n":"Apéritif Apérol Spritz 12.5% vol - 1L","p":15.05,"u":"15,05 €/L","img":"https://fd13-photos.leclercdrive.fr/image.ashx?id=2957287&use=l&cat=p&typeid=i","cat":286032},{"id":166754,"n":"Spéculoos pocket P'tit Déli 168g","p":0.85,"u":"5,06 €/KG","img":"https://fd13-photos.leclercdrive.fr/image.ashx?id=2245598&use=l&cat=p&typeid=i","cat":284487},{"id":166757,"n":"Filet de poulet rôti Fleury Michon sans nitrite x6 - 160g","p":2.83,"u":"17,69 €/KG","img":"https://fd13-photos.leclercdrive.fr/image.ashx?id=2954830&use=l&cat=p&typeid=i","cat":316010},{"id":166819,"n":"Sucre en poudre Tablier Blanc 1kg","p":1.53,"u":"1,53 €/KG","img":"https://fd13-photos.leclercdrive.fr/image.ashx?id=3010434&use=l&cat=p&typeid=i","cat":284502},{"id":166878,"n":"Lessive bi-doses Xeor Savon de Marseille x30","p":5.24,"u":"7,13 €/L","img":"https://fd13-photos.leclercdrive.fr/image.ashx?id=2838948&use=l&cat=p&typeid=i","cat":284641},{"id":166893,"n":"Bonbons Trolli Pop eye 75g","p":1.88,"u":"25,07 €/KG","img":"https://fd13-photos.leclercdrive.fr/image.ashx?id=2854015&use=l&cat=p&typeid=i","cat":304250},{"id":167298,"n":"Eau gazeuse Cristaline Citron - 1,5L","p":0.55,"u":"0,37 €/L","img":"https://fd13-photos.leclercdrive.fr/image.ashx?id=2226376&use=l&cat=p&typeid=i","cat":284536},{"id":167306,"n":"Soupe Déshydratée Oignon KNORR 4 portions - 94g","p":1.18,"u":"12,55 €/KG","img":"https://fd13-photos.leclercdrive.fr/image.ashx?id=2780088&use=l&cat=p&typeid=i","cat":284463},{"id":167331,"n":"Cookies Mini Granola Pépites de chocolat - 110g","p":2.03,"u":"18,45 €/KG","img":"https://fd13-photos.leclercdrive.fr/image.ashx?id=2983489&use=l&cat=p&typeid=i","cat":325066},{"id":167338,"n":"Croustilles Star Belin Salé - 90g","p":1.36,"u":"15,11 €/KG","img":"https://fd13-photos.leclercdrive.fr/image.ashx?id=3002222&use=l&cat=p&typeid=i","cat":284449},{"id":167375,"n":"Pois chiches d'aucy Bien Cultivés - 250g","p":1.94,"u":"7,76 €/KG","img":"https://fd13-photos.leclercdrive.fr/image.ashx?id=2800764&use=l&cat=p&typeid=i","cat":312609},{"id":167381,"n":"Petits pois d'aucy  Bien Cultivés - 250g","p":1.85,"u":"7,40 €/KG","img":"https://fd13-photos.leclercdrive.fr/image.ashx?id=2216353&use=l&cat=p&typeid=i","cat":312607},{"id":167382,"n":"Pois carottes d'aucy  Bien Cultivés - 250g","p":1.84,"u":"7,36 €/KG","img":"https://fd13-photos.leclercdrive.fr/image.ashx?id=2835259&use=l&cat=p&typeid=i","cat":312607},{"id":167390,"n":"Pur jus de pamplemousse Jafaden Avec pulpe - 90cl","p":1.88,"u":"2,09 €/L","img":"https://fd13-photos.leclercdrive.fr/image.ashx?id=2819639&use=l&cat=p&typeid=i","cat":285435},{"id":167392,"n":"Jus d'ananas Jafaden 90cl","p":2.21,"u":"2,46 €/L","img":"https://fd13-photos.leclercdrive.fr/image.ashx?id=2819642&use=l&cat=p&typeid=i","cat":285435},{"id":167397,"n":"Pur jus d'orange Jafaden Avec pulpe - 90cl","p":2.21,"u":"2,46 €/L","img":"https://fd13-photos.leclercdrive.fr/image.ashx?id=2723156&use=l&cat=p&typeid=i","cat":285435},{"id":167399,"n":"Mini cheese burgers Côté Croc x10 - 155g","p":6.35,"u":"40,97 €/KG","img":"https://fd13-photos.leclercdrive.fr/image.ashx?id=2898266&use=l&cat=p&typeid=i","cat":319774},{"id":167416,"n":"Gel douche Le Petit Marseillais Noix de coco - 250ml","p":1.49,"u":"5,96 €/L","img":"https://fd13-photos.leclercdrive.fr/image.ashx?id=2681856&use=l&cat=p&typeid=i","cat":284594},{"id":167529,"n":"Lait bébé en poudre Gallia Calisma 1er âge 0-6 mois 830g","p":16.06,"u":"19,35 €/KG","img":"https://fd13-photos.leclercdrive.fr/image.ashx?id=2456201&use=l&cat=p&typeid=i","cat":284726},{"id":167530,"n":"Lait bébé en poudre Gallia Calisma 2e âge 6-12 mois 830g","p":15.77,"u":"19,00 €/KG","img":"https://fd13-photos.leclercdrive.fr/image.ashx?id=2479730&use=l&cat=p&typeid=i","cat":284727},{"id":167531,"n":"Lait bébé poudre Gallia Relais Calisma  1er âge 0-6 mois 830g","p":19.31,"u":"23,27 €/KG","img":"https://fd13-photos.leclercdrive.fr/image.ashx?id=2462460&use=l&cat=p&typeid=i","cat":284726},{"id":167532,"n":"Lait bébé poudre Gallia Relais Calisma 2e âge 6-12 mois 830g","p":17.86,"u":"21,52 €/KG","img":"https://fd13-photos.leclercdrive.fr/image.ashx?id=2911217&use=l&cat=p&typeid=i","cat":284727},{"id":167533,"n":"Tagliatelle Lustucru Selection  360g","p":1.44,"u":"4,00 €/KG","img":"https://fd13-photos.leclercdrive.fr/image.ashx?id=2885351&use=l&cat=p&typeid=i","cat":333682},{"id":167534,"n":"Tagliatelle Lustucru Selection  Maxi 600g","p":2.36,"u":"3,93 €/KG","img":"https://fd13-photos.leclercdrive.fr/image.ashx?id=2792399&use=l&cat=p&typeid=i","cat":333682},{"id":167558,"n":"Filet de poulet jaune  Plein Champ Loué x2 - 280g","p":5.7,"u":"20,36 €/KG","img":"https://fd13-photos.leclercdrive.fr/image.ashx?id=2561694&use=l&cat=p&typeid=i","cat":284336},{"id":167561,"n":"Brique pur jus Jafaden Multifruits - 1,5L","p":2.82,"u":"1,88 €/L","img":"https://fd13-photos.leclercdrive.fr/image.ashx?id=2916722&use=l&cat=p&typeid=i","cat":285435},{"id":167600,"n":"Comté Le Montarlier Président Affiné 12 mois - 200g","p":4.85,"u":"24,25 €/KG","img":"https://fd13-photos.leclercdrive.fr/image.ashx?id=2623753&use=l&cat=p&typeid=i","cat":314034},{"id":167612,"n":"Lessive Epsil Perfect Tri Doses Pure fraîcheur x20 - 490ml","p":4.99,"u":"10,18 €/L","img":"https://fd13-photos.leclercdrive.fr/image.ashx?id=2450122&use=l&cat=p&typeid=i","cat":284641},{"id":168093,"n":"Bière aromatisée GrimbergenRoug Rouge 5,5° - 12x25cl","p":8.92,"u":"2,97 €/L","img":"https://fd13-photos.leclercdrive.fr/image.ashx?id=2873324&use=l&cat=p&typeid=i","cat":334878},{"id":168168,"n":"Huile d'olive Cauvin Vierge Extra - 75cl","p":9.46,"u":"12,61 €/L","img":"https://fd13-photos.leclercdrive.fr/image.ashx?id=2498353&use=l&cat=p&typeid=i","cat":284453},{"id":168169,"n":"Ferments Lactiques Tablier Blanc - 8g","p":2.42,"u":"302,50 €/KG","img":"https://fd13-photos.leclercdrive.fr/image.ashx?id=2900355&use=l&cat=p&typeid=i","cat":284504},{"id":168207,"n":"Foie gras de canard Jean Larnaudie - 170g","p":25.69,"pp":16.96,"u":"99,76 €/KG","img":"https://fd13-photos.leclercdrive.fr/image.ashx?id=2228594&use=l&cat=p&typeid=i","cat":316008},{"id":168288,"n":"Girasoli Rana Cèpes 250g","p":3.1,"u":"12,40 €/KG","img":"https://fd13-photos.leclercdrive.fr/image.ashx?id=2433756&use=l&cat=p&typeid=i","cat":333682},{"id":168301,"n":"Skyr Yoplait  Nature 0%Mg - 850g","p":3.09,"u":"3,64 €/KG","img":"https://fd13-photos.leclercdrive.fr/image.ashx?id=2884444&use=l&cat=p&typeid=i","cat":315000},{"id":168327,"n":"Mini Boulettes Charal Happy Family x50 - 750g","p":7.78,"u":"10,37 €/KG","img":"https://fd13-photos.leclercdrive.fr/image.ashx?id=2956457&use=l&cat=p&typeid=i","cat":319779},{"id":168354,"n":"Mascara Maybelline Sensational  - 1 pièce","p":9.45,"pp":6.24,"img":"https://fd13-photos.leclercdrive.fr/image.ashx?id=3010792&use=l&cat=p&typeid=i","cat":287029},{"id":168372,"n":"Mascara L'Oréal Paris Volume  Millions de cils baume Noir","p":12.0,"pp":7.92,"img":"https://fd13-photos.leclercdrive.fr/image.ashx?id=2418420&use=l&cat=p&typeid=i","cat":287029},{"id":168391,"n":"Jus de pomme désucré Jafaden 1L","p":1.39,"u":"1,39 €/L","img":"https://fd13-photos.leclercdrive.fr/image.ashx?id=2227035&use=l&cat=p&typeid=i","cat":284522},{"id":168656,"n":"Schoko-bons white Kinder Chocolat - 300g","p":6.61,"u":"22,03 €/KG","img":"https://fd13-photos.leclercdrive.fr/image.ashx?id=2918071&use=l&cat=p&typeid=i","cat":327592},{"id":168676,"n":"Compotes Pom'Potes Gourdes  Multivariétés Inédits - 20x90g","p":7.77,"u":"4,32 €/KG","img":"https://fd13-photos.leclercdrive.fr/image.ashx?id=2870179&use=l&cat=p&typeid=i","cat":284508},{"id":168868,"n":"Essuie-tout Uni Vert 2 = 4 rouleaux","p":2.72,"u":"1,36 €/P","img":"https://fd13-photos.leclercdrive.fr/image.ashx?id=2333715&use=l&cat=p&typeid=i","cat":284635},{"id":168869,"n":"Papier toilette Uni Vert 2 plis 4=12 - x4","p":3.38,"u":"0,85 €/P","img":"https://fd13-photos.leclercdrive.fr/image.ashx?id=2333718&use=l&cat=p&typeid=i","cat":284634},{"id":168871,"n":"Mouchoirs Boîte 3 plis Univert Mouchoir papier non blanchi x80","p":1.26,"u":"0,02 €/P","img":"https://fd13-photos.leclercdrive.fr/image.ashx?id=2571941&use=l&cat=p&typeid=i","cat":284638},{"id":168990,"n":"Burgers Eco+ x10 - 1kg","p":6.53,"u":"6,53 €/KG","img":"https://fd13-photos.leclercdrive.fr/image.ashx?id=2966523&use=l&cat=p&typeid=i","cat":319778},{"id":168993,"n":"Viande hachée Eco+  800g","p":9.49,"u":"11,86 €/KG","img":"https://fd13-photos.leclercdrive.fr/image.ashx?id=2966526&use=l&cat=p&typeid=i","cat":319779},{"id":168994,"n":"Yaourt Enfant Petits Filous Tubs Aromatisés - x15","p":3.14,"u":"5,66 €/KG","img":"https://fd13-photos.leclercdrive.fr/image.ashx?id=2811038&use=l&cat=p&typeid=i","cat":284415},{"id":168995,"n":"Yaourt brassé Perle de Lait Vanille - 4x125g","p":1.98,"u":"3,96 €/KG","img":"https://fd13-photos.leclercdrive.fr/image.ashx?id=2939715&use=l&cat=p&typeid=i","cat":314999},{"id":168996,"n":"Yaourt brassé Perle de Lait Nature - 6x125g","p":2.46,"u":"3,28 €/KG","img":"https://fd13-photos.leclercdrive.fr/image.ashx?id=2994199&use=l&cat=p&typeid=i","cat":314999},{"id":169003,"n":"Yaourt brassé Perle de Lait Nature - 4x125g","p":1.88,"u":"3,76 €/KG","img":"https://fd13-photos.leclercdrive.fr/image.ashx?id=2939706&use=l&cat=p&typeid=i","cat":314999},{"id":169006,"n":"Cocktail de fruits de mer Eco+ Précuit - 500g","p":3.77,"u":"7,54 €/KG","img":"https://fd13-photos.leclercdrive.fr/image.ashx?id=2529525&use=l&cat=p&typeid=i","cat":319787},{"id":169026,"n":"Pané de colin d'Alaska Eco+ x5 - 800g","p":4.49,"u":"5,61 €/KG","img":"https://fd13-photos.leclercdrive.fr/image.ashx?id=2529747&use=l&cat=p&typeid=i","cat":319788},{"id":169028,"n":"Filet de colin d'Alaska Eco MSC - 1kg","p":5.87,"u":"5,87 €/KG","img":"https://fd13-photos.leclercdrive.fr/image.ashx?id=2545924&use=l&cat=p&typeid=i","cat":319786},{"id":169057,"n":"Pizza Margherita Eco+ x3 - 900g","p":2.62,"u":"2,91 €/KG","img":"https://fd13-photos.leclercdrive.fr/image.ashx?id=2781176&use=l&cat=p&typeid=i","cat":284256},{"id":169065,"n":"Crémeux à tartiner Violife A l'huile de noix de coco -150g","p":2.72,"u":"18,13 €/KG","img":"https://fd13-photos.leclercdrive.fr/image.ashx?id=2937829&use=l&cat=p&typeid=i","cat":316070},{"id":169069,"n":"Tranches saveur Emmental  Violife 100% végan - 200g","p":2.74,"u":"13,70 €/KG","img":"https://fd13-photos.leclercdrive.fr/image.ashx?id=2687089&use=l&cat=p&typeid=i","cat":316070},{"id":169072,"n":"Yaourt brassé Perle de Lait Citron  - 4x125g","p":1.99,"u":"4,15 €/P","img":"https://fd13-photos.leclercdrive.fr/image.ashx?id=2939712&use=l&cat=p&typeid=i","cat":314999},{"id":169189,"n":"Dessert Materne Gourdes  Végétal Vanille - 4x85g","p":2.46,"u":"7,24 €/KG","img":"https://fd13-photos.leclercdrive.fr/image.ashx?id=2563235&use=l&cat=p&typeid=i","cat":284506},{"id":169216,"n":"Yaourt brassé Perle de Lait Coco - 4x125g","p":1.99,"u":"3,98 €/KG","img":"https://fd13-photos.leclercdrive.fr/image.ashx?id=2939709&use=l&cat=p&typeid=i","cat":286006},{"id":169218,"n":"Yaourt brassé Perle de Lait Nature - 8x125g","p":3.3,"u":"3,30 €/KG","img":"https://fd13-photos.leclercdrive.fr/image.ashx?id=2989225&use=l&cat=p&typeid=i","cat":284409},{"id":169297,"n":"Soupe Velouté de Poireaux Knorr - 1L","p":2.68,"u":"2,68 €/L","img":"https://fd13-photos.leclercdrive.fr/image.ashx?id=2395814&use=l&cat=p&typeid=i","cat":284462},{"id":169298,"n":"Velouté Carottes Française Knorr - 1L","p":2.85,"u":"2,85 €/L","img":"https://fd13-photos.leclercdrive.fr/image.ashx?id=2395811&use=l&cat=p&typeid=i","cat":284463},{"id":169342,"n":"Lardons fumés Herta 200g","p":2.14,"u":"10,70 €/KG","img":"https://fd13-photos.leclercdrive.fr/image.ashx?id=2939307&use=l&cat=p&typeid=i","cat":316011},{"id":169344,"n":"Lardons fumés Herta Sans nitrite - 2x75g","p":1.76,"u":"11,73 €/KG","img":"https://fd13-photos.leclercdrive.fr/image.ashx?id=2731369&use=l&cat=p&typeid=i","cat":316011},{"id":169345,"n":"Lardons nature Herta 200g","p":2.14,"u":"10,70 €/KG","img":"https://fd13-photos.leclercdrive.fr/image.ashx?id=2731357&use=l&cat=p&typeid=i","cat":316011},{"id":169346,"n":"Allumettes fumées Herta Sans nitrite - 2x75g","p":1.86,"u":"12,40 €/KG","img":"https://fd13-photos.leclercdrive.fr/image.ashx?id=2868903&use=l&cat=p&typeid=i","cat":316011},{"id":169347,"n":"Allumettes nature Herta Sans nitrite - 2x75g","p":1.94,"u":"12,93 €/KG","img":"https://fd13-photos.leclercdrive.fr/image.ashx?id=2868906&use=l&cat=p&typeid=i","cat":316011},{"id":169351,"n":"Allumettes fumées Herta 200g","p":1.98,"u":"9,90 €/KG","img":"https://fd13-photos.leclercdrive.fr/image.ashx?id=2817458&use=l&cat=p&typeid=i","cat":316011},{"id":169353,"n":"Pâte feuilletée Herta Tarte en Or - 230g","p":0.94,"u":"4,09 €/KG","img":"https://fd13-photos.leclercdrive.fr/image.ashx?id=2918658&use=l&cat=p&typeid=i","cat":333681},{"id":169354,"n":"Pâte brisée Herta Tarte en Or - 230g","p":1.04,"u":"4,52 €/KG","img":"https://fd13-photos.leclercdrive.fr/image.ashx?id=2739189&use=l&cat=p&typeid=i","cat":333681},{"id":169365,"n":"Pâte feuilletée rectangulaire  Herta Tarte en Or - 230g","p":1.3,"u":"5,65 €/KG","img":"https://fd13-photos.leclercdrive.fr/image.ashx?id=2721697&use=l&cat=p&typeid=i","cat":333681},{"id":169429,"n":"Tendres Effilés en Gelée Felix Selection poissons 12x85g","p":4.92,"u":"4,82 €/KG","img":"https://fd13-photos.leclercdrive.fr/image.ashx?id=2995439&use=l&cat=p&typeid=i","cat":285286},{"id":169430,"n":"Tendres Effilés en Gelée Felix Selection campagne 12x85g","p":4.96,"u":"4,86 €/KG","img":"https://fd13-photos.leclercdrive.fr/image.ashx?id=2957668&use=l&cat=p&typeid=i","cat":285286},{"id":169432,"n":"Tendres Effilés en Gelée Felix Selection mixte - 24x85g","p":8.85,"u":"4,34 €/KG","img":"https://fd13-photos.leclercdrive.fr/image.ashx?id=2869651&use=l&cat=p&typeid=i","cat":285286},{"id":169443,"n":"Tendres Effilés Gelée 44x85g","p":17.25,"u":"4,61 €/KG","img":"https://fd13-photos.leclercdrive.fr/image.ashx?id=2957674&use=l&cat=p&typeid=i","cat":285286},{"id":169445,"n":"Duos en gelée Felix Selection campagne - 44x85g","p":16.9,"u":"4,52 €/KG","img":"https://fd13-photos.leclercdrive.fr/image.ashx?id=2976857&use=l&cat=p&typeid=i","cat":285286},{"id":169447,"n":"Emincés En Gelée Felix Selection mixte - 12x85g","p":4.18,"u":"4,10 €/KG","img":"https://fd13-photos.leclercdrive.fr/image.ashx?id=2869657&use=l&cat=p&typeid=i","cat":285286},{"id":169448,"n":"Emincés En Gelée  Felix Volaille légumes - 12x85g","p":4.18,"u":"4,10 €/KG","img":"https://fd13-photos.leclercdrive.fr/image.ashx?id=2909212&use=l&cat=p&typeid=i","cat":285286},{"id":169559,"n":"Père Noël Smarties Bleu - 85g","p":2.89,"u":"34,00 €/KG","img":"https://fd13-photos.leclercdrive.fr/image.ashx?id=2265626&use=l&cat=p&typeid=i","cat":327592},{"id":169572,"n":"Gourdes de fruits Good Goût Bio Dès 4 mois - 4x120g","p":4.78,"u":"9,96 €/KG","img":"https://fd13-photos.leclercdrive.fr/image.ashx?id=2640698&use=l&cat=p&typeid=i","cat":312387},{"id":169574,"n":"Friandises chat Catisfactions Poulet - 180g","p":3.14,"u":"17,44 €/KG","img":"https://fd13-photos.leclercdrive.fr/image.ashx?id=2912530&use=l&cat=p&typeid=i","cat":285285},{"id":169956,"n":"Eau gazeuse Perrier 1L","p":0.65,"u":"0,65 €/L","img":"https://fd13-photos.leclercdrive.fr/image.ashx?id=2672563&use=l&cat=p&typeid=i","cat":284536},{"id":169959,"n":"Vin Rouge Côtes du Rhône Vieilles Vignes - 75cl","p":6.64,"u":"8,85 €/L","img":"https://fd13-photos.leclercdrive.fr/image.ashx?id=2432475&use=l&cat=p&typeid=i","cat":289556},{"id":170002,"n":"Bière artisanale Markus Blonde 75cl","p":5.1,"u":"6,80 €/L","img":"https://fd13-photos.leclercdrive.fr/image.ashx?id=2814121&use=l&cat=p&typeid=i","cat":334872},{"id":170007,"n":"Bière artisanale Markus Triple 75cl","p":5.46,"u":"7,28 €/L","img":"https://fd13-photos.leclercdrive.fr/image.ashx?id=2814136&use=l&cat=p&typeid=i","cat":334872},{"id":170179,"n":"Nut's and Berries Seeberger - 150g","p":4.2,"u":"28,00 €/KG","img":"https://fd13-photos.leclercdrive.fr/image.ashx?id=2950582&use=l&cat=p&typeid=i","cat":284357},{"id":170561,"n":"Friandises chien Tous mes Amis Sticks au Boeuf - 3x11g","p":0.5,"u":"15,15 €/KG","img":"https://fd13-photos.leclercdrive.fr/image.ashx?id=2302265&use=l&cat=p&typeid=i","cat":294527},{"id":170778,"n":"Bloc de foie gras Jean Larnaudie - 230g","p":27.95,"u":"121,52 €/KG","img":"https://fd13-photos.leclercdrive.fr/image.ashx?id=2915811&use=l&cat=p&typeid=i","cat":316008},{"id":170828,"n":"Chips Tortilla Old El Paso Chili - 185g","p":2.39,"u":"12,92 €/KG","img":"https://fd13-photos.leclercdrive.fr/image.ashx?id=2444525&use=l&cat=p&typeid=i","cat":288993},{"id":170935,"n":"Rhum Havana Club 3 ans 37,5% vol - 1L","p":23.37,"u":"23,37 €/L","img":"https://fd13-photos.leclercdrive.fr/image.ashx?id=2953992&use=l&cat=p&typeid=i","cat":284550},{"id":170957,"n":"Confiture Douceur du Verger Abricot - 750g","p":2.31,"u":"3,08 €/KG","img":"https://fd13-photos.leclercdrive.fr/image.ashx?id=2965581&use=l&cat=p&typeid=i","cat":284480},{"id":171068,"n":"Gel douche So Bio Etic Fleur d'oranger bio - 450ml","p":6.28,"u":"13,96 €/L","img":"https://fd13-photos.leclercdrive.fr/image.ashx?id=2794487&use=l&cat=p&typeid=i","cat":284594},{"id":171070,"n":"Gel douche So Bio Etic Abricot bio - 450ml","p":5.04,"u":"11,20 €/L","img":"https://fd13-photos.leclercdrive.fr/image.ashx?id=2793629&use=l&cat=p&typeid=i","cat":284594},{"id":171073,"n":"Papier toilette Le Trèfle Douceur Fleur de coton - x4 = 6","p":3.7,"u":"0,93 €/P","img":"https://fd13-photos.leclercdrive.fr/image.ashx?id=2918080&use=l&cat=p&typeid=i","cat":284634},{"id":171089,"n":"IGP Bloc de foie gras   Jean Larnaudie  - 400g","p":38.5,"pp":25.41,"u":"63,52 €/KG","img":"https://fd13-photos.leclercdrive.fr/image.ashx?id=2915790&use=l&cat=p&typeid=i","cat":316008},{"id":171108,"n":"Bloc de foie gras Delpeyrat Barquette 540g","p":47.33,"u":"87,65 €/KG","img":"https://fd13-photos.leclercdrive.fr/image.ashx?id=2904691&use=l&cat=p&typeid=i","cat":316008},{"id":171188,"n":"Glace Barre Glacée Snickers  Caramel & Cacahuètes x6 - 274g","p":3.48,"u":"12,70 €/KG","img":"https://fd13-photos.leclercdrive.fr/image.ashx?id=2295508&use=l&cat=p&typeid=i","cat":284264},{"id":171265,"n":"Bûchettes Smarties  Chocolat Vanille x4 - 228g","p":2.87,"u":"12,59 €/KG","img":"https://fd13-photos.leclercdrive.fr/image.ashx?id=2757325&use=l&cat=p&typeid=i","cat":284266},{"id":171409,"n":"Sac poubelle Elembal 50L - x40","p":5.99,"u":"0,15 €/P","img":"https://fd13-photos.leclercdrive.fr/image.ashx?id=2793311&use=l&cat=p&typeid=i","cat":285168},{"id":171719,"n":"Lessive Epsil Perfect Tri-Doses Fleurie x20 - 490ml","p":4.49,"u":"9,16 €/L","img":"https://fd13-photos.leclercdrive.fr/image.ashx?id=2450119&use=l&cat=p&typeid=i","cat":284641},{"id":171836,"n":"Céréales Trésor Kellogg's Chocolat au lait - 620g","p":4.38,"u":"7,06 €/KG","img":"https://fd13-photos.leclercdrive.fr/image.ashx?id=2598334&use=l&cat=p&typeid=i","cat":309513},{"id":171846,"n":"Skyr vanille Délisse 450g","p":1.98,"u":"4,40 €/KG","img":"https://fd13-photos.leclercdrive.fr/image.ashx?id=2992585&use=l&cat=p&typeid=i","cat":315000},{"id":172588,"n":"Fromage blanc 0%MG Light & Free Nature - 8x100g","p":2.78,"u":"3,48 €/KG","img":"https://fd13-photos.leclercdrive.fr/image.ashx?id=3008008&use=l&cat=p&typeid=i","cat":315000},{"id":172592,"n":"Fromage blanc 0%MG Light & Free Vanille - 4x120g","p":1.95,"u":"4,06 €/KG","img":"https://fd13-photos.leclercdrive.fr/image.ashx?id=3008005&use=l&cat=p&typeid=i","cat":315000},{"id":172595,"n":"Mousse fromage blanc Light&Free Fraise et pêche 0%mg - 4x120g","p":2.04,"u":"4,43 €/KG","img":"https://fd13-photos.leclercdrive.fr/image.ashx?id=3008020&use=l&cat=p&typeid=i","cat":315000},{"id":172649,"n":"Papier toilette Renova Progress - x40","p":9.97,"u":"0,25 €/P","img":"https://fd13-photos.leclercdrive.fr/image.ashx?id=2279894&use=l&cat=p&typeid=i","cat":284634},{"id":172651,"n":"Essuie-tout Renova Active Absorption - x16","p":8.49,"u":"0,53 €/P","img":"https://fd13-photos.leclercdrive.fr/image.ashx?id=2260120&use=l&cat=p&typeid=i","cat":284635},{"id":172723,"n":"Eau aromatisée San Pellegrino Aranciata rossa - 6x33cl","p":3.68,"u":"1,86 €/L","img":"https://fd13-photos.leclercdrive.fr/image.ashx?id=2866109&use=l&cat=p&typeid=i","cat":284536},{"id":172725,"n":"Eau aromatisée San Pellegrino Limonata - 6x33cl","p":3.82,"u":"1,93 €/L","img":"https://fd13-photos.leclercdrive.fr/image.ashx?id=2525816&use=l&cat=p&typeid=i","cat":284536},{"id":172727,"n":"Eau aromatisée San Pellegrino Melograno e arancia - 6x33cl","p":4.1,"u":"2,07 €/L","img":"https://fd13-photos.leclercdrive.fr/image.ashx?id=2551555&use=l&cat=p&typeid=i","cat":284536},{"id":172731,"n":"Tablette chocolat Milka Chocolat au lait - 3x100g","p":4.22,"u":"14,07 €/KG","img":"https://fd13-photos.leclercdrive.fr/image.ashx?id=3009137&use=l&cat=p&typeid=i","cat":284497},{"id":172740,"n":"Farine à Pizza Mon Fournil T00 - 1kg","p":1.77,"u":"1,77 €/KG","img":"https://fd13-photos.leclercdrive.fr/image.ashx?id=2341660&use=l&cat=p&typeid=i","cat":284503},{"id":172829,"n":"Yaourt à boire protéiné Hipro  Mangue 0%mg - 300g","p":2.19,"u":"7,30 €/KG","img":"https://fd13-photos.leclercdrive.fr/image.ashx?id=2807432&use=l&cat=p&typeid=i","cat":315000},{"id":172977,"n":"Serviettes Hygiéniques Always Platinum Secure Night T4 - x14","p":3.82,"u":"0,27 €/P","img":"https://fd13-photos.leclercdrive.fr/image.ashx?id=2884111&use=l&cat=p&typeid=i","cat":284624},{"id":173241,"n":"Cassoulet de Castelnaudary Raynal & Roquelaure - 840g","p":4.91,"u":"5,85 €/KG","img":"https://fd13-photos.leclercdrive.fr/image.ashx?id=2928384&use=l&cat=p&typeid=i","cat":284441},{"id":173326,"n":"Soupe liquide Liebig  Poissons - 2x30cl","p":2.66,"u":"4,43 €/L","img":"https://fd13-photos.leclercdrive.fr/image.ashx?id=2604452&use=l&cat=p&typeid=i","cat":287366},{"id":173332,"n":"Soupe liquide Liebig poireaux Saint jacques - Brique 1L","p":4.4,"u":"4,40 €/L","img":"https://fd13-photos.leclercdrive.fr/image.ashx?id=2472195&use=l&cat=p&typeid=i","cat":284462},{"id":173441,"n":"Crème Fleurette Extra Président Entière 33%MG - 35cl","p":2.62,"u":"7,49 €/L","img":"https://fd13-photos.leclercdrive.fr/image.ashx?id=2962260&use=l&cat=p&typeid=i","cat":284381},{"id":173443,"n":"Beurre demi-sel Tendrissime Président - 225g","p":2.74,"u":"12,18 €/KG","img":"https://fd13-photos.leclercdrive.fr/image.ashx?id=2887677&use=l&cat=p&typeid=i","cat":284379},{"id":173448,"n":"Cacahuètes Curly Sweety Caramélisées - 150g","p":1.65,"u":"11,00 €/KG","img":"https://fd13-photos.leclercdrive.fr/image.ashx?id=2599233&use=l&cat=p&typeid=i","cat":284449},{"id":174145,"n":"Confiture Douceur du Verger Cerises - 370 g","p":1.27,"u":"3,43 €/KG","img":"https://fd13-photos.leclercdrive.fr/image.ashx?id=2965599&use=l&cat=p&typeid=i","cat":284480},{"id":174147,"n":"Confiture Douceur du Verger Châtaignes/vanille - 370g","p":1.75,"u":"4,73 €/KG","img":"https://fd13-photos.leclercdrive.fr/image.ashx?id=2965593&use=l&cat=p&typeid=i","cat":284480},{"id":174148,"n":"Confiture Douceur du Verger Pêches - 370 g","p":1.6,"u":"4,32 €/KG","img":"https://fd13-photos.leclercdrive.fr/image.ashx?id=2965602&use=l&cat=p&typeid=i","cat":284480},{"id":174149,"n":"Confiture Douceur du Verger Fraises - 370 g","p":1.12,"u":"3,03 €/KG","img":"https://fd13-photos.leclercdrive.fr/image.ashx?id=2965539&use=l&cat=p&typeid=i","cat":284480},{"id":174150,"n":"Confiture Douceur du Verger Framboises - 370 g","p":1.99,"u":"5,38 €/KG","img":"https://fd13-photos.leclercdrive.fr/image.ashx?id=2965575&use=l&cat=p&typeid=i","cat":284480},{"id":174151,"n":"Confiture Douceur du Verger 4 fruits rouges - 370 g","p":1.18,"u":"3,19 €/KG","img":"https://fd13-photos.leclercdrive.fr/image.ashx?id=2965551&use=l&cat=p&typeid=i","cat":284480},{"id":174152,"n":"Sauce Tomate Provençale Panzani - 210G","p":1.27,"u":"6,05 €/KG","img":"https://fd13-photos.leclercdrive.fr/image.ashx?id=2880691&use=l&cat=p&typeid=i","cat":299047},{"id":174153,"n":"Sauce tomates cuisinées Panzani 210g","p":1.07,"u":"5,10 €/KG","img":"https://fd13-photos.leclercdrive.fr/image.ashx?id=2880688&use=l&cat=p&typeid=i","cat":299047},{"id":174154,"n":"Sauce Tomate Basilic Panzani - 210G","p":1.23,"u":"5,86 €/KG","img":"https://fd13-photos.leclercdrive.fr/image.ashx?id=2881290&use=l&cat=p&typeid=i","cat":288384},{"id":174155,"n":"Sauce tomate Panzani Provençale - 425g","p":1.42,"u":"3,34 €/KG","img":"https://fd13-photos.leclercdrive.fr/image.ashx?id=2742866&use=l&cat=p&typeid=i","cat":288384},{"id":174156,"n":"Sauce tomates cuisinées Panzani 425g","p":1.79,"u":"4,21 €/KG","img":"https://fd13-photos.leclercdrive.fr/image.ashx?id=2977276&use=l&cat=p&typeid=i","cat":288384},{"id":174157,"n":"Sauce Tomate Basilic Panzani - 400G","p":2.09,"u":"5,23 €/KG","img":"https://fd13-photos.leclercdrive.fr/image.ashx?id=2968088&use=l&cat=p&typeid=i","cat":288384},{"id":174158,"n":"Sauce Tomate Provençale Panzani - 650G","p":2.09,"u":"3,22 €/KG","img":"https://fd13-photos.leclercdrive.fr/image.ashx?id=2977942&use=l&cat=p&typeid=i","cat":299047},{"id":174159,"n":"Sauce Tomate Basilic Panzani - 650G","p":2.45,"u":"3,77 €/KG","img":"https://fd13-photos.leclercdrive.fr/image.ashx?id=2977945&use=l&cat=p&typeid=i","cat":288384},{"id":174160,"n":"Sauce tomates fraîches Panzani 3x190g","p":2.65,"u":"4,65 €/KG","img":"https://fd13-photos.leclercdrive.fr/image.ashx?id=2835274&use=l&cat=p&typeid=i","cat":288384},{"id":174188,"n":"Crevettes décortiquées Eco+ 500g","p":4.93,"u":"9,86 €/KG","img":"https://fd13-photos.leclercdrive.fr/image.ashx?id=2858947&use=l&cat=p&typeid=i","cat":319787},{"id":174189,"n":"Beignets de calamar Eco+ 500g","p":2.46,"u":"4,92 €/KG","img":"https://fd13-photos.leclercdrive.fr/image.ashx?id=2690955&use=l&cat=p&typeid=i","cat":319788},{"id":174196,"n":"Viande hachée 15% MG Férial 1kg","p":14.49,"u":"14,49 €/KG","img":"https://fd13-photos.leclercdrive.fr/image.ashx?id=2630094&use=l&cat=p&typeid=i","cat":284332},{"id":174204,"n":"Margarine Oméga 3 Fruit d'Or Sans huile de palme - 225g","p":1.99,"u":"8,84 €/KG","img":"https://fd13-photos.leclercdrive.fr/image.ashx?id=2887332&use=l&cat=p&typeid=i","cat":315229},{"id":174221,"n":"Pur jus d'orange Eco  Avec pulpe - 1L","p":2.07,"u":"2,07 €/L","img":"https://fd13-photos.leclercdrive.fr/image.ashx?id=2843102&use=l&cat=p&typeid=i","cat":285435},{"id":174222,"n":"Pur jus d'orange Eco  Sans pulpe - 1L","p":2.07,"u":"2,07 €/L","img":"https://fd13-photos.leclercdrive.fr/image.ashx?id=2779874&use=l&cat=p&typeid=i","cat":285435},{"id":174223,"n":"Pur jus de pomme Eco  1L","p":1.47,"u":"1,47 €/L","img":"https://fd13-photos.leclercdrive.fr/image.ashx?id=2779877&use=l&cat=p&typeid=i","cat":285435},{"id":174228,"n":"Sucre Extra Fin Saint Louis  650g","p":1.61,"u":"2,48 €/KG","img":"https://fd13-photos.leclercdrive.fr/image.ashx?id=2504317&use=l&cat=p&typeid=i","cat":284502},{"id":174347,"n":"Chips à la crevette Suzi Wan 50g","p":1.19,"u":"23,80 €/KG","img":"https://fd13-photos.leclercdrive.fr/image.ashx?id=2270572&use=l&cat=p&typeid=i","cat":288992},{"id":174398,"n":"Eponges grattantes Eco + x6","p":0.96,"u":"0,16 €/P","img":"https://fd13-photos.leclercdrive.fr/image.ashx?id=2761295&use=l&cat=p&typeid=i","cat":284667},{"id":174489,"n":"Mini saucisson sec Saint Azay 160g","p":2.74,"u":"17,13 €/KG","img":"https://fd13-photos.leclercdrive.fr/image.ashx?id=2922709&use=l&cat=p&typeid=i","cat":316006},{"id":174515,"n":"Mothais sur feuille NRT Fromage de chèvre - 150g","p":4.59,"u":"30,60 €/KG","img":"https://fd13-photos.leclercdrive.fr/image.ashx?id=2302491&use=l&cat=p&typeid=i","cat":314031},{"id":174565,"n":"Fruits au sirop St Mamet Pêche Poire Ananas - 475g","p":3.46,"u":"7,28 €/KG","img":"https://fd13-photos.leclercdrive.fr/image.ashx?id=2412438&use=l&cat=p&typeid=i","cat":284507},{"id":174680,"n":"La Cancoillotte au vin Savagnin Le Francomtois - 250g","p":2.26,"u":"9,04 €/KG","img":"https://fd13-photos.leclercdrive.fr/image.ashx?id=2529309&use=l&cat=p&typeid=i","cat":314037},{"id":174705,"n":"Nettoyant vitres pistolet Ajax Cristal - 750 ml","p":1.79,"u":"2,39 €/L","img":"https://fd13-photos.leclercdrive.fr/image.ashx?id=2512411&use=l&cat=p&typeid=i","cat":325363},{"id":174709,"n":"Confiture Douceur du Verger 4 fruits rouges - 750 g","p":2.39,"u":"3,19 €/KG","img":"https://fd13-photos.leclercdrive.fr/image.ashx?id=2965557&use=l&cat=p&typeid=i","cat":284480},{"id":174710,"n":"Confiture Douceur du Verger Mirabelles - 370g","p":1.64,"u":"4,43 €/KG","img":"https://fd13-photos.leclercdrive.fr/image.ashx?id=2965560&use=l&cat=p&typeid=i","cat":284480},{"id":174712,"n":"Confiture Douceur du Verger Figues - 370g","p":1.58,"u":"4,27 €/KG","img":"https://fd13-photos.leclercdrive.fr/image.ashx?id=2965587&use=l&cat=p&typeid=i","cat":284480},{"id":174714,"n":"Confiture Douceur du Verger Mûres - 370g","p":1.99,"u":"5,38 €/KG","img":"https://fd13-photos.leclercdrive.fr/image.ashx?id=2970587&use=l&cat=p&typeid=i","cat":284480},{"id":174811,"n":"Capsules Nescafé Dolce Gusto  Latte Macchiato - x16","p":4.53,"u":"24,75 €/KG","img":"https://fd13-photos.leclercdrive.fr/image.ashx?id=2903764&use=l&cat=p&typeid=i","cat":293239},{"id":174815,"n":"Confiture Douceur du Verger Myrtilles - 370g","p":1.72,"u":"4,65 €/KG","img":"https://fd13-photos.leclercdrive.fr/image.ashx?id=2965590&use=l&cat=p&typeid=i","cat":284480},{"id":174817,"n":"Gelée Douceur du Verger Mûres - 370g","p":1.99,"u":"5,38 €/KG","img":"https://fd13-photos.leclercdrive.fr/image.ashx?id=2965578&use=l&cat=p&typeid=i","cat":284480},{"id":174832,"n":"Saucisses de Toulouse x4 Soutenons Nos Agriculteurs 400g","p":3.98,"u":"9,95 €/KG","img":"https://fd13-photos.leclercdrive.fr/image.ashx?id=2835232&use=l&cat=p&typeid=i","cat":284334},{"id":174875,"n":"Gelée douceur du Verger Groseilles - 370g","p":1.29,"u":"3,49 €/KG","img":"https://fd13-photos.leclercdrive.fr/image.ashx?id=2965563&use=l&cat=p&typeid=i","cat":284480},{"id":174876,"n":"Gelée Douceur du Verger Coing - 370g","p":1.29,"u":"3,49 €/KG","img":"https://fd13-photos.leclercdrive.fr/image.ashx?id=2965566&use=l&cat=p&typeid=i","cat":284480},{"id":174881,"n":"Carottes râpées Bonduelle Au Citron de Sicile - 320g","p":1.41,"u":"4,41 €/KG","img":"https://fd13-photos.leclercdrive.fr/image.ashx?id=2894194&use=l&cat=p&typeid=i","cat":333657},{"id":174884,"n":"Céleri remoulade Bonduelle Au Fromage blanc - 320g","p":1.59,"u":"4,97 €/KG","img":"https://fd13-photos.leclercdrive.fr/image.ashx?id=2904709&use=l&cat=p&typeid=i","cat":333657},{"id":174931,"n":"Steak haché façon bouchère x4 Soutenons Nos Agriculteurs 400g","p":6.39,"u":"15,98 €/KG","img":"https://fd13-photos.leclercdrive.fr/image.ashx?id=2968070&use=l&cat=p&typeid=i","cat":319778},{"id":174941,"n":"Fromage blanc Engagé Soutenons Nos Agriculteurs 1kg","p":2.09,"u":"2,09 €/KG","img":"https://fd13-photos.leclercdrive.fr/image.ashx?id=2297292&use=l&cat=p&typeid=i","cat":284409},{"id":174954,"n":"Crème liquide UHT 3x20cl Soutenons Nos Agriculteurs","p":3.49,"u":"5,82 €/L","img":"https://fd13-photos.leclercdrive.fr/image.ashx?id=2291414&use=l&cat=p&typeid=i","cat":284381},{"id":174984,"n":"Miel Soutenons nos agriculteurs Crémeux - 500 g","p":5.59,"u":"11,18 €/KG","img":"https://fd13-photos.leclercdrive.fr/image.ashx?id=2921411&use=l&cat=p&typeid=i","cat":287643},{"id":174999,"n":"Jambon superieur 4 tranches Soutenons Nos Agriculteurs 140g","p":2.66,"u":"19,00 €/KG","img":"https://fd13-photos.leclercdrive.fr/image.ashx?id=2943707&use=l&cat=p&typeid=i","cat":316009},{"id":175031,"n":"Oeufs plein air Engagé Soutenons Nos Agriculteurs x6","p":1.59,"u":"0,27 €/P","img":"https://fd13-photos.leclercdrive.fr/image.ashx?id=2291984&use=l&cat=p&typeid=i","cat":284378},{"id":175040,"n":"Soin hydratant Aloe Vera BIO  Le Petit Marseillais - 400ml","p":4.12,"u":"10,30 €/L","img":"https://fd13-photos.leclercdrive.fr/image.ashx?id=2280711&use=l&cat=p&typeid=i","cat":325350},{"id":175058,"n":"Pois chiches Bonduelle Cuits Dans Très Peu De Jus 265g","p":1.2,"u":"4,53 €/KG","img":"https://fd13-photos.leclercdrive.fr/image.ashx?id=2926272&use=l&cat=p&typeid=i","cat":312609},{"id":175098,"n":"Tartines croustillantes Wasa Sésame - 250g","p":2.6,"u":"10,40 €/KG","img":"https://fd13-photos.leclercdrive.fr/image.ashx?id=3011860&use=l&cat=p&typeid=i","cat":284479},{"id":175122,"n":"Crème Douche Nourrissante Cadum Surgras Coco - 750ml","p":4.05,"u":"5,40 €/L","img":"https://fd13-photos.leclercdrive.fr/image.ashx?id=2393284&use=l&cat=p&typeid=i","cat":284594},{"id":175125,"n":"Sauce Deluxe AMORA 250ml","p":2.03,"u":"8,12 €/L","img":"https://fd13-photos.leclercdrive.fr/image.ashx?id=3009266&use=l&cat=p&typeid=i","cat":318431},{"id":175222,"n":"Préparation gâteau Alsa Gâteau aux amandes - 300g","p":3.01,"u":"10,03 €/KG","img":"https://fd13-photos.leclercdrive.fr/image.ashx?id=3007993&use=l&cat=p&typeid=i","cat":284504},{"id":175283,"n":"Pommes de terre Eco+ 1.5kg","p":0.99,"u":"0,66 €/KG","img":"https://fd13-photos.leclercdrive.fr/image.ashx?id=2282349&use=l&cat=p&typeid=i","cat":284352},{"id":175414,"n":"Oranges non traitées Panier du Primeur Sachet x4","p":2.29,"u":"0,57 €/P","img":"https://fd13-photos.leclercdrive.fr/image.ashx?id=2930909&use=l&cat=p&typeid=i","cat":284356},{"id":175420,"n":"Citron à jus Filière Panier du Primeur Sachet 1kg","p":2.79,"u":"2,79 €/KG","img":"https://fd13-photos.leclercdrive.fr/image.ashx?id=2627667&use=l&cat=p&typeid=i","cat":284356},{"id":175556,"n":"Gel Douche Le Petit Marseillais  Haute tolerance amandier-400ml","p":2.35,"u":"5,88 €/L","img":"https://fd13-photos.leclercdrive.fr/image.ashx?id=2685174&use=l&cat=p&typeid=i","cat":284594},{"id":175564,"n":"Gel Douche Le Petit Marseillais  Haute tolerance aloevera 400ml","p":2.41,"u":"6,03 €/L","img":"https://fd13-photos.leclercdrive.fr/image.ashx?id=2677429&use=l&cat=p&typeid=i","cat":284594},{"id":175573,"n":"Tagliatelle Barilla Aux oeufs - 450g","p":2.28,"u":"5,07 €/KG","img":"https://fd13-photos.leclercdrive.fr/image.ashx?id=2590342&use=l&cat=p&typeid=i","cat":284427},{"id":175574,"n":"Sauce bolognaise Panzani Extra riche - 400g","p":2.73,"u":"6,83 €/KG","img":"https://fd13-photos.leclercdrive.fr/image.ashx?id=2887527&use=l&cat=p&typeid=i","cat":299047},{"id":175576,"n":"Sachet fraicheur chat Sheba Filets au poulet et thon - 60g","p":1.09,"u":"18,17 €/KG","img":"https://fd13-photos.leclercdrive.fr/image.ashx?id=2292464&use=l&cat=p&typeid=i","cat":285286},{"id":175578,"n":"Sachet fraicheur chat Sheba Filets aux crevettes - 60g","p":1.1,"u":"18,33 €/KG","img":"https://fd13-photos.leclercdrive.fr/image.ashx?id=2292467&use=l&cat=p&typeid=i","cat":285286},{"id":175579,"n":"Pur jus Bio Village Bio Pomme  - 1L","p":2.14,"u":"2,14 €/L","img":"https://fd13-photos.leclercdrive.fr/image.ashx?id=2285081&use=l&cat=p&typeid=i","cat":284522},{"id":175585,"n":"Sachet fraicheur chat Sheba Soupe filets de thon - 4x40g","p":2.97,"u":"18,56 €/KG","img":"https://fd13-photos.leclercdrive.fr/image.ashx?id=2292593&use=l&cat=p&typeid=i","cat":285286},{"id":175602,"n":"AOP Crozes Hermitage Les hauts de pavières 75 cl","p":9.5,"u":"12,67 €/L","img":"https://fd13-photos.leclercdrive.fr/image.ashx?id=2881843&use=l&cat=p&typeid=i","cat":289556},{"id":175603,"n":"Thé vert bio Bio Village Menthe x20 - 36g","p":1.65,"u":"45,83 €/KG","img":"https://fd13-photos.leclercdrive.fr/image.ashx?id=2897907&use=l&cat=p&typeid=i","cat":293233},{"id":175686,"n":"Farine de riz Jardin Bio Semi-complète bio - 400g","p":2.3,"u":"5,75 €/KG","img":"https://fd13-photos.leclercdrive.fr/image.ashx?id=2740097&use=l&cat=p&typeid=i","cat":284503},{"id":175689,"n":"Farine de seigle Mon Fournil Semi complète Bio - 1kg","p":3.34,"u":"3,34 €/KG","img":"https://fd13-photos.leclercdrive.fr/image.ashx?id=2859629&use=l&cat=p&typeid=i","cat":284503},{"id":175713,"n":"Bière \"La Goudale\" Rubis - 6x25cl","p":4.87,"u":"3,25 €/L","img":"https://fd13-photos.leclercdrive.fr/image.ashx?id=2778245&use=l&cat=p&typeid=i","cat":334878},{"id":175765,"n":"Chocolat au lait Lindt Création Praliné Feuillantine - 110g","p":3.57,"u":"32,45 €/KG","img":"https://fd13-photos.leclercdrive.fr/image.ashx?id=2287394&use=l&cat=p&typeid=i","cat":284497},{"id":175790,"n":"Sachet fraicheur chat Sheba Filets au poulet - 60g","p":1.1,"u":"18,33 €/KG","img":"https://fd13-photos.leclercdrive.fr/image.ashx?id=2287523&use=l&cat=p&typeid=i","cat":285286},{"id":175893,"n":"Huile moteur Helix Ultra ECT C3 5W-30 - 5L","p":44.9,"u":"Dont 0,36 € d'éco-part.","img":"https://fd13-photos.leclercdrive.fr/image.ashx?id=2288497&use=l&cat=p&typeid=i","cat":298253},{"id":175895,"n":"Huile moteur Shell Helix Ultra Professional - AP-L 5W-30 - 5L","p":44.9,"u":"Dont 0,36 € d'éco-part.","img":"https://fd13-photos.leclercdrive.fr/image.ashx?id=2288500&use=l&cat=p&typeid=i","cat":298253},{"id":175897,"n":"Huile moteur Shell Helix Ultra Professional - AR-L 5W-30 - 5L","p":44.89,"u":"Dont 0,36 € d'éco-part.","img":"https://fd13-photos.leclercdrive.fr/image.ashx?id=2288503&use=l&cat=p&typeid=i","cat":298253},{"id":175954,"n":"Sauce Bolognaise Panzani Extra riche - 200g","p":1.69,"u":"8,45 €/KG","img":"https://fd13-photos.leclercdrive.fr/image.ashx?id=2918574&use=l&cat=p&typeid=i","cat":287599},{"id":175982,"n":"Huile de Bronzage SPF30 Garnier Protectrice - 150ml","p":9.69,"u":"64,60 €/L","img":"https://fd13-photos.leclercdrive.fr/image.ashx?id=2601121&use=l&cat=p&typeid=i","cat":325355},{"id":175984,"n":"Auto-bronzant Ambre Solaire  Brume corps - 150ml","p":10.35,"u":"69,00 €/L","img":"https://fd13-photos.leclercdrive.fr/image.ashx?id=2530630&use=l&cat=p&typeid=i","cat":325355},{"id":175987,"n":"Farine d'épeautre Mon Fournil Semi-complète bio - 1kg","p":4.2,"u":"4,20 €/KG","img":"https://fd13-photos.leclercdrive.fr/image.ashx?id=2289270&use=l&cat=p&typeid=i","cat":284503},{"id":175999,"n":"Barquette chien Cesar Terrine veau et carottes - 300g","p":1.65,"u":"5,50 €/KG","img":"https://fd13-photos.leclercdrive.fr/image.ashx?id=2289249&use=l&cat=p&typeid=i","cat":284673},{"id":176034,"n":"Frites Express McCain Just Au Four - 600g","p":3.02,"u":"5,03 €/KG","img":"https://fd13-photos.leclercdrive.fr/image.ashx?id=2997337&use=l&cat=p&typeid=i","cat":319791},{"id":176203,"n":"Bonbons sans sucre Ricola Citron Mélisse - 70g","p":2.02,"u":"28,86 €/KG","img":"https://fd13-photos.leclercdrive.fr/image.ashx?id=2647850&use=l&cat=p&typeid=i","cat":304256},{"id":176239,"n":"Gnocchi Lustucru Selection  390g","p":1.72,"u":"4,41 €/KG","img":"https://fd13-photos.leclercdrive.fr/image.ashx?id=2965999&use=l&cat=p&typeid=i","cat":333682},{"id":176253,"n":"Bonbons aux plantes Ricola 116g","p":2.32,"u":"20,00 €/KG","img":"https://fd13-photos.leclercdrive.fr/image.ashx?id=2387828&use=l&cat=p&typeid=i","cat":304252},{"id":176295,"n":"Bonbons Ricola  Eucalyptus - 70g","p":1.7,"u":"24,29 €/KG","img":"https://fd13-photos.leclercdrive.fr/image.ashx?id=2647853&use=l&cat=p&typeid=i","cat":304252},{"id":176296,"n":"Confiture de lait Lucien Georgelin 320g","p":3.35,"u":"10,47 €/KG","img":"https://fd13-photos.leclercdrive.fr/image.ashx?id=2292105&use=l&cat=p&typeid=i","cat":284481},{"id":176299,"n":"Biscottes Cracotte LU Fibre - 250g","p":2.0,"u":"8,00 €/KG","img":"https://fd13-photos.leclercdrive.fr/image.ashx?id=2871154&use=l&cat=p&typeid=i","cat":284479},{"id":176384,"n":"Soin Cheveux Magique Elsève Dream Long Embellisseur - 200ml","p":6.83,"u":"34,15 €/L","img":"https://fd13-photos.leclercdrive.fr/image.ashx?id=2439308&use=l&cat=p&typeid=i","cat":284608},{"id":176387,"n":"Masque Hydra-Régénérant Elsève Hyaluron Repulp - 310ml","p":5.39,"u":"17,39 €/L","img":"https://fd13-photos.leclercdrive.fr/image.ashx?id=2865878&use=l&cat=p&typeid=i","cat":284608},{"id":176391,"n":"Sérum Hydra-Texturisant Elsève Cheveux Déshydratés - 150ml","p":11.0,"u":"73,33 €/L","img":"https://fd13-photos.leclercdrive.fr/image.ashx?id=2870677&use=l&cat=p&typeid=i","cat":284608},{"id":176436,"n":"Mini BN Cœur de Lait 175g","p":1.72,"u":"9,83 €/KG","img":"https://fd13-photos.leclercdrive.fr/image.ashx?id=2730484&use=l&cat=p&typeid=i","cat":284489},{"id":176534,"n":"Beurre bio Bio Village Doux  - 82% MG - 250g","p":2.85,"u":"11,40 €/KG","img":"https://fd13-photos.leclercdrive.fr/image.ashx?id=2961716&use=l&cat=p&typeid=i","cat":284379},{"id":176535,"n":"Beurre bio Bio Village  Demi-sel - 80% MG - 250g","p":2.99,"u":"11,96 €/KG","img":"https://fd13-photos.leclercdrive.fr/image.ashx?id=2961719&use=l&cat=p&typeid=i","cat":284379},{"id":176563,"n":"DOC Prosecco Riccadonna rosé Millesimato 2020 - 75cl","p":6.71,"u":"8,95 €/L","img":"https://fd13-photos.leclercdrive.fr/image.ashx?id=2946640&use=l&cat=p&typeid=i","cat":289558},{"id":176607,"n":"Sucre de canne Saint Louis Sécable - non raffiné - 1kg","p":2.58,"u":"2,58 €/KG","img":"https://fd13-photos.leclercdrive.fr/image.ashx?id=2295367&use=l&cat=p&typeid=i","cat":284502},{"id":176624,"n":"Chocolat noir Lindt Création Pâte d'Amande - 110g","p":3.42,"u":"31,09 €/KG","img":"https://fd13-photos.leclercdrive.fr/image.ashx?id=2295813&use=l&cat=p&typeid=i","cat":284956},{"id":176643,"n":"Ananas en tranches Rochefontaine - 340g","p":2.46,"u":"7,24 €/KG","img":"https://fd13-photos.leclercdrive.fr/image.ashx?id=2624275&use=l&cat=p&typeid=i","cat":284507},{"id":176659,"n":"Muesli chocolat bio  Terres et Céréales - 900g","p":5.65,"u":"6,28 €/KG","img":"https://fd13-photos.leclercdrive.fr/image.ashx?id=2858458&use=l&cat=p&typeid=i","cat":309512},{"id":176755,"n":"Lessive en poudre Uni Vert 1,25kg","p":3.89,"u":"3,11 €/KG","img":"https://fd13-photos.leclercdrive.fr/image.ashx?id=2450107&use=l&cat=p&typeid=i","cat":284642},{"id":176846,"n":"Knacki Original Herta x6 - 210g","p":1.59,"u":"7,57 €/KG","img":"https://fd13-photos.leclercdrive.fr/image.ashx?id=2299070&use=l&cat=p&typeid=i","cat":316012},{"id":176847,"n":"Knacki Original Herta x10 - 350g","p":1.73,"u":"4,94 €/KG","img":"https://fd13-photos.leclercdrive.fr/image.ashx?id=2304111&use=l&cat=p&typeid=i","cat":316012},{"id":176848,"n":"Knacki Original Herta Sans nitrite x6 - 210g","p":2.37,"u":"11,29 €/KG","img":"https://fd13-photos.leclercdrive.fr/image.ashx?id=2299073&use=l&cat=p&typeid=i","cat":316012},{"id":176954,"n":"Paëlla de la mer Costa  600 g","p":5.57,"u":"9,28 €/KG","img":"https://fd13-photos.leclercdrive.fr/image.ashx?id=2300995&use=l&cat=p&typeid=i","cat":284254},{"id":176988,"n":"Bonbon à sucer Ricola Menthol Stévia - 50g","p":1.55,"u":"31,00 €/KG","img":"https://fd13-photos.leclercdrive.fr/image.ashx?id=2382201&use=l&cat=p&typeid=i","cat":304252},{"id":176989,"n":"Bonbon à sucer Ricola Sans sucres -50g","p":1.54,"u":"30,80 €/KG","img":"https://fd13-photos.leclercdrive.fr/image.ashx?id=2382204&use=l&cat=p&typeid=i","cat":304252},{"id":176990,"n":"Bonbon à sucer Ricola Citron melisse stévia - 50g","p":1.51,"u":"30,20 €/KG","img":"https://fd13-photos.leclercdrive.fr/image.ashx?id=2382207&use=l&cat=p&typeid=i","cat":304252},{"id":176993,"n":"Bonbon à sucer Ricola Cassis Stevia - 50g","p":1.58,"u":"31,60 €/KG","img":"https://fd13-photos.leclercdrive.fr/image.ashx?id=2382213&use=l&cat=p&typeid=i","cat":304252},{"id":176997,"n":"Pesto à la Calabrese Florelli - 190g","p":1.77,"u":"9,32 €/KG","img":"https://fd13-photos.leclercdrive.fr/image.ashx?id=2904922&use=l&cat=p&typeid=i","cat":289010},{"id":177216,"n":"Bière blanche sans alcool 1664 0,0° - 6x25cl","p":5.03,"u":"3,35 €/L","img":"https://fd13-photos.leclercdrive.fr/image.ashx?id=2907890&use=l&cat=p&typeid=i","cat":334877},{"id":177237,"n":"Sorbet Plein Fruit L'Angélys Poire - 500g","p":5.19,"u":"10,38 €/KG","img":"https://fd13-photos.leclercdrive.fr/image.ashx?id=2963637&use=l&cat=p&typeid=i","cat":284263},{"id":177257,"n":"Yaourt à la Grecque Nat&Vie Mangue Passion - 4x115g","p":2.6,"u":"5,65 €/KG","img":"https://fd13-photos.leclercdrive.fr/image.ashx?id=2901485&use=l&cat=p&typeid=i","cat":316071},{"id":177366,"n":"Feuille de chêne verte  Bonduelle - 175g","p":2.27,"u":"12,97 €/KG","img":"https://fd13-photos.leclercdrive.fr/image.ashx?id=2894203&use=l&cat=p&typeid=i","cat":284353},{"id":177367,"n":"Coeur de Laitue Bonduelle 280g","p":2.5,"u":"8,93 €/KG","img":"https://fd13-photos.leclercdrive.fr/image.ashx?id=2939265&use=l&cat=p&typeid=i","cat":284353},{"id":177381,"n":"Bière blonde Ch'ti 6.8% vol. - 75cl","p":2.79,"u":"3,72 €/L","img":"https://fd13-photos.leclercdrive.fr/image.ashx?id=2840169&use=l&cat=p&typeid=i","cat":334852},{"id":177431,"n":"Sirop Carambar Caramel - 75cl","p":3.46,"u":"4,61 €/L","img":"https://fd13-photos.leclercdrive.fr/image.ashx?id=2388550&use=l&cat=p&typeid=i","cat":295020},{"id":177434,"n":"Sirop Carambar Fraise - 75cl","p":3.65,"u":"4,87 €/L","img":"https://fd13-photos.leclercdrive.fr/image.ashx?id=2398913&use=l&cat=p&typeid=i","cat":295020},{"id":177643,"n":"Gnocchi Roll à poêler Lustucru Format maxi - 500g","p":2.6,"u":"5,20 €/KG","img":"https://fd13-photos.leclercdrive.fr/image.ashx?id=2786210&use=l&cat=p&typeid=i","cat":333682},{"id":177644,"n":"Gnocchi à poêler Lustucru Extra Chèvre - 280g","p":2.33,"u":"8,32 €/KG","img":"https://fd13-photos.leclercdrive.fr/image.ashx?id=2915979&use=l&cat=p&typeid=i","cat":333682},{"id":177653,"n":"Blanc de poulet Fleury Michon Doré au Four x4 - 160g","p":1.57,"u":"9,81 €/KG","img":"https://fd13-photos.leclercdrive.fr/image.ashx?id=3008386&use=l&cat=p&typeid=i","cat":316010},{"id":177670,"n":"Crème fraîche entière Yoplait 30%MG - 450g","p":2.01,"u":"4,47 €/KG","img":"https://fd13-photos.leclercdrive.fr/image.ashx?id=2811044&use=l&cat=p&typeid=i","cat":284381},{"id":177676,"n":"Skyr Yoplait  Nature 0%MG - 8x100G","p":3.42,"u":"4,28 €/KG","img":"https://fd13-photos.leclercdrive.fr/image.ashx?id=2884450&use=l&cat=p&typeid=i","cat":315000},{"id":177677,"n":"Skyr Yoplait  Lit Fruits Rouges 0%MG - 8x100G","p":3.38,"u":"4,23 €/KG","img":"https://fd13-photos.leclercdrive.fr/image.ashx?id=2884453&use=l&cat=p&typeid=i","cat":315000},{"id":177698,"n":"Knacki Original Herta Sans nitrite x4 - 140g","p":1.94,"u":"13,86 €/KG","img":"https://fd13-photos.leclercdrive.fr/image.ashx?id=2309423&use=l&cat=p&typeid=i","cat":316012},{"id":177704,"n":"Knacki Original Herta 100% Porc - 210g","p":2.06,"u":"9,81 €/KG","img":"https://fd13-photos.leclercdrive.fr/image.ashx?id=2309417&use=l&cat=p&typeid=i","cat":316012},{"id":177849,"n":"Lessive Sanytol désinfectante fraicheur florale - 1,70L","p":10.21,"u":"6,01 €/L","img":"https://fd13-photos.leclercdrive.fr/image.ashx?id=2902978&use=l&cat=p&typeid=i","cat":284640},{"id":177914,"n":"Yaourt à boire Actimel Vanille - 8x100g","p":2.93,"u":"3,66 €/KG","img":"https://fd13-photos.leclercdrive.fr/image.ashx?id=2939190&use=l&cat=p&typeid=i","cat":284415},{"id":178110,"n":"Pizza Dr.Oetker Ristorante Thon - 355g","p":2.61,"u":"7,35 €/KG","img":"https://fd13-photos.leclercdrive.fr/image.ashx?id=2993056&use=l&cat=p&typeid=i","cat":284256},{"id":178111,"n":"Pizza Dr.Oetker Ristorante 4 fromages - 340g","p":2.42,"u":"7,12 €/KG","img":"https://fd13-photos.leclercdrive.fr/image.ashx?id=2993050&use=l&cat=p&typeid=i","cat":284256},{"id":178112,"n":"Pizza Dr.Oetker Ristorante Mozzarella - 335g","p":2.61,"u":"7,79 €/KG","img":"https://fd13-photos.leclercdrive.fr/image.ashx?id=2993062&use=l&cat=p&typeid=i","cat":284256},{"id":178113,"n":"Pizza Dr.Oetker Ristorante  Vegetale aux légumes - 385g","p":2.76,"u":"7,17 €/KG","img":"https://fd13-photos.leclercdrive.fr/image.ashx?id=2993068&use=l&cat=p&typeid=i","cat":284256},{"id":178114,"n":"Pizza Ristorante Dr Oetker Royale - 350g","p":2.8,"u":"8,00 €/KG","img":"https://fd13-photos.leclercdrive.fr/image.ashx?id=2993044&use=l&cat=p&typeid=i","cat":284256},{"id":178118,"n":"Chapelure bio Mon Fournil Sans gluten - 200g","p":2.46,"u":"12,30 €/KG","img":"https://fd13-photos.leclercdrive.fr/image.ashx?id=2861680&use=l&cat=p&typeid=i","cat":318654},{"id":178144,"n":"Thé glacé MayTea Saveur Pêche - 1,2L","p":1.96,"u":"1,63 €/L","img":"https://fd13-photos.leclercdrive.fr/image.ashx?id=2648661&use=l&cat=p&typeid=i","cat":295019},{"id":178251,"n":"Brocoli Eco+ 400g","p":0.99,"u":"2,48 €/KG","img":"https://fd13-photos.leclercdrive.fr/image.ashx?id=2953398&use=l&cat=p&typeid=i","cat":284352},{"id":178253,"n":"Yaourt aux fruits Eco+ Panaché - 12x125g","p":2.47,"u":"1,65 €/KG","img":"https://fd13-photos.leclercdrive.fr/image.ashx?id=2849635&use=l&cat=p&typeid=i","cat":284410},{"id":178260,"n":"Truite fumée Eco+ 100g","p":2.33,"u":"23,30 €/KG","img":"https://fd13-photos.leclercdrive.fr/image.ashx?id=2973505&use=l&cat=p&typeid=i","cat":285188},{"id":178278,"n":"AOP Vin Rosé Côtes de Provence Manon - 75 cl","p":7.67,"u":"10,23 €/L","img":"https://fd13-photos.leclercdrive.fr/image.ashx?id=2406037&use=l&cat=p&typeid=i","cat":289558},{"id":178343,"n":"Gaufres de liège chocolat Eco + 300g","p":1.37,"u":"4,57 €/KG","img":"https://fd13-photos.leclercdrive.fr/image.ashx?id=2315764&use=l&cat=p&typeid=i","cat":294777},{"id":178355,"n":"Hachis Parmentier Fleury Michon à l'Emmental - 300g","p":3.21,"u":"10,70 €/KG","img":"https://fd13-photos.leclercdrive.fr/image.ashx?id=3003248&use=l&cat=p&typeid=i","cat":333665},{"id":178362,"n":"Gelée Eclaircissante 100% Ultra Blond effet soleil","p":7.78,"u":"51,87 €/L","img":"https://fd13-photos.leclercdrive.fr/image.ashx?id=2575603&use=l&cat=p&typeid=i","cat":288899},{"id":178539,"n":"Gel Lavant Bébé Mots d'Enfants 2en1 Bio 750ml","p":3.95,"u":"5,27 €/L","img":"https://fd13-photos.leclercdrive.fr/image.ashx?id=3014305&use=l&cat=p&typeid=i","cat":284740},{"id":178544,"n":"Kleenex duobox original 2x72","p":2.65,"u":"0,02 €/P","img":"https://fd13-photos.leclercdrive.fr/image.ashx?id=2318008&use=l&cat=p&typeid=i","cat":284638},{"id":178564,"n":"Farine de riz complet Bio Bio Village - 500g","p":3.21,"u":"6,42 €/KG","img":"https://fd13-photos.leclercdrive.fr/image.ashx?id=2801798&use=l&cat=p&typeid=i","cat":288382},{"id":178620,"n":"Dentifrice L'Arbre Vert Bien-être - 75ml","p":2.57,"u":"34,27 €/L","img":"https://fd13-photos.leclercdrive.fr/image.ashx?id=2892808&use=l&cat=p&typeid=i","cat":284612},{"id":178622,"n":"Gel douche Naturé Moi relaxant Fleur de cerisier - 500ml","p":4.38,"u":"8,76 €/L","img":"https://fd13-photos.leclercdrive.fr/image.ashx?id=2849487&use=l&cat=p&typeid=i","cat":284594},{"id":178625,"n":"Recharge gel douche Sanex Zéro% Tous types de peaux - 500ml","p":3.17,"u":"6,34 €/L","img":"https://fd13-photos.leclercdrive.fr/image.ashx?id=2859986&use=l&cat=p&typeid=i","cat":284594},{"id":178641,"n":"Culotte Feel Natural Menstruelles noires T36/38 x3","p":8.95,"u":"2,98 €/P","img":"https://fd13-photos.leclercdrive.fr/image.ashx?id=2795231&use=l&cat=p&typeid=i","cat":291524},{"id":178642,"n":"Culotte Feel Natural menstruelles noires T38/40","p":8.95,"u":"2,98 €/P","img":"https://fd13-photos.leclercdrive.fr/image.ashx?id=2795234&use=l&cat=p&typeid=i","cat":291524},{"id":178645,"n":"Culotte Feel Natural Menstruelles noires T40/42","p":8.95,"u":"2,98 €/P","img":"https://fd13-photos.leclercdrive.fr/image.ashx?id=2795237&use=l&cat=p&typeid=i","cat":291524},{"id":178682,"n":"Bière blonde Grimbergen Cuvé 8.5 6X25cl","p":5.59,"u":"3,73 €/L","img":"https://fd13-photos.leclercdrive.fr/image.ashx?id=2319541&use=l&cat=p&typeid=i","cat":334852},{"id":178729,"n":"Liniment Mots d'enfants Bio - 500g","p":4.05,"u":"8,10 €/L","img":"https://fd13-photos.leclercdrive.fr/image.ashx?id=3014302&use=l&cat=p&typeid=i","cat":284741},{"id":178789,"n":"Dentifrice Sanogyl  soin gencives - 2x75ml","p":8.24,"u":"54,93 €/L","img":"https://fd13-photos.leclercdrive.fr/image.ashx?id=2320066&use=l&cat=p&typeid=i","cat":284612},{"id":178791,"n":"Huile d'olive Terra Delyssa Bio - 75cl","p":10.03,"u":"13,37 €/L","img":"https://fd13-photos.leclercdrive.fr/image.ashx?id=2736847&use=l&cat=p&typeid=i","cat":284453},{"id":178845,"n":"Tampons Tampax Compak  Avec applicateur - Super+ - x22","p":3.03,"u":"0,14 €/P","img":"https://fd13-photos.leclercdrive.fr/image.ashx?id=2850405&use=l&cat=p&typeid=i","cat":284626},{"id":178890,"n":"Café en grains San Marco n°7 - 1kg","p":21.89,"u":"21,89 €/KG","img":"https://fd13-photos.leclercdrive.fr/image.ashx?id=2322157&use=l&cat=p&typeid=i","cat":293237},{"id":178948,"n":"Gâteau Savane Brossard Tout chocolat pocket x7 210g","p":2.24,"u":"10,67 €/KG","img":"https://fd13-photos.leclercdrive.fr/image.ashx?id=2870728&use=l&cat=p&typeid=i","cat":294776},{"id":178949,"n":"Gâteau Savane Brossard Max Barr' Pocket x7 - 210g","p":2.32,"u":"11,05 €/KG","img":"https://fd13-photos.leclercdrive.fr/image.ashx?id=2870731&use=l&cat=p&typeid=i","cat":294776},{"id":178950,"n":"Eponge Spontex  Flash - x2","p":2.19,"u":"73,00 €/KG","img":"https://fd13-photos.leclercdrive.fr/image.ashx?id=2657781&use=l&cat=p&typeid=i","cat":284667},{"id":178951,"n":"Sacs poubelle Handy Bag   Ultra résistant 50L - x10","p":2.93,"u":"0,29 €/P","img":"https://fd13-photos.leclercdrive.fr/image.ashx?id=2918970&use=l&cat=p&typeid=i","cat":285168},{"id":178954,"n":"Mouchoirs Family Kleenex® Boîte x128","p":1.8,"u":"0,01 €/P","img":"https://fd13-photos.leclercdrive.fr/image.ashx?id=3009017&use=l&cat=p&typeid=i","cat":284638},{"id":178967,"n":"Mochi glacé Vanille Mei Asia - 180g","p":5.49,"u":"30,50 €/KG","img":"https://fd13-photos.leclercdrive.fr/image.ashx?id=2322986&use=l&cat=p&typeid=i","cat":284266},{"id":178974,"n":"Mouchoirs Balsam Kleenex® Boîte x64","p":1.81,"u":"0,03 €/P","img":"https://fd13-photos.leclercdrive.fr/image.ashx?id=2853353&use=l&cat=p&typeid=i","cat":284638},{"id":178981,"n":"Crème adhésive Fixodent Plus Barrière anti-particules - 40g","p":5.01,"u":"125,25 €/KG","img":"https://fd13-photos.leclercdrive.fr/image.ashx?id=2737513&use=l&cat=p&typeid=i","cat":285158},{"id":179002,"n":"Préservatifs Durex Confort Essential Confiance x24","p":9.99,"u":"0,42 €/P","img":"https://fd13-photos.leclercdrive.fr/image.ashx?id=2962029&use=l&cat=p&typeid=i","cat":284631},{"id":179025,"n":"Sacs poubelle 30L Handy Bag Ultra résistant - x20","p":2.48,"u":"0,12 €/P","img":"https://fd13-photos.leclercdrive.fr/image.ashx?id=2603800&use=l&cat=p&typeid=i","cat":285168},{"id":179026,"n":"Sacs poubelle 50L Handy Bag Ultra résistant - x10","p":2.1,"pp":1.6,"u":"0,16 €/P","img":"https://fd13-photos.leclercdrive.fr/image.ashx?id=2906730&use=l&cat=p&typeid=i","cat":285168},{"id":179027,"n":"Sacs poubelle 30L Handy Bag Ultra résistant - x15","p":2.88,"u":"0,19 €/P","img":"https://fd13-photos.leclercdrive.fr/image.ashx?id=2992278&use=l&cat=p&typeid=i","cat":285168},{"id":179028,"n":"Gel douche Sanex zéro 0% Peaux normales - 725ml","p":4.61,"u":"6,36 €/L","img":"https://fd13-photos.leclercdrive.fr/image.ashx?id=2685540&use=l&cat=p&typeid=i","cat":284594},{"id":179029,"n":"Sacs poubelle 30L Handy Bag Dévor odeur Ultra Résistant-x12","p":3.69,"pp":3.19,"img":"https://fd13-photos.leclercdrive.fr/image.ashx?id=2906724&use=l&cat=p&typeid=i","cat":285168},{"id":179030,"n":"Sacs poubelle 30L Handy Bag Ultra résistant - x15","p":3.05,"pp":2.55,"u":"0,17 €/P","img":"https://fd13-photos.leclercdrive.fr/image.ashx?id=2633145&use=l&cat=p&typeid=i","cat":285168},{"id":179031,"n":"Gel douche Sanex zéro 0% Peaux normales - 475ml","p":3.17,"u":"6,67 €/L","img":"https://fd13-photos.leclercdrive.fr/image.ashx?id=2648851&use=l&cat=p&typeid=i","cat":284594},{"id":179032,"n":"Sac poubelle 50L Handy Bag Fixation élastique x10","p":3.78,"pp":3.28,"u":"0,07 €/L","img":"https://fd13-photos.leclercdrive.fr/image.ashx?id=2906721&use=l&cat=p&typeid=i","cat":285168},{"id":179034,"n":"Sacs poubelle 5L Handy Bag Salle de bain - à liens - x35","p":1.72,"pp":1.22,"img":"https://fd13-photos.leclercdrive.fr/image.ashx?id=2906733&use=l&cat=p&typeid=i","cat":285168},{"id":179039,"n":"Film fraîcheur Albal 30m","p":2.42,"img":"https://fd13-photos.leclercdrive.fr/image.ashx?id=2929056&use=l&cat=p&typeid=i","cat":334134},{"id":179040,"n":"Zipper 3L Albal  8 sacs","p":2.2,"img":"https://fd13-photos.leclercdrive.fr/image.ashx?id=2929062&use=l&cat=p&typeid=i","cat":334134},{"id":179041,"n":"Ultra ZIP moyen modèle Albal  15 sacs","p":2.96,"img":"https://fd13-photos.leclercdrive.fr/image.ashx?id=2929068&use=l&cat=p&typeid=i","cat":334134},{"id":179056,"n":"Dentifrice Signal Integral 8  Fraîcheur et détox -75ml","p":2.02,"u":"26,93 €/L","img":"https://fd13-photos.leclercdrive.fr/image.ashx?id=2960228&use=l&cat=p&typeid=i","cat":284612},{"id":179072,"n":"Mascara Maybelline Colossal Very black","p":10.4,"img":"https://fd13-photos.leclercdrive.fr/image.ashx?id=2321959&use=l&cat=p&typeid=i","cat":287029},{"id":179081,"n":"Le Maïs Bonduelle 3x285g","p":3.99,"u":"4,67 €/KG","img":"https://fd13-photos.leclercdrive.fr/image.ashx?id=2746202&use=l&cat=p&typeid=i","cat":312611},{"id":179087,"n":"Liquide Vaisselle Paic Citron - 750ml","p":1.7,"u":"2,27 €/L","img":"https://fd13-photos.leclercdrive.fr/image.ashx?id=2322835&use=l&cat=p&typeid=i","cat":284655},{"id":179088,"n":"Liquide Vaisselle Paic Citron Vert - 750ml","p":1.9,"u":"2,53 €/L","img":"https://fd13-photos.leclercdrive.fr/image.ashx?id=2322838&use=l&cat=p&typeid=i","cat":284655},{"id":179113,"n":"Fromage blanc Faisselle Etrez 12x100g","p":4.57,"u":"3,81 €/KG","img":"https://fd13-photos.leclercdrive.fr/image.ashx?id=2325062&use=l&cat=p&typeid=i","cat":284409},{"id":179263,"n":"Sérum de nuit L'Oréal Paris Age Perfect anti-âge - 30ml","p":11.97,"pp":7.9,"u":"263,33 €/L","img":"https://fd13-photos.leclercdrive.fr/image.ashx?id=2867536&use=l&cat=p&typeid=i","cat":325345},{"id":179264,"n":"Sérum repulpant L'Oréal Paris Revitalift anti-rides - 20ml","p":14.96,"u":"748,00 €/L","img":"https://fd13-photos.leclercdrive.fr/image.ashx?id=2867539&use=l&cat=p&typeid=i","cat":325345},{"id":179265,"n":"Crème de Jour L'Oréal Paris Age Perfect SPF30 - 50ml","p":14.5,"u":"290,00 €/L","img":"https://fd13-photos.leclercdrive.fr/image.ashx?id=2887968&use=l&cat=p&typeid=i","cat":325345},{"id":179299,"n":"Lait bébé Candia Baby  croissance 3ème âge - 6x1L","p":10.52,"u":"1,75 €/L","img":"https://fd13-photos.leclercdrive.fr/image.ashx?id=2963349&use=l&cat=p&typeid=i","cat":284728},{"id":179300,"n":"Lait bébé Candia Baby 4ème âge - 6x1L","p":10.3,"u":"1,72 €/L","img":"https://fd13-photos.leclercdrive.fr/image.ashx?id=2963358&use=l&cat=p&typeid=i","cat":284728},{"id":179301,"n":"Eau Micellaire Garnier Peaux Sèches, Sensibles - 400ml","p":2.82,"u":"7,05 €/L","img":"https://fd13-photos.leclercdrive.fr/image.ashx?id=2323637&use=l&cat=p&typeid=i","cat":284603},{"id":179303,"n":"Gel douche 3en1 Ushuaïa Agrumes - 300ml","p":2.08,"u":"6,93 €/L","img":"https://fd13-photos.leclercdrive.fr/image.ashx?id=2446986&use=l&cat=p&typeid=i","cat":284594},{"id":179326,"n":"Gel douche Sanex Zéro 0% Peaux sèches - 475ml","p":3.17,"u":"6,67 €/L","img":"https://fd13-photos.leclercdrive.fr/image.ashx?id=2692857&use=l&cat=p&typeid=i","cat":284594},{"id":179352,"n":"Eco recharge gel douche Sanex 0% Peaux sèches - 500ml","p":3.05,"u":"6,10 €/L","img":"https://fd13-photos.leclercdrive.fr/image.ashx?id=2866199&use=l&cat=p&typeid=i","cat":284594},{"id":179355,"n":"Eco recharge gel douche Sanex Zéro 0% famille hydratant - 1L","p":7.7,"u":"7,70 €/L","img":"https://fd13-photos.leclercdrive.fr/image.ashx?id=2676927&use=l&cat=p&typeid=i","cat":284594},{"id":179356,"n":"Gel douche Sanex Zéro 0% Peaux sèches - 725ml","p":4.53,"u":"6,25 €/L","img":"https://fd13-photos.leclercdrive.fr/image.ashx?id=2738392&use=l&cat=p&typeid=i","cat":284594},{"id":179382,"n":"Crème nutritive SO'BiO étic bio Argan Peaux matures - 50ml","p":13.8,"u":"276,00 €/L","img":"https://fd13-photos.leclercdrive.fr/image.ashx?id=2775628&use=l&cat=p&typeid=i","cat":325345},{"id":179383,"n":"Sérum SO'BiO étic rose éclat Argan Peaux matures bio - 30ml","p":15.46,"u":"515,33 €/L","img":"https://fd13-photos.leclercdrive.fr/image.ashx?id=2493526&use=l&cat=p&typeid=i","cat":325345},{"id":179384,"n":"Pâte à tartiner Eco+ 750g - aux noissettes","p":2.47,"u":"3,29 €/KG","img":"https://fd13-photos.leclercdrive.fr/image.ashx?id=2841148&use=l&cat=p&typeid=i","cat":284481},{"id":179406,"n":"Éponge Zéro Saleté Rayure Spontex Surface encrassée - x3","p":2.71,"img":"https://fd13-photos.leclercdrive.fr/image.ashx?id=2973087&use=l&cat=p&typeid=i","cat":284667},{"id":179407,"n":"Gratte Éponge Fibre recyclée Spontex - x6","p":3.91,"img":"https://fd13-photos.leclercdrive.fr/image.ashx?id=2973075&use=l&cat=p&typeid=i","cat":284667},{"id":179408,"n":"Sacs poubelle 20L Handy Bag Ultra résistant - x15","p":2.98,"pp":2.48,"u":"0,17 €/P","img":"https://fd13-photos.leclercdrive.fr/image.ashx?id=2596317&use=l&cat=p&typeid=i","cat":285168},{"id":179410,"n":"Sac multi-usages Zipper Albal Petit modèle - 12 sacs","p":2.15,"u":"0,18 €/P","img":"https://fd13-photos.leclercdrive.fr/image.ashx?id=2929065&use=l&cat=p&typeid=i","cat":334134},{"id":179422,"n":"Spray désodorisant Airwick Neutralisateur Coton - 237ml","p":3.43,"u":"14,47 €/L","img":"https://fd13-photos.leclercdrive.fr/image.ashx?id=2792822&use=l&cat=p&typeid=i","cat":311626},{"id":179431,"n":"Brioche Pitch Chocolat x8 - 300g","p":1.81,"u":"6,03 €/KG","img":"https://fd13-photos.leclercdrive.fr/image.ashx?id=2452119&use=l&cat=p&typeid=i","cat":293505},{"id":179432,"n":"Brioches Pitch Fraise x8 - 300g","p":1.97,"u":"6,57 €/KG","img":"https://fd13-photos.leclercdrive.fr/image.ashx?id=2452116&use=l&cat=p&typeid=i","cat":293505},{"id":179435,"n":"Brioche Pitch Chocolat x12 - 450g","p":3.09,"u":"6,87 €/KG","img":"https://fd13-photos.leclercdrive.fr/image.ashx?id=2452110&use=l&cat=p&typeid=i","cat":293505},{"id":179438,"n":"Brioche Pitch Pépites de chocolat x12 - 450g","p":3.22,"u":"7,16 €/KG","img":"https://fd13-photos.leclercdrive.fr/image.ashx?id=2452104&use=l&cat=p&typeid=i","cat":293505},{"id":179440,"n":"Brioches Pitch  Choco barre lait x8 - 300g","p":2.32,"u":"7,73 €/KG","img":"https://fd13-photos.leclercdrive.fr/image.ashx?id=2454115&use=l&cat=p&typeid=i","cat":293505},{"id":179443,"n":"Brioches Pitch Crousti x8 - 300g","p":2.77,"u":"9,23 €/KG","img":"https://fd13-photos.leclercdrive.fr/image.ashx?id=2454109&use=l&cat=p&typeid=i","cat":293505},{"id":179533,"n":"Soda Fanta citron  bouteille - 1.25L","p":1.68,"u":"1,34 €/L","img":"https://fd13-photos.leclercdrive.fr/image.ashx?id=2659394&use=l&cat=p&typeid=i","cat":284532},{"id":179603,"n":"Bonbons Tic Tac  49g - Framboise myrtille","p":1.6,"u":"32,65 €/KG","img":"https://fd13-photos.leclercdrive.fr/image.ashx?id=2479492&use=l&cat=p&typeid=i","cat":304256},{"id":179645,"n":"Limonade double zest Lorina Bouteille - 1,25L","p":1.3,"u":"1,04 €/L","img":"https://fd13-photos.leclercdrive.fr/image.ashx?id=2723836&use=l&cat=p&typeid=i","cat":284531},{"id":179657,"n":"Capsules Café Carte Noire  Arabica Intense n°9 x10 - 55g","p":3.36,"u":"61,09 €/KG","img":"https://fd13-photos.leclercdrive.fr/image.ashx?id=2872961&use=l&cat=p&typeid=i","cat":284749},{"id":179658,"n":"Capsules Café Carte Noire  Arabica Classique n°7 x10 - 55g","p":3.45,"u":"62,73 €/KG","img":"https://fd13-photos.leclercdrive.fr/image.ashx?id=2878387&use=l&cat=p&typeid=i","cat":284749},{"id":179661,"n":"Capsules Café Carte Noire  Arabica Lungo n°6 x10 - 56g","p":3.47,"u":"61,96 €/KG","img":"https://fd13-photos.leclercdrive.fr/image.ashx?id=2872967&use=l&cat=p&typeid=i","cat":284749},{"id":179662,"n":"Capsules Café Carte Noire  Arabica Intense n°9 x30 - 165g","p":9.38,"u":"56,85 €/KG","img":"https://fd13-photos.leclercdrive.fr/image.ashx?id=2877148&use=l&cat=p&typeid=i","cat":284749},{"id":179666,"n":"Couscous Merguez  Boulettes au Bœuf Marie - 950g","p":5.81,"u":"6,12 €/KG","img":"https://fd13-photos.leclercdrive.fr/image.ashx?id=2996692&use=l&cat=p&typeid=i","cat":284254},{"id":179669,"n":"Liquide vaisselle Paic Citron - 1,5L","p":2.82,"u":"1,88 €/L","img":"https://fd13-photos.leclercdrive.fr/image.ashx?id=2328673&use=l&cat=p&typeid=i","cat":284655},{"id":179700,"n":"Crème glacée La Belle Aude Caramel - 356g","p":6.11,"u":"17,16 €/KG","img":"https://fd13-photos.leclercdrive.fr/image.ashx?id=2336129&use=l&cat=p&typeid=i","cat":284263},{"id":179734,"n":"Huile Isio 4 Lesieur 50cl","p":2.15,"u":"4,30 €/L","img":"https://fd13-photos.leclercdrive.fr/image.ashx?id=2916027&use=l&cat=p&typeid=i","cat":284453},{"id":179773,"n":"La limonade de Goudale 75cl","p":2.39,"u":"3,19 €/L","img":"https://fd13-photos.leclercdrive.fr/image.ashx?id=2333123&use=l&cat=p&typeid=i","cat":284531},{"id":179881,"n":"Crème glacée Ben & Jerry's Cookie Vermont-Ster - 324g","p":5.62,"u":"17,35 €/KG","img":"https://fd13-photos.leclercdrive.fr/image.ashx?id=2793044&use=l&cat=p&typeid=i","cat":284725},{"id":179961,"n":"Haricots verts Jardin Bio Etic Bio - sans sel ajouté - 185g","p":2.65,"u":"14,32 €/KG","img":"https://fd13-photos.leclercdrive.fr/image.ashx?id=2835421&use=l&cat=p&typeid=i","cat":312606},{"id":179967,"n":"Beurre de cacahuete Jardin Bio Bio - Creamy - 500g","p":5.85,"u":"11,70 €/KG","img":"https://fd13-photos.leclercdrive.fr/image.ashx?id=2926503&use=l&cat=p&typeid=i","cat":284481},{"id":179970,"n":"Thé noir bio Jardin Bio Etic Fruits rouges x20 - 28g","p":2.94,"u":"105,00 €/KG","img":"https://fd13-photos.leclercdrive.fr/image.ashx?id=2419089&use=l&cat=p&typeid=i","cat":293233},{"id":179973,"n":"Rosso  14,4% - 1L","p":3.47,"u":"3,47 €/L","img":"https://fd13-photos.leclercdrive.fr/image.ashx?id=2800228&use=l&cat=p&typeid=i","cat":284913},{"id":179974,"n":"Bianco 14,4% - 1L","p":3.5,"u":"3,50 €/L","img":"https://fd13-photos.leclercdrive.fr/image.ashx?id=2800231&use=l&cat=p&typeid=i","cat":284913},{"id":179976,"n":"Chocolat noir Lindt Excellence 28 bouchées - 154g","p":4.52,"u":"29,35 €/KG","img":"https://fd13-photos.leclercdrive.fr/image.ashx?id=2425592&use=l&cat=p&typeid=i","cat":284499},{"id":179979,"n":"AOC Crémant d'Alsace brut 75cl","p":5.35,"u":"7,13 €/L","img":"https://fd13-photos.leclercdrive.fr/image.ashx?id=2888932&use=l&cat=p&typeid=i","cat":284545},{"id":179985,"n":"Bière ambrée Ch'ti   6,2°  -75cl","p":3.02,"u":"4,03 €/L","img":"https://fd13-photos.leclercdrive.fr/image.ashx?id=2329473&use=l&cat=p&typeid=i","cat":334852},{"id":180030,"n":"Sauce Crudités Bénédicta Nature - 735g","p":3.49,"u":"4,75 €/KG","img":"https://fd13-photos.leclercdrive.fr/image.ashx?id=2549777&use=l&cat=p&typeid=i","cat":284456},{"id":180041,"n":"Chips Tuiles Pringles Paprika - 175g","p":1.78,"u":"10,17 €/KG","img":"https://fd13-photos.leclercdrive.fr/image.ashx?id=2902301&use=l&cat=p&typeid=i","cat":287899},{"id":180044,"n":"Filtres à café brun Melitta FSC 1x4 - 80 filtres","p":1.83,"u":"12,45 €/KG","img":"https://fd13-photos.leclercdrive.fr/image.ashx?id=2908276&use=l&cat=p&typeid=i","cat":284751},{"id":180056,"n":"Vinaigre balsamique Ponti de Modène IGP - 500 ml","p":3.15,"u":"6,30 €/L","img":"https://fd13-photos.leclercdrive.fr/image.ashx?id=2330191&use=l&cat=p&typeid=i","cat":298543},{"id":180065,"n":"Rillettes de thon Petit Navire 125g","p":2.01,"u":"16,08 €/KG","img":"https://fd13-photos.leclercdrive.fr/image.ashx?id=2533388&use=l&cat=p&typeid=i","cat":303867},{"id":180066,"n":"Cidre brut Eco+ 4% - 75cl","p":1.59,"u":"2,12 €/L","img":"https://fd13-photos.leclercdrive.fr/image.ashx?id=2903920&use=l&cat=p&typeid=i","cat":334880},{"id":180069,"n":"Rillettes au saumon  Petit Navire - 125g","p":1.83,"u":"14,64 €/KG","img":"https://fd13-photos.leclercdrive.fr/image.ashx?id=2533391&use=l&cat=p&typeid=i","cat":305147},{"id":180071,"n":"Cidre doux Eco+ 2% - 75cl","p":1.59,"u":"2,12 €/L","img":"https://fd13-photos.leclercdrive.fr/image.ashx?id=2903926&use=l&cat=p&typeid=i","cat":334880},{"id":180074,"n":"Fond de veau Maggi - 240g","p":3.66,"u":"15,25 €/KG","img":"https://fd13-photos.leclercdrive.fr/image.ashx?id=2918047&use=l&cat=p&typeid=i","cat":288379},{"id":180079,"n":"Biscuits chocolats Kinder Duo Chocolat blanc et lait - 150g","p":2.07,"u":"13,80 €/KG","img":"https://fd13-photos.leclercdrive.fr/image.ashx?id=2959127&use=l&cat=p&typeid=i","cat":284488},{"id":180118,"n":"Mais d'aucy  Bio - 2x140g","p":1.97,"u":"7,04 €/KG","img":"https://fd13-photos.leclercdrive.fr/image.ashx?id=2651825&use=l&cat=p&typeid=i","cat":312611},{"id":180121,"n":"Riz curry et poulet individuel William Saurin - 300g","p":2.99,"u":"9,97 €/KG","img":"https://fd13-photos.leclercdrive.fr/image.ashx?id=2335184&use=l&cat=p&typeid=i","cat":284953},{"id":180126,"n":"Infusion à froid Tisea Pomme citron vert - 33g","p":1.89,"u":"57,27 €/KG","img":"https://fd13-photos.leclercdrive.fr/image.ashx?id=2387106&use=l&cat=p&typeid=i","cat":293234},{"id":180127,"n":"Infusion à froid Tisea  Pamplemousse orange- 33g","p":1.89,"u":"57,27 €/KG","img":"https://fd13-photos.leclercdrive.fr/image.ashx?id=2330951&use=l&cat=p&typeid=i","cat":293234},{"id":180128,"n":"Infusion à froid Tisea  Fruits rouges - 33g","p":1.89,"u":"57,27 €/KG","img":"https://fd13-photos.leclercdrive.fr/image.ashx?id=2897838&use=l&cat=p&typeid=i","cat":293234},{"id":180150,"n":"Crème de coco - brique de 400ml","p":2.69,"u":"6,73 €/L","img":"https://fd13-photos.leclercdrive.fr/image.ashx?id=2906901&use=l&cat=p&typeid=i","cat":288992},{"id":180154,"n":"Chewing-gum Freedent Myrtille sans sucres 5x10 dragées -70g","p":2.7,"u":"38,57 €/KG","img":"https://fd13-photos.leclercdrive.fr/image.ashx?id=2330356&use=l&cat=p&typeid=i","cat":304251},{"id":180155,"n":"Chewing-gum Freedent White Fraise 5x10 dragées - 70g","p":3.17,"u":"45,29 €/KG","img":"https://fd13-photos.leclercdrive.fr/image.ashx?id=2330359&use=l&cat=p&typeid=i","cat":304251},{"id":180157,"n":"Gelée de Groseilles Bonne Maman - 370g","p":1.86,"u":"5,03 €/KG","img":"https://fd13-photos.leclercdrive.fr/image.ashx?id=2482975&use=l&cat=p&typeid=i","cat":284480},{"id":180167,"n":"Complément alimentaire Juvamine magnésium marin + vit B6 x30","p":3.26,"img":"https://fd13-photos.leclercdrive.fr/image.ashx?id=2745643&use=l&cat=p&typeid=i","cat":313217},{"id":180173,"n":"Pâté de foie Hénaff supérieur  sel de Guérande - 3x78g","p":2.27,"u":"9,70 €/KG","img":"https://fd13-photos.leclercdrive.fr/image.ashx?id=2582132&use=l&cat=p&typeid=i","cat":305149},{"id":180178,"n":"Quenelles de brochet  Petit Jean - 400g","p":1.99,"u":"4,98 €/KG","img":"https://fd13-photos.leclercdrive.fr/image.ashx?id=2677228&use=l&cat=p&typeid=i","cat":284441},{"id":180179,"n":"Sauce tomate aux champignons  Panzani Bolets et cèpes - 210g","p":1.42,"u":"6,76 €/KG","img":"https://fd13-photos.leclercdrive.fr/image.ashx?id=2880676&use=l&cat=p&typeid=i","cat":299047},{"id":180181,"n":"Sardines à l'huile d'olive Connétable - 135g","p":2.6,"u":"19,26 €/KG","img":"https://fd13-photos.leclercdrive.fr/image.ashx?id=2762115&use=l&cat=p&typeid=i","cat":305146},{"id":180187,"n":"Sauce Pesto Tomates Basilic Panzani - 200G","p":1.79,"u":"8,95 €/KG","img":"https://fd13-photos.leclercdrive.fr/image.ashx?id=2977930&use=l&cat=p&typeid=i","cat":287599},{"id":180193,"n":"Soupe déshydratée Knorr Cèpes  champignons  - 75cl","p":1.95,"u":"21,43 €/KG","img":"https://fd13-photos.leclercdrive.fr/image.ashx?id=2790318&use=l&cat=p&typeid=i","cat":284463},{"id":180196,"n":"Brioches Pitch  Pomme poire - x8 - 300g","p":2.68,"u":"8,93 €/KG","img":"https://fd13-photos.leclercdrive.fr/image.ashx?id=2454100&use=l&cat=p&typeid=i","cat":293505},{"id":180197,"n":"Langue Pik Haribo Sachet bonbons acidulés - 180g","p":1.71,"u":"9,50 €/KG","img":"https://fd13-photos.leclercdrive.fr/image.ashx?id=2984949&use=l&cat=p&typeid=i","cat":304250},{"id":180198,"n":"Thé noir Tetley English  breakfast x100 - 200 g","p":4.83,"u":"24,15 €/KG","img":"https://fd13-photos.leclercdrive.fr/image.ashx?id=2647182&use=l&cat=p&typeid=i","cat":293233},{"id":180201,"n":"Thé Earl Grey Twinings 50 sachets - 100g","p":4.01,"u":"40,10 €/KG","img":"https://fd13-photos.leclercdrive.fr/image.ashx?id=2893018&use=l&cat=p&typeid=i","cat":293233},{"id":180202,"n":"Purée de tomate Panzani Tomacouli ail & herbes - 500g","p":1.94,"u":"3,88 €/KG","img":"https://fd13-photos.leclercdrive.fr/image.ashx?id=2890610&use=l&cat=p&typeid=i","cat":288384},{"id":180206,"n":"Haricots verts et beurre bio Extra fins Jardin Bio-400g","p":3.71,"u":"9,28 €/KG","img":"https://fd13-photos.leclercdrive.fr/image.ashx?id=2534848&use=l&cat=p&typeid=i","cat":312606},{"id":180210,"n":"Thé vert Tetley x100 - 150g","p":3.59,"u":"23,93 €/KG","img":"https://fd13-photos.leclercdrive.fr/image.ashx?id=2330700&use=l&cat=p&typeid=i","cat":293233},{"id":180217,"n":"Assaisonnement déshydraté Knorr Origan basilic romarin - 145g","p":3.07,"u":"21,17 €/KG","img":"https://fd13-photos.leclercdrive.fr/image.ashx?id=3014653&use=l&cat=p&typeid=i","cat":298297},{"id":180218,"n":"Pâté de campagne Hénaff sel de Guérande - 3x78g","p":2.31,"u":"9,87 €/KG","img":"https://fd13-photos.leclercdrive.fr/image.ashx?id=2663878&use=l&cat=p&typeid=i","cat":305149},{"id":180233,"n":"Crème de marrons vanille  Douceur du Verger - 500g","p":2.12,"u":"4,24 €/KG","img":"https://fd13-photos.leclercdrive.fr/image.ashx?id=2691471&use=l&cat=p&typeid=i","cat":284506},{"id":180240,"n":"Sucre roux de canne  Blonvilliers - 750g","p":2.83,"u":"3,77 €/KG","img":"https://fd13-photos.leclercdrive.fr/image.ashx?id=2460092&use=l&cat=p&typeid=i","cat":284502},{"id":180247,"n":"Double concentré de tomates  Eco+ - 440g","p":1.31,"u":"2,98 €/KG","img":"https://fd13-photos.leclercdrive.fr/image.ashx?id=3012370&use=l&cat=p&typeid=i","cat":288384},{"id":180278,"n":"Sauce tomate pour pizza Zapetti - 300g","p":1.94,"u":"6,47 €/KG","img":"https://fd13-photos.leclercdrive.fr/image.ashx?id=2579990&use=l&cat=p&typeid=i","cat":288384},{"id":180302,"n":"Biscuits Palmier St Michel  au beurre - 87g","p":1.15,"u":"13,22 €/KG","img":"https://fd13-photos.leclercdrive.fr/image.ashx?id=2555379&use=l&cat=p&typeid=i","cat":284487},{"id":180303,"n":"Biscuits galettes St Michel au  beurre 1905 - 150g","p":1.46,"u":"9,73 €/KG","img":"https://fd13-photos.leclercdrive.fr/image.ashx?id=2937766&use=l&cat=p&typeid=i","cat":284487},{"id":180304,"n":"Semoule de couscous moyen Eco+ - 1kg","p":1.05,"u":"1,05 €/KG","img":"https://fd13-photos.leclercdrive.fr/image.ashx?id=2690823&use=l&cat=p&typeid=i","cat":284429},{"id":180311,"n":"Double concentré de tomates  Eco+ - 200g","p":1.22,"u":"6,10 €/KG","img":"https://fd13-photos.leclercdrive.fr/image.ashx?id=2794820&use=l&cat=p&typeid=i","cat":288384},{"id":180313,"n":"Bouchées pour chat Eco+ Truite saumon et légumes - 410g","p":0.65,"u":"1,59 €/KG","img":"https://fd13-photos.leclercdrive.fr/image.ashx?id=2330897&use=l&cat=p&typeid=i","cat":285601},{"id":180317,"n":"Pistaches non salées Tokapi 125g","p":2.33,"u":"18,64 €/KG","img":"https://fd13-photos.leclercdrive.fr/image.ashx?id=2793302&use=l&cat=p&typeid=i","cat":284448},{"id":180327,"n":"Pâtée pour chats Eco+ poisson et à la carotte - 410g","p":0.7,"u":"1,71 €/KG","img":"https://fd13-photos.leclercdrive.fr/image.ashx?id=2690847&use=l&cat=p&typeid=i","cat":285601},{"id":180333,"n":"Grignot' cacahuètes Tokapi - 140g","p":0.99,"u":"7,07 €/KG","img":"https://fd13-photos.leclercdrive.fr/image.ashx?id=2331066&use=l&cat=p&typeid=i","cat":284449},{"id":180340,"n":"Lait bébé 1A GUIGOZ OPTIPRO  0-6 mois - 2x600g","p":20.66,"u":"17,22 €/KG","img":"https://fd13-photos.leclercdrive.fr/image.ashx?id=2846147&use=l&cat=p&typeid=i","cat":284726},{"id":180344,"n":"Fromage enfant Mini Babybel 6 portions goûter - 132g","p":2.31,"u":"17,50 €/KG","img":"https://fd13-photos.leclercdrive.fr/image.ashx?id=2970822&use=l&cat=p&typeid=i","cat":314030},{"id":180345,"n":"Fromage enfant Mini Babybel 12 portions goûter - 264g","p":4.31,"u":"16,33 €/KG","img":"https://fd13-photos.leclercdrive.fr/image.ashx?id=2970825&use=l&cat=p&typeid=i","cat":314030},{"id":180347,"n":"Chips Pom'lisse nature sans sel - 125g","p":1.19,"u":"9,52 €/KG","img":"https://fd13-photos.leclercdrive.fr/image.ashx?id=2919661&use=l&cat=p&typeid=i","cat":284447},{"id":180356,"n":"Muesli croustillant chocolat  bio Terres et Céréales-1kg","p":7.49,"u":"7,49 €/KG","img":"https://fd13-photos.leclercdrive.fr/image.ashx?id=2802458&use=l&cat=p&typeid=i","cat":309512},{"id":180366,"n":"Pâte à tartiner NRT Noisettes - 400g","p":4.67,"u":"11,68 €/KG","img":"https://fd13-photos.leclercdrive.fr/image.ashx?id=2791123&use=l&cat=p&typeid=i","cat":284481},{"id":180376,"n":"Chocolat au lait Bio Village Patissier Bio - 200g","p":3.71,"u":"18,55 €/KG","img":"https://fd13-photos.leclercdrive.fr/image.ashx?id=2776517&use=l&cat=p&typeid=i","cat":285562},{"id":180391,"n":"Bonbons Lutti Fili Dooo XL Fraise - 180g","p":1.59,"u":"8,83 €/KG","img":"https://fd13-photos.leclercdrive.fr/image.ashx?id=2817449&use=l&cat=p&typeid=i","cat":304250},{"id":180392,"n":"Bonbons Lutti Pokémon fizz - 180g","p":1.31,"u":"7,28 €/KG","img":"https://fd13-photos.leclercdrive.fr/image.ashx?id=2806150&use=l&cat=p&typeid=i","cat":304250},{"id":180397,"n":"Barres Chocolatées KINDER BUENO  Chocolat au Lait x3 - 129g","p":2.23,"u":"17,29 €/KG","img":"https://fd13-photos.leclercdrive.fr/image.ashx?id=2762295&use=l&cat=p&typeid=i","cat":284498},{"id":180401,"n":"Mayonnaise Bénédicta Nature - 255g","p":1.82,"u":"7,14 €/KG","img":"https://fd13-photos.leclercdrive.fr/image.ashx?id=2658734&use=l&cat=p&typeid=i","cat":298295},{"id":180405,"n":"Thon au Naturel Petit Navire 2x112g","p":4.09,"u":"18,26 €/KG","img":"https://fd13-photos.leclercdrive.fr/image.ashx?id=2944618&use=l&cat=p&typeid=i","cat":303867},{"id":180414,"n":"Chips Tuiles Pringles Pizza - 175g","p":2.17,"u":"12,40 €/KG","img":"https://fd13-photos.leclercdrive.fr/image.ashx?id=2661748&use=l&cat=p&typeid=i","cat":287899},{"id":180418,"n":"Pois chiches Sultanines 530g","p":1.55,"u":"2,92 €/KG","img":"https://fd13-photos.leclercdrive.fr/image.ashx?id=2331363&use=l&cat=p&typeid=i","cat":312609},{"id":180420,"n":"Café moulu Malongo  Goût italien - 250g","p":3.82,"u":"15,28 €/KG","img":"https://fd13-photos.leclercdrive.fr/image.ashx?id=2331384&use=l&cat=p&typeid=i","cat":284750},{"id":180421,"n":"Bûchettes de sucre Saint Louis 4g x 125 - coffret de 500g","p":2.82,"u":"5,64 €/KG","img":"https://fd13-photos.leclercdrive.fr/image.ashx?id=2331387&use=l&cat=p&typeid=i","cat":284502},{"id":180429,"n":"Agar Bio Village  Bio - 8g","p":2.09,"u":"261,25 €/KG","img":"https://fd13-photos.leclercdrive.fr/image.ashx?id=2343225&use=l&cat=p&typeid=i","cat":284504},{"id":180432,"n":"Thé noir Twinings vanille x20 - 32g","p":2.66,"u":"83,13 €/KG","img":"https://fd13-photos.leclercdrive.fr/image.ashx?id=2893057&use=l&cat=p&typeid=i","cat":293233},{"id":180433,"n":"Sérum Physiologique  Mercurochrome 30x5ml","p":3.79,"u":"25,27 €/L","img":"https://fd13-photos.leclercdrive.fr/image.ashx?id=2731474&use=l&cat=p&typeid=i","cat":284741},{"id":180444,"n":"Isey Skyr Cheesecake Citron - 400g","p":2.86,"u":"7,15 €/KG","img":"https://fd13-photos.leclercdrive.fr/image.ashx?id=2598618&use=l&cat=p&typeid=i","cat":315000},{"id":180453,"n":"Thé glacé Fuze Tea  Pêche Intense - 6x33cl","p":3.77,"u":"1,90 €/L","img":"https://fd13-photos.leclercdrive.fr/image.ashx?id=2940405&use=l&cat=p&typeid=i","cat":295019},{"id":180458,"n":"Amandes en poudre Vahiné 125g","p":2.96,"u":"23,68 €/KG","img":"https://fd13-photos.leclercdrive.fr/image.ashx?id=2785934&use=l&cat=p&typeid=i","cat":284504},{"id":180464,"n":"Caramels tendres Werthers 165g","p":2.43,"u":"14,73 €/KG","img":"https://fd13-photos.leclercdrive.fr/image.ashx?id=2660164&use=l&cat=p&typeid=i","cat":304252},{"id":180498,"n":"Chips ancienne nature Lay's Sel - 155g","p":1.25,"u":"8,06 €/KG","img":"https://fd13-photos.leclercdrive.fr/image.ashx?id=2996596&use=l&cat=p&typeid=i","cat":284447},{"id":180503,"n":"Huile d'olive vierge extraite à froid - 75cl","p":7.14,"u":"9,52 €/L","img":"https://fd13-photos.leclercdrive.fr/image.ashx?id=2511790&use=l&cat=p&typeid=i","cat":284453},{"id":180514,"n":"AOP Côtes du Rhône 2021 HVE - 13% - 75cl","p":4.9,"u":"6,53 €/L","img":"https://fd13-photos.leclercdrive.fr/image.ashx?id=2344831&use=l&cat=p&typeid=i","cat":289557},{"id":180546,"n":"Serviettes Ultra Régulier+ Nana Deo Ailettes Flux modéré - x14","p":2.17,"u":"0,16 €/P","img":"https://fd13-photos.leclercdrive.fr/image.ashx?id=2767225&use=l&cat=p&typeid=i","cat":284624},{"id":180549,"n":"Serviettes Ultra Régulier Nana Deo Ailettes Flux modéré - x28","p":3.76,"u":"0,13 €/P","img":"https://fd13-photos.leclercdrive.fr/image.ashx?id=3005299&use=l&cat=p&typeid=i","cat":284624},{"id":180550,"n":"Serviettes hygiéniques Nana Ultra - Spécial Nuit - x10","p":1.86,"u":"0,19 €/P","img":"https://fd13-photos.leclercdrive.fr/image.ashx?id=2944990&use=l&cat=p&typeid=i","cat":284624},{"id":180551,"n":"Serviettes hygiéniques Nana Ultra - Spécial Nuit - x20","p":3.31,"u":"0,17 €/P","img":"https://fd13-photos.leclercdrive.fr/image.ashx?id=2756401&use=l&cat=p&typeid=i","cat":284624},{"id":180556,"n":"Sirop de Citron Bio Village Bio - 50cl","p":2.29,"u":"4,58 €/L","img":"https://fd13-photos.leclercdrive.fr/image.ashx?id=2873192&use=l&cat=p&typeid=i","cat":295020},{"id":180563,"n":"Viande des Grisons Aoste 10 Tranches - 70g","p":4.5,"u":"64,29 €/KG","img":"https://fd13-photos.leclercdrive.fr/image.ashx?id=2939838&use=l&cat=p&typeid=i","cat":316007},{"id":180667,"n":"Fruit Shoot \"Teisseire\" Fruits Rouges - 6x20cl","p":3.07,"u":"2,56 €/L","img":"https://fd13-photos.leclercdrive.fr/image.ashx?id=2874862&use=l&cat=p&typeid=i","cat":295018},{"id":180753,"n":"Sorbet Otantic  Citron jaune - 500g","p":6.17,"u":"12,34 €/KG","img":"https://fd13-photos.leclercdrive.fr/image.ashx?id=2629368&use=l&cat=p&typeid=i","cat":284263},{"id":180786,"n":"Moutarde de Dijon Jardin Bio Forte bio - 350g","p":3.18,"u":"9,09 €/KG","img":"https://fd13-photos.leclercdrive.fr/image.ashx?id=2340216&use=l&cat=p&typeid=i","cat":288850},{"id":180797,"n":"Mouchoirs UltraSoft Kleenex® Boîte x64","p":1.62,"img":"https://fd13-photos.leclercdrive.fr/image.ashx?id=2853350&use=l&cat=p&typeid=i","cat":284638},{"id":180868,"n":"Nettoyant Multi-Usages Carolin Huiles essentielles - 1L","p":2.99,"u":"2,99 €/L","img":"https://fd13-photos.leclercdrive.fr/image.ashx?id=2347837&use=l&cat=p&typeid=i","cat":284907},{"id":180872,"n":"Miettes de thon huile d'olive 2x160g","p":6.78,"u":"21,19 €/KG","img":"https://fd13-photos.leclercdrive.fr/image.ashx?id=2340509&use=l&cat=p&typeid=i","cat":303867},{"id":181162,"n":"10 stylos à bille Esquisse Pointes moyennes","p":1.75,"img":"https://fd13-photos.leclercdrive.fr/image.ashx?id=2349415&use=l&cat=p&typeid=i","cat":334133},{"id":181436,"n":"Trieur Esquisse A4 Rouge - 12 positions - x1","p":3.89,"img":"https://fd13-photos.leclercdrive.fr/image.ashx?id=2943310&use=l&cat=p&typeid=i","cat":284745},{"id":181437,"n":"Protège-documents Esquisse Gris - 160 vues","p":3.99,"img":"https://fd13-photos.leclercdrive.fr/image.ashx?id=2943313&use=l&cat=p&typeid=i","cat":284745},{"id":181438,"n":"Protège-documents Esquisse Rouge - 160 vues","p":3.99,"img":"https://fd13-photos.leclercdrive.fr/image.ashx?id=2943316&use=l&cat=p&typeid=i","cat":284745},{"id":181755,"n":"Complément alimentaire  Confort Urinaire  Pépins courge","p":5.15,"u":"135,53 €/KG","img":"https://fd13-photos.leclercdrive.fr/image.ashx?id=2341489&use=l&cat=p&typeid=i","cat":313217},{"id":181761,"n":"Shampoing Le Petit Marseillais  Bio pomme & aloe vera - 250ml","p":4.17,"u":"17,38 €/L","img":"https://fd13-photos.leclercdrive.fr/image.ashx?id=2684194&use=l&cat=p&typeid=i","cat":284606},{"id":182013,"n":"Café Moulu  Espresso - Méo - 1kg","p":15.25,"u":"15,25 €/KG","img":"https://fd13-photos.leclercdrive.fr/image.ashx?id=2571293&use=l&cat=p&typeid=i","cat":284750},{"id":182047,"n":"Jambon de Bayonne Saint Azay 6 tranches - 150g","p":3.72,"u":"24,80 €/KG","img":"https://fd13-photos.leclercdrive.fr/image.ashx?id=2342190&use=l&cat=p&typeid=i","cat":316007},{"id":182071,"n":"Croquettes chien Ultima Mini Adulte poulet - 1.35kg","p":5.55,"u":"4,11 €/KG","img":"https://fd13-photos.leclercdrive.fr/image.ashx?id=2926645&use=l&cat=p&typeid=i","cat":294526},{"id":182107,"n":"DOC Prosecco Perlino vin Pétillant rosé - 75cl","p":6.39,"u":"8,52 €/L","img":"https://fd13-photos.leclercdrive.fr/image.ashx?id=2612784&use=l&cat=p&typeid=i","cat":289461},{"id":182111,"n":"DOC Prosecco perlino Vin pétillant 37.5cl","p":4.24,"u":"11,31 €/L","img":"https://fd13-photos.leclercdrive.fr/image.ashx?id=2955513&use=l&cat=p&typeid=i","cat":284544},{"id":182132,"n":"Parmesan Râpé Giovanni Ferrari  22 mois AOP - 140g","p":3.78,"u":"27,00 €/KG","img":"https://fd13-photos.leclercdrive.fr/image.ashx?id=3002300&use=l&cat=p&typeid=i","cat":314035},{"id":182137,"n":"Cheddar Bristish Heritage AOP  Extra Mature Bloc - 200g","p":3.41,"u":"17,05 €/KG","img":"https://fd13-photos.leclercdrive.fr/image.ashx?id=2766535&use=l&cat=p&typeid=i","cat":314034},{"id":182152,"n":"Emmental râpé fondant Président 350g","p":3.56,"u":"10,17 €/KG","img":"https://fd13-photos.leclercdrive.fr/image.ashx?id=2490599&use=l&cat=p&typeid=i","cat":314035},{"id":182157,"n":"Dentifrice enfants Bionaia Bio - 50ml","p":1.15,"u":"23,00 €/L","img":"https://fd13-photos.leclercdrive.fr/image.ashx?id=2498837&use=l&cat=p&typeid=i","cat":288898},{"id":182160,"n":"Maïs croquant d'Aucy 4x285g","p":3.99,"u":"3,50 €/KG","img":"https://fd13-photos.leclercdrive.fr/image.ashx?id=2478526&use=l&cat=p&typeid=i","cat":312611},{"id":182179,"n":"Boisson aux fruits Oasis Tropical - 1,5L","p":2.04,"u":"1,36 €/L","img":"https://fd13-photos.leclercdrive.fr/image.ashx?id=2666698&use=l&cat=p&typeid=i","cat":295018},{"id":182180,"n":"Sirop de Grenadine Bio Village Bio - 50cl","p":2.45,"u":"4,90 €/L","img":"https://fd13-photos.leclercdrive.fr/image.ashx?id=2931947&use=l&cat=p&typeid=i","cat":295020},{"id":182181,"n":"Sirop de Menthe Bio Village Bio - 50cl","p":2.45,"u":"4,90 €/L","img":"https://fd13-photos.leclercdrive.fr/image.ashx?id=2873189&use=l&cat=p&typeid=i","cat":295020},{"id":182212,"n":"Semoule moyenne panzani 500g","p":1.39,"u":"2,78 €/KG","img":"https://fd13-photos.leclercdrive.fr/image.ashx?id=2745562&use=l&cat=p&typeid=i","cat":284429},{"id":182213,"n":"Pâtes spaghetti lustucru longues 250g","p":0.94,"u":"3,76 €/KG","img":"https://fd13-photos.leclercdrive.fr/image.ashx?id=2605719&use=l&cat=p&typeid=i","cat":284427},{"id":182215,"n":"Pâtes coquillettes lustucru 500g","p":1.09,"u":"2,18 €/KG","img":"https://fd13-photos.leclercdrive.fr/image.ashx?id=2989336&use=l&cat=p&typeid=i","cat":284427},{"id":182218,"n":"Chips paysanne nature Lay's Sel - 155g","p":1.22,"u":"7,87 €/KG","img":"https://fd13-photos.leclercdrive.fr/image.ashx?id=2818602&use=l&cat=p&typeid=i","cat":284447},{"id":182241,"n":"Vin de Tunisie Beni M'Tir Sidi Brahim - Rouge 12% vol - 75cl","p":3.5,"u":"4,67 €/L","img":"https://fd13-photos.leclercdrive.fr/image.ashx?id=2344543&use=l&cat=p&typeid=i","cat":289556},{"id":182259,"n":"Chips ancienne nature Lay's Sel format familial - 295g","p":2.36,"u":"8,00 €/KG","img":"https://fd13-photos.leclercdrive.fr/image.ashx?id=2999243&use=l&cat=p&typeid=i","cat":284447},{"id":182260,"n":"Chips paysanne nature Lay's Sel format familial - 295g","p":2.26,"u":"7,66 €/KG","img":"https://fd13-photos.leclercdrive.fr/image.ashx?id=2848716&use=l&cat=p&typeid=i","cat":284447},{"id":182261,"n":"Lay's  Nature - 6x28g","p":1.94,"u":"11,55 €/KG","img":"https://fd13-photos.leclercdrive.fr/image.ashx?id=2996605&use=l&cat=p&typeid=i","cat":284447},{"id":182266,"n":"Shampooing sec Batiste Original - 200ml","p":3.4,"u":"17,00 €/L","img":"https://fd13-photos.leclercdrive.fr/image.ashx?id=2344046&use=l&cat=p&typeid=i","cat":289143},{"id":182267,"n":"Shampooing sec Batiste Blush - 200ml","p":3.29,"u":"16,45 €/L","img":"https://fd13-photos.leclercdrive.fr/image.ashx?id=2630454&use=l&cat=p&typeid=i","cat":289143},{"id":182315,"n":"Rillettes de thon Petit Navire Olives vertes - 125g","p":1.82,"u":"14,56 €/KG","img":"https://fd13-photos.leclercdrive.fr/image.ashx?id=2523924&use=l&cat=p&typeid=i","cat":303867},{"id":182322,"n":"Chips paysanne nature Lay's Sel - 6x28g","p":2.01,"u":"11,96 €/KG","img":"https://fd13-photos.leclercdrive.fr/image.ashx?id=2818611&use=l&cat=p&typeid=i","cat":284447},{"id":182340,"n":"Lait en poudre Guigoz Optipro 2ème âge - 6-12 mois - 830g","p":15.36,"u":"18,51 €/KG","img":"https://fd13-photos.leclercdrive.fr/image.ashx?id=2737747&use=l&cat=p&typeid=i","cat":284727},{"id":182342,"n":"Lait bébé en poudre Guigoz Gest 2ème âge - 6-12 mois - 830g","p":17.71,"u":"21,34 €/KG","img":"https://fd13-photos.leclercdrive.fr/image.ashx?id=2469478&use=l&cat=p&typeid=i","cat":284727},{"id":182346,"n":"Margarine Fruit d'Or Oméga 3&6 Doux -  900g","p":5.19,"u":"5,77 €/KG","img":"https://fd13-photos.leclercdrive.fr/image.ashx?id=2885441&use=l&cat=p&typeid=i","cat":315229},{"id":182356,"n":"AOP Vin Rouge Languedoc Mythique - 75cl","p":4.83,"u":"6,44 €/L","img":"https://fd13-photos.leclercdrive.fr/image.ashx?id=2580002&use=l&cat=p&typeid=i","cat":289556},{"id":182365,"n":"Jambon de Bayonne Saint Azay 4 tranches - 100g","p":2.48,"u":"24,80 €/KG","img":"https://fd13-photos.leclercdrive.fr/image.ashx?id=2345848&use=l&cat=p&typeid=i","cat":316007},{"id":182371,"n":"Mayonnaise bio Bio Village 238g","p":2.05,"u":"8,61 €/KG","img":"https://fd13-photos.leclercdrive.fr/image.ashx?id=2664872&use=l&cat=p&typeid=i","cat":298295},{"id":182373,"n":"Skyr Siggi's  Mangue Passion - 2x140g","p":2.19,"u":"7,82 €/KG","img":"https://fd13-photos.leclercdrive.fr/image.ashx?id=2792027&use=l&cat=p&typeid=i","cat":315000},{"id":182392,"n":"Soda Coca-Cola sans sucres Sans caféine - 6x33cl","p":3.71,"u":"1,87 €/L","img":"https://fd13-photos.leclercdrive.fr/image.ashx?id=2997232&use=l&cat=p&typeid=i","cat":284530},{"id":182395,"n":"Soda Coca-Cola original Bouteille en verre- 75cl","p":2.4,"u":"3,20 €/L","img":"https://fd13-photos.leclercdrive.fr/image.ashx?id=3014874&use=l&cat=p&typeid=i","cat":284530},{"id":182402,"n":"Sirop de fraise Bio Village Bio - 50cl","p":2.55,"u":"5,10 €/L","img":"https://fd13-photos.leclercdrive.fr/image.ashx?id=2873195&use=l&cat=p&typeid=i","cat":295020},{"id":182479,"n":"Huile d'Olive Tramier Vierge  Extra Sans Pesticides 75cl","p":8.77,"u":"11,69 €/L","img":"https://fd13-photos.leclercdrive.fr/image.ashx?id=2647188&use=l&cat=p&typeid=i","cat":284453},{"id":182480,"n":"Lait bébé en poudre Guigoz Gest 1er âge - 0-6 mois - 830g","p":18.39,"u":"22,16 €/KG","img":"https://fd13-photos.leclercdrive.fr/image.ashx?id=2895047&use=l&cat=p&typeid=i","cat":284726},{"id":182481,"n":"Lait bébé Guigoz Pelargon  Poudre- 1er âge- 0-6 mois -780g","p":17.86,"u":"22,90 €/KG","img":"https://fd13-photos.leclercdrive.fr/image.ashx?id=2961308&use=l&cat=p&typeid=i","cat":284726},{"id":182490,"n":"Lait bébé Guigoz Pelargon Poudre- 2e âge- 6-12 mois -780g","p":17.96,"u":"23,03 €/KG","img":"https://fd13-photos.leclercdrive.fr/image.ashx?id=2347386&use=l&cat=p&typeid=i","cat":284727},{"id":182501,"n":"Complément alimentaire Levure de Bière x60","p":6.59,"u":"0,11 €/P","img":"https://fd13-photos.leclercdrive.fr/image.ashx?id=2860244&use=l&cat=p&typeid=i","cat":313217},{"id":182502,"n":"Complément alimentaire Bronzage Expert x40 gélules","p":5.89,"u":"0,15 €/P","img":"https://fd13-photos.leclercdrive.fr/image.ashx?id=2771984&use=l&cat=p&typeid=i","cat":313217},{"id":182503,"n":"Complément alimentaire Autobronzant x40 gélules","p":6.59,"u":"0,16 €/P","img":"https://fd13-photos.leclercdrive.fr/image.ashx?id=2903218&use=l&cat=p&typeid=i","cat":313217},{"id":182507,"n":"Chocolat noir Bio Ethiquable  100% Pérou - 100g","p":4.0,"u":"40,00 €/KG","img":"https://fd13-photos.leclercdrive.fr/image.ashx?id=2870971&use=l&cat=p&typeid=i","cat":284956},{"id":182542,"n":"Céréales Oreo 350g","p":4.48,"u":"12,80 €/KG","img":"https://fd13-photos.leclercdrive.fr/image.ashx?id=2764583&use=l&cat=p&typeid=i","cat":309513},{"id":182692,"n":"Nappage Caramel Vahiné 200g","p":1.43,"u":"7,15 €/KG","img":"https://fd13-photos.leclercdrive.fr/image.ashx?id=2833336&use=l&cat=p&typeid=i","cat":284504},{"id":182713,"n":"IGP Pommes Alpes Haute Durance Nos Régions ont du Talent x4","p":2.49,"u":"0,62 €/P","img":"https://fd13-photos.leclercdrive.fr/image.ashx?id=2934850&use=l&cat=p&typeid=i","cat":284356},{"id":182791,"n":"Croquettes chiens adultes Poulet - 7kg","p":22.72,"u":"3,25 €/KG","img":"https://fd13-photos.leclercdrive.fr/image.ashx?id=2894968&use=l&cat=p&typeid=i","cat":294526},{"id":182792,"n":"Croquettes Ultima Junior Petit chien - 1.35kg","p":5.24,"u":"3,88 €/KG","img":"https://fd13-photos.leclercdrive.fr/image.ashx?id=2928903&use=l&cat=p&typeid=i","cat":294526},{"id":182799,"n":"Cumin Moulu Ducros 40g","p":1.7,"u":"42,50 €/KG","img":"https://fd13-photos.leclercdrive.fr/image.ashx?id=2983222&use=l&cat=p&typeid=i","cat":298297},{"id":182808,"n":"Croquettes chiens Ultima Mini Senior Agevital - 1.35kg","p":5.54,"u":"4,10 €/KG","img":"https://fd13-photos.leclercdrive.fr/image.ashx?id=2921918&use=l&cat=p&typeid=i","cat":294526},{"id":182820,"n":"Céréales Weetabix original  430g","p":2.99,"u":"6,95 €/KG","img":"https://fd13-photos.leclercdrive.fr/image.ashx?id=2853347&use=l&cat=p&typeid=i","cat":309512},{"id":182833,"n":"Biscuits sablés Guet Apens LU Chocolat noisette - 105g","p":1.97,"u":"18,76 €/KG","img":"https://fd13-photos.leclercdrive.fr/image.ashx?id=3002219&use=l&cat=p&typeid=i","cat":284487},{"id":182856,"n":"Saucisse de Strasbourg Tradilège x6 - 210g","p":1.4,"u":"6,67 €/KG","img":"https://fd13-photos.leclercdrive.fr/image.ashx?id=2349379&use=l&cat=p&typeid=i","cat":316012},{"id":182873,"n":"Sirop La Maison Guiot Noix de coco - 70cl","p":3.34,"u":"4,77 €/L","img":"https://fd13-photos.leclercdrive.fr/image.ashx?id=2349821&use=l&cat=p&typeid=i","cat":295020},{"id":182887,"n":"Fromage à tartiner Boursin Ail & fines herbes - 150g","p":2.2,"u":"14,67 €/KG","img":"https://fd13-photos.leclercdrive.fr/image.ashx?id=2964449&use=l&cat=p&typeid=i","cat":314029},{"id":182888,"n":"Lait bébé poudre Guigoz Optipro 1er âge - 0-6mois - 830g","p":16.47,"u":"19,84 €/KG","img":"https://fd13-photos.leclercdrive.fr/image.ashx?id=2806423&use=l&cat=p&typeid=i","cat":284726},{"id":182928,"n":"Papier cuisson Alfapac 15 feuilles","p":2.16,"img":"https://fd13-photos.leclercdrive.fr/image.ashx?id=2887740&use=l&cat=p&typeid=i","cat":334134},{"id":182939,"n":"Chips Tuiles Pringles Barbecue - 175g","p":2.07,"u":"11,83 €/KG","img":"https://fd13-photos.leclercdrive.fr/image.ashx?id=2662502&use=l&cat=p&typeid=i","cat":287899},{"id":182963,"n":"Glace Trium Vanille - x4 - 294g","p":3.27,"u":"11,12 €/KG","img":"https://fd13-photos.leclercdrive.fr/image.ashx?id=2911714&use=l&cat=p&typeid=i","cat":284265},{"id":183049,"n":"Masque Tissu Skinactive Garnier Booster d'éclat Vitamine C","p":1.95,"img":"https://fd13-photos.leclercdrive.fr/image.ashx?id=2849100&use=l&cat=p&typeid=i","cat":325346},{"id":183104,"n":"Nutella Biscuit pâte à tartiner Cacao Noisettes - 207g","p":2.51,"u":"12,13 €/KG","img":"https://fd13-photos.leclercdrive.fr/image.ashx?id=2834035&use=l&cat=p&typeid=i","cat":284488},{"id":183105,"n":"Eau gazeuse San Pellegrino Essenza citron - 6x33cL","p":3.45,"u":"1,74 €/L","img":"https://fd13-photos.leclercdrive.fr/image.ashx?id=2864203&use=l&cat=p&typeid=i","cat":284536},{"id":183106,"n":"Eau gazeuse San Pellegrino Essenza sanguine - 6x33cl","p":3.42,"u":"1,73 €/L","img":"https://fd13-photos.leclercdrive.fr/image.ashx?id=2852010&use=l&cat=p&typeid=i","cat":284536},{"id":183107,"n":"Eau gazeuse San Pellegrino Essenza Pêche melon - 6x33cl","p":3.3,"u":"1,67 €/L","img":"https://fd13-photos.leclercdrive.fr/image.ashx?id=2997292&use=l&cat=p&typeid=i","cat":284536},{"id":183128,"n":"Epinards hachés à la crème  Findus légume - 500g","p":2.24,"u":"4,48 €/KG","img":"https://fd13-photos.leclercdrive.fr/image.ashx?id=3008767&use=l&cat=p&typeid=i","cat":319805},{"id":183129,"n":"Epinards Légumes Findus branches à la crème - 480g","p":2.73,"u":"5,69 €/KG","img":"https://fd13-photos.leclercdrive.fr/image.ashx?id=2937349&use=l&cat=p&typeid=i","cat":319805},{"id":183130,"n":"Epinards hachés Findus À la crème fraîche - 900g","p":3.29,"u":"3,66 €/KG","img":"https://fd13-photos.leclercdrive.fr/image.ashx?id=2904245&use=l&cat=p&typeid=i","cat":319805},{"id":183136,"n":"Gâteaux Savane Brossard À base de yaourt - 7x30g","p":1.93,"u":"9,19 €/KG","img":"https://fd13-photos.leclercdrive.fr/image.ashx?id=2870725&use=l&cat=p&typeid=i","cat":284495},{"id":183138,"n":"Brownie Familial Brossard Chocolat Noisette - 285g","p":3.26,"u":"11,44 €/KG","img":"https://fd13-photos.leclercdrive.fr/image.ashx?id=2977495&use=l&cat=p&typeid=i","cat":294776},{"id":183159,"n":"Pizza Ristorante Dr.Oetker Bolognaise - 375g","p":2.79,"u":"7,44 €/KG","img":"https://fd13-photos.leclercdrive.fr/image.ashx?id=2993071&use=l&cat=p&typeid=i","cat":284256},{"id":183190,"n":"Pile alcaline Varta Longlife Power C - x2","p":3.2,"u":"1,60 €/P","img":"https://fd13-photos.leclercdrive.fr/image.ashx?id=2354950&use=l&cat=p&typeid=i","cat":300572},{"id":183193,"n":"Pile alcaline Varta  Longlife power 9V 6LR61 - x2","p":5.46,"u":"2,73 €/P","img":"https://fd13-photos.leclercdrive.fr/image.ashx?id=2353821&use=l&cat=p&typeid=i","cat":300572},{"id":183196,"n":"Pile alcaline Varta Longlife Power AAA - x6","p":6.95,"u":"1,16 €/P","img":"https://fd13-photos.leclercdrive.fr/image.ashx?id=2354953&use=l&cat=p&typeid=i","cat":300572},{"id":183205,"n":"Pile bouton Lithium Varta CR2032 - x2","p":1.81,"u":"0,91 €/P","img":"https://fd13-photos.leclercdrive.fr/image.ashx?id=2575822&use=l&cat=p&typeid=i","cat":300572},{"id":183211,"n":"Madeleines longues Le Ster Marbrées choco - 4x250g","p":4.49,"u":"4,49 €/KG","img":"https://fd13-photos.leclercdrive.fr/image.ashx?id=2827224&use=l&cat=p&typeid=i","cat":284492},{"id":183212,"n":"Madeleines longues Le Ster Sucre - 4x250g","p":4.49,"u":"4,49 €/KG","img":"https://fd13-photos.leclercdrive.fr/image.ashx?id=2827221&use=l&cat=p&typeid=i","cat":284492},{"id":183213,"n":"Eau Micellaire Garnier Tout en 1 Vitamine C - 400mL","p":4.4,"u":"11,00 €/L","img":"https://fd13-photos.leclercdrive.fr/image.ashx?id=2353782&use=l&cat=p&typeid=i","cat":284603},{"id":183255,"n":"Crème Corps Apaisante Superfood  Aloe vera Magnésium - 380ml","p":5.8,"u":"15,26 €/L","img":"https://fd13-photos.leclercdrive.fr/image.ashx?id=2371206&use=l&cat=p&typeid=i","cat":325350},{"id":183259,"n":"Crème Corps Avocat Superfood Peaux sèches - 380ml","p":5.13,"u":"13,50 €/L","img":"https://fd13-photos.leclercdrive.fr/image.ashx?id=2867551&use=l&cat=p&typeid=i","cat":325350},{"id":183262,"n":"Sérum Éclat Vitamine C Garnier Anti-taches - 30ml","p":8.69,"u":"289,67 €/L","img":"https://fd13-photos.leclercdrive.fr/image.ashx?id=2908180&use=l&cat=p&typeid=i","cat":325345},{"id":183357,"n":"Cœurs de Palmiers Rochefontaine - 220g","p":3.22,"u":"14,64 €/KG","img":"https://fd13-photos.leclercdrive.fr/image.ashx?id=2650513&use=l&cat=p&typeid=i","cat":312611},{"id":183391,"n":"Fraisoo' bool 200g","p":1.77,"u":"8,85 €/KG","img":"https://fd13-photos.leclercdrive.fr/image.ashx?id=2454172&use=l&cat=p&typeid=i","cat":304250},{"id":183392,"n":"Bonbons Cara' bool 200g","p":1.77,"u":"8,85 €/KG","img":"https://fd13-photos.leclercdrive.fr/image.ashx?id=2454169&use=l&cat=p&typeid=i","cat":304250},{"id":183395,"n":"Huile d'olive Puget 75cl","p":8.93,"u":"11,91 €/L","img":"https://fd13-photos.leclercdrive.fr/image.ashx?id=2460925&use=l&cat=p&typeid=i","cat":284453},{"id":183414,"n":"Croquettes Ultima Light Petit chien - 1,35kg","p":5.55,"u":"4,11 €/KG","img":"https://fd13-photos.leclercdrive.fr/image.ashx?id=2921912&use=l&cat=p&typeid=i","cat":294526},{"id":183496,"n":"Brocolis fleurette Notre Jardin 900g","p":1.99,"u":"2,21 €/KG","img":"https://fd13-photos.leclercdrive.fr/image.ashx?id=2873168&use=l&cat=p&typeid=i","cat":319805},{"id":183523,"n":"Rexona Déodorant Femme Spray   72H Musc 200ml","p":3.44,"u":"17,20 €/L","img":"https://fd13-photos.leclercdrive.fr/image.ashx?id=2850312&use=l&cat=p&typeid=i","cat":284595},{"id":183526,"n":"Rexona Déodorant Femme Spray Anti-Transpirant 72H","p":2.64,"u":"13,20 €/L","img":"https://fd13-photos.leclercdrive.fr/image.ashx?id=2850309&use=l&cat=p&typeid=i","cat":284595},{"id":183610,"n":"San Marco Intenso Grain N°9 500G","p":11.44,"u":"22,88 €/KG","img":"https://fd13-photos.leclercdrive.fr/image.ashx?id=2463501&use=l&cat=p&typeid=i","cat":293237},{"id":183840,"n":"Curcuma moulu Ducros 45g","p":2.18,"u":"48,44 €/KG","img":"https://fd13-photos.leclercdrive.fr/image.ashx?id=2486644&use=l&cat=p&typeid=i","cat":298297},{"id":183849,"n":"Déodorant L'Arbre Vert Argan   Hamamélis - 50ml","p":2.58,"u":"51,60 €/L","img":"https://fd13-photos.leclercdrive.fr/image.ashx?id=2862491&use=l&cat=p&typeid=i","cat":284595},{"id":183854,"n":"Déodorant Rexona Men anti transpirant Cobalt Dry - 200ml","p":3.34,"u":"16,70 €/L","img":"https://fd13-photos.leclercdrive.fr/image.ashx?id=2858711&use=l&cat=p&typeid=i","cat":284618},{"id":183857,"n":"Gel Douche Le Petit Marseillais  Lait d'amande douce - 650ml","p":3.22,"u":"4,95 €/L","img":"https://fd13-photos.leclercdrive.fr/image.ashx?id=2684197&use=l&cat=p&typeid=i","cat":284594},{"id":183862,"n":"Bloc WC Bref Brilliant Gel Toilettes propres - 42g x1","p":2.18,"u":"51,90 €/KG","img":"https://fd13-photos.leclercdrive.fr/image.ashx?id=2976782&use=l&cat=p&typeid=i","cat":284662},{"id":183866,"n":"Dentifrice blancheur Colgate Max white one - 75ml","p":2.04,"u":"27,20 €/L","img":"https://fd13-photos.leclercdrive.fr/image.ashx?id=2767255&use=l&cat=p&typeid=i","cat":284612},{"id":183873,"n":"Détachant poudre Vanish  Stop Odeurs - 470g","p":5.93,"u":"12,62 €/KG","img":"https://fd13-photos.leclercdrive.fr/image.ashx?id=2679936&use=l&cat=p&typeid=i","cat":284651},{"id":183877,"n":"Désodorisant diffuseur Airwick  Electrique Vanille - 19ml","p":3.6,"u":"189,47 €/L","img":"https://fd13-photos.leclercdrive.fr/image.ashx?id=2768237&use=l&cat=p&typeid=i","cat":311629},{"id":183888,"n":"Bière blonde Corona Cero 0,0% - 6x33cl","p":6.97,"u":"3,52 €/L","img":"https://fd13-photos.leclercdrive.fr/image.ashx?id=2526496&use=l&cat=p&typeid=i","cat":334877},{"id":183907,"n":"Dentifrice blancheur Colgate Max white optic - 75ml","p":2.38,"u":"31,73 €/L","img":"https://fd13-photos.leclercdrive.fr/image.ashx?id=2738395&use=l&cat=p&typeid=i","cat":284612},{"id":183910,"n":"Perles de Cire Chaude Expert  Veet A la Cire d'abeille 250ml","p":6.27,"u":"27,26 €/KG","img":"https://fd13-photos.leclercdrive.fr/image.ashx?id=2960678&use=l&cat=p&typeid=i","cat":325351},{"id":183913,"n":"Crème dépilatoire Zones Intimes Veet Men 100+50ml","p":9.13,"u":"60,87 €/L","img":"https://fd13-photos.leclercdrive.fr/image.ashx?id=2964971&use=l&cat=p&typeid=i","cat":284617},{"id":183915,"n":"Shampooing Nat&Nove Bio Nutrition cheveux secs - 250 ml","p":4.35,"u":"17,40 €/L","img":"https://fd13-photos.leclercdrive.fr/image.ashx?id=2583153&use=l&cat=p&typeid=i","cat":284606},{"id":183916,"n":"Torsade Alpina Savoie Collection 1844 - 500g","p":1.87,"u":"3,74 €/KG","img":"https://fd13-photos.leclercdrive.fr/image.ashx?id=2358153&use=l&cat=p&typeid=i","cat":284427},{"id":183935,"n":"Fond de Teint L'Oréal Paris Infaillible 24H 130 Beige Peau","p":15.99,"pp":10.55,"img":"https://fd13-photos.leclercdrive.fr/image.ashx?id=2358183&use=l&cat=p&typeid=i","cat":287029},{"id":183937,"n":"Sachets armoire Soupline Grand  air - x3","p":2.37,"u":"0,79 €/P","img":"https://fd13-photos.leclercdrive.fr/image.ashx?id=2944470&use=l&cat=p&typeid=i","cat":325302},{"id":184000,"n":"Déodorant L'Arbre Vert Fleurs de cerisiers, Hamamélis - 50ml","p":3.01,"u":"60,20 €/L","img":"https://fd13-photos.leclercdrive.fr/image.ashx?id=2865824&use=l&cat=p&typeid=i","cat":284595},{"id":184005,"n":"Gel Douche Le Petit Marseillais  Fleur d'oranger - 650ml","p":3.38,"u":"5,20 €/L","img":"https://fd13-photos.leclercdrive.fr/image.ashx?id=2684533&use=l&cat=p&typeid=i","cat":284594},{"id":184009,"n":"Gel WC Canard Forêt Aquatique - 750ml","p":2.3,"u":"3,07 €/L","img":"https://fd13-photos.leclercdrive.fr/image.ashx?id=2746313&use=l&cat=p&typeid=i","cat":284662},{"id":184027,"n":"Cassolette merlu blanc saumon D'Aucy - 300g","p":2.57,"u":"8,57 €/KG","img":"https://fd13-photos.leclercdrive.fr/image.ashx?id=2358357&use=l&cat=p&typeid=i","cat":284953},{"id":184112,"n":"Bonbons Ricola Sève de pin sans sucres - 50g","p":2.09,"u":"41,80 €/KG","img":"https://fd13-photos.leclercdrive.fr/image.ashx?id=2382195&use=l&cat=p&typeid=i","cat":304252},{"id":184138,"n":"Filets maquereaux Petit Navire Tomates séchées - 90g","p":2.15,"u":"23,89 €/KG","img":"https://fd13-photos.leclercdrive.fr/image.ashx?id=2831339&use=l&cat=p&typeid=i","cat":303868},{"id":184141,"n":"Desserts Lactés P'TIT BRASSE Mangue 6M+ - 4x90g","p":2.09,"u":"5,81 €/KG","img":"https://fd13-photos.leclercdrive.fr/image.ashx?id=2594226&use=l&cat=p&typeid=i","cat":312392},{"id":184142,"n":"Desserts Lactés P'TIT BRASSE Fruits rouges 6M+ - 4x90g","p":2.08,"u":"5,78 €/KG","img":"https://fd13-photos.leclercdrive.fr/image.ashx?id=2599943&use=l&cat=p&typeid=i","cat":312392},{"id":184143,"n":"Desserts Lactés P'TIT BRASSE Fraise banane 6M+ - 4x90g","p":1.96,"u":"5,44 €/KG","img":"https://fd13-photos.leclercdrive.fr/image.ashx?id=2594229&use=l&cat=p&typeid=i","cat":312392},{"id":184148,"n":"Biscuits croquants Délichoc Chocolat au lait - 150g","p":1.91,"u":"12,73 €/KG","img":"https://fd13-photos.leclercdrive.fr/image.ashx?id=2867365&use=l&cat=p&typeid=i","cat":284488},{"id":184181,"n":"Purée mangue bébé Good Goût bio - 120g - dès 4 mois","p":1.59,"u":"13,25 €/KG","img":"https://fd13-photos.leclercdrive.fr/image.ashx?id=2640707&use=l&cat=p&typeid=i","cat":312387},{"id":184182,"n":"Purée poire bébé Good Goût bio - 120g - dès 4 mois","p":1.59,"u":"13,25 €/L","img":"https://fd13-photos.leclercdrive.fr/image.ashx?id=2640043&use=l&cat=p&typeid=i","cat":312387},{"id":184192,"n":"Purée fraise banane bébé Good Goût bio - 120g - dès 4 mois","p":1.59,"u":"13,25 €/KG","img":"https://fd13-photos.leclercdrive.fr/image.ashx?id=2640046&use=l&cat=p&typeid=i","cat":312387},{"id":184196,"n":"Complément alimentaire Vitea stress Magnésium marin - x40","p":6.68,"u":"0,17 €/P","img":"https://fd13-photos.leclercdrive.fr/image.ashx?id=2369469&use=l&cat=p&typeid=i","cat":284632},{"id":184201,"n":"Comprimé effervescent Vitea Magnésium vitamines B+ - x24","p":4.19,"u":"0,17 €/P","img":"https://fd13-photos.leclercdrive.fr/image.ashx?id=2802410&use=l&cat=p&typeid=i","cat":313217},{"id":184208,"n":"Echalote Ducros  1ère Saveur - 10g","p":2.45,"u":"245,00 €/KG","img":"https://fd13-photos.leclercdrive.fr/image.ashx?id=2490506&use=l&cat=p&typeid=i","cat":298297},{"id":184298,"n":"AOP Côtes du Rhône Villages  Visan - Dom Hipparion - 75cl","p":7.17,"u":"9,56 €/L","img":"https://fd13-photos.leclercdrive.fr/image.ashx?id=2364372&use=l&cat=p&typeid=i","cat":289556},{"id":184305,"n":"Carré de porc sans os L'Atelier Boucherie x10 - 440g","p":4.94,"u":"11,23 €/KG","img":"https://fd13-photos.leclercdrive.fr/image.ashx?id=2932701&use=l&cat=p&typeid=i","cat":284331},{"id":184307,"n":"Côtes de porc première L'Atelier Boucherie x2 - 300g","p":2.7,"u":"9,00 €/KG","img":"https://fd13-photos.leclercdrive.fr/image.ashx?id=2930552&use=l&cat=p&typeid=i","cat":284331},{"id":184308,"n":"Côtes de porc échine L'Atelier Boucherie x4 - 680g","p":5.14,"u":"7,56 €/KG","img":"https://fd13-photos.leclercdrive.fr/image.ashx?id=2930555&use=l&cat=p&typeid=i","cat":284331},{"id":184310,"n":"Entrecôte de boeuf*** L'Atelier Boucherie x1 - 200g","p":6.09,"u":"30,45 €/KG","img":"https://fd13-photos.leclercdrive.fr/image.ashx?id=2913781&use=l&cat=p&typeid=i","cat":284328},{"id":184312,"n":"Faux-filet de boeuf*** L'Atelier Boucherie x1 - 180g","p":5.12,"u":"28,44 €/KG","img":"https://fd13-photos.leclercdrive.fr/image.ashx?id=2913784&use=l&cat=p&typeid=i","cat":284328},{"id":184315,"n":"Steak de boeuf** L'Atelier Boucherie x2 - 260g","p":5.39,"u":"20,73 €/KG","img":"https://fd13-photos.leclercdrive.fr/image.ashx?id=2930582&use=l&cat=p&typeid=i","cat":284328},{"id":184316,"n":"Bavette d'Aloyau*** L'Atelier Boucherie x1 - 150g","p":4.95,"u":"33,00 €/KG","img":"https://fd13-photos.leclercdrive.fr/image.ashx?id=2930585&use=l&cat=p&typeid=i","cat":284328},{"id":184317,"n":"Rumsteck en tournedos*** L'Atelier Boucherie x2 - 280g","p":7.19,"u":"25,68 €/KG","img":"https://fd13-photos.leclercdrive.fr/image.ashx?id=2930588&use=l&cat=p&typeid=i","cat":284328},{"id":184318,"n":"Rôti de boeuf*** L'Atelier Boucherie - 600g","p":14.39,"u":"23,98 €/KG","img":"https://fd13-photos.leclercdrive.fr/image.ashx?id=2930591&use=l&cat=p&typeid=i","cat":284328},{"id":184319,"n":"Pièce à fondue / Brochette L'Atelier Boucherie - 500g","p":12.99,"u":"25,98 €/KG","img":"https://fd13-photos.leclercdrive.fr/image.ashx?id=2930594&use=l&cat=p&typeid=i","cat":284328},{"id":184320,"n":"Rôti de porc L'Atelier Boucherie - 600g","p":6.59,"u":"10,98 €/KG","img":"https://fd13-photos.leclercdrive.fr/image.ashx?id=2953749&use=l&cat=p&typeid=i","cat":284331},{"id":184321,"n":"Filet mignon de porc L'Atelier Boucherie x2 - 990g","p":13.59,"u":"13,73 €/KG","img":"https://fd13-photos.leclercdrive.fr/image.ashx?id=2932704&use=l&cat=p&typeid=i","cat":284331},{"id":184322,"n":"Escalope de veau*** L'Atelier Boucherie x2 - 260g","p":6.99,"u":"26,88 €/KG","img":"https://fd13-photos.leclercdrive.fr/image.ashx?id=2930597&use=l&cat=p&typeid=i","cat":284329},{"id":184323,"n":"Sauté de veau*** à mijoter L'Atelier Boucherie - 500g","p":9.99,"u":"19,98 €/KG","img":"https://fd13-photos.leclercdrive.fr/image.ashx?id=2930600&use=l&cat=p&typeid=i","cat":284329},{"id":184351,"n":"Oignons frits Kühne Goût Bacon - 100g","p":1.54,"u":"15,40 €/KG","img":"https://fd13-photos.leclercdrive.fr/image.ashx?id=2868897&use=l&cat=p&typeid=i","cat":298297},{"id":184353,"n":"Soda Coca-Cola Vanille Canette - Pack 6x33CL","p":4.68,"u":"2,36 €/L","img":"https://fd13-photos.leclercdrive.fr/image.ashx?id=2997238&use=l&cat=p&typeid=i","cat":284530},{"id":184354,"n":"Boisson energisante Monster juiced Monarch 50cl","p":1.45,"u":"2,90 €/L","img":"https://fd13-photos.leclercdrive.fr/image.ashx?id=2759041&use=l&cat=p&typeid=i","cat":284533},{"id":184355,"n":"Boisson énergisante Red Bull  Goût Fruit du Dragon, 250ml","p":1.23,"u":"4,92 €/L","img":"https://fd13-photos.leclercdrive.fr/image.ashx?id=3011992&use=l&cat=p&typeid=i","cat":284533},{"id":184358,"n":"Caprisun Jungle Poche - 10x20cl","p":3.78,"u":"1,89 €/L","img":"https://fd13-photos.leclercdrive.fr/image.ashx?id=2363053&use=l&cat=p&typeid=i","cat":284524},{"id":184393,"n":"Gousses de vanille Vahiné En poudre sucrées - 8g","p":4.93,"u":"616,25 €/KG","img":"https://fd13-photos.leclercdrive.fr/image.ashx?id=2490587&use=l&cat=p&typeid=i","cat":284504},{"id":184396,"n":"Vanille en poudre Vahiné - 5g","p":7.95,"img":"https://fd13-photos.leclercdrive.fr/image.ashx?id=2559856&use=l&cat=p&typeid=i","cat":284504},{"id":184398,"n":"Complément alimentaire Vitavea Brûle graisse jour/nuit x30","p":7.52,"u":"0,25 €/P","img":"https://fd13-photos.leclercdrive.fr/image.ashx?id=2756293&use=l&cat=p&typeid=i","cat":313217},{"id":184406,"n":"Romarin de Provence Ducros - 18g","p":1.96,"u":"108,89 €/KG","img":"https://fd13-photos.leclercdrive.fr/image.ashx?id=2486614&use=l&cat=p&typeid=i","cat":298297},{"id":184411,"n":"Croquettes chiens Ultima mini stérilisé poulet - 1,35kg","p":5.29,"u":"3,92 €/KG","img":"https://fd13-photos.leclercdrive.fr/image.ashx?id=2902184&use=l&cat=p&typeid=i","cat":294526},{"id":184415,"n":"Bière La Cristal IPA Brasserie du Mont Blanc - 33cl","p":2.61,"u":"7,91 €/L","img":"https://fd13-photos.leclercdrive.fr/image.ashx?id=2432980&use=l&cat=p&typeid=i","cat":334872},{"id":184427,"n":"Thé glacé Oasis Ice Tea Saveur Pêche - 1,5L","p":1.81,"u":"1,21 €/L","img":"https://fd13-photos.leclercdrive.fr/image.ashx?id=2688836&use=l&cat=p&typeid=i","cat":295019},{"id":184431,"n":"Boisson aux fruits Oasis Saveur Pomme Poire - 2L","p":2.51,"u":"1,26 €/L","img":"https://fd13-photos.leclercdrive.fr/image.ashx?id=3014455&use=l&cat=p&typeid=i","cat":295018},{"id":184432,"n":"Boisson orange brick Eco+ - 6x20cl","p":1.39,"u":"1,16 €/L","img":"https://fd13-photos.leclercdrive.fr/image.ashx?id=2863096&use=l&cat=p&typeid=i","cat":284521},{"id":184506,"n":"AOP Terroir Daronton 75cl","p":6.25,"u":"8,33 €/L","img":"https://fd13-photos.leclercdrive.fr/image.ashx?id=2385485&use=l&cat=p&typeid=i","cat":289556},{"id":184540,"n":"Fromage Fouetté Nature à tartiner Les Croisés - 150g","p":1.41,"u":"9,40 €/KG","img":"https://fd13-photos.leclercdrive.fr/image.ashx?id=2662634&use=l&cat=p&typeid=i","cat":314029},{"id":184553,"n":"Blocs WC Syphon fraîcheur marine x2 - 110g","p":2.0,"u":"18,18 €/KG","img":"https://fd13-photos.leclercdrive.fr/image.ashx?id=2670359&use=l&cat=p&typeid=i","cat":284662},{"id":184559,"n":"Liquide vaisselle Paic Eucalyptus - 750ml","p":2.25,"u":"3,00 €/L","img":"https://fd13-photos.leclercdrive.fr/image.ashx?id=2363243&use=l&cat=p&typeid=i","cat":284655},{"id":184561,"n":"Glaces Kinder Bueno x4 noisettes chocolat blanc - 248g","p":3.93,"u":"15,85 €/KG","img":"https://fd13-photos.leclercdrive.fr/image.ashx?id=2759071&use=l&cat=p&typeid=i","cat":284264},{"id":184566,"n":"Boisson végétale Bio Village Noisette bio - 1l","p":1.87,"u":"1,87 €/L","img":"https://fd13-photos.leclercdrive.fr/image.ashx?id=2362504&use=l&cat=p&typeid=i","cat":316067},{"id":184568,"n":"Muesli croustillant Bio village Bio Chocolat quinoa - 500g","p":4.2,"u":"8,40 €/KG","img":"https://fd13-photos.leclercdrive.fr/image.ashx?id=2720196&use=l&cat=p&typeid=i","cat":309512},{"id":184569,"n":"Muesli croustillant Bio Village Bio Chocolat - 500g","p":3.72,"u":"7,44 €/KG","img":"https://fd13-photos.leclercdrive.fr/image.ashx?id=2559984&use=l&cat=p&typeid=i","cat":309512},{"id":184571,"n":"Sauce barbecue Amora 285g","p":1.74,"u":"6,11 €/KG","img":"https://fd13-photos.leclercdrive.fr/image.ashx?id=3004447&use=l&cat=p&typeid=i","cat":318431},{"id":184572,"n":"Huile Oméga 3 Tramier  3 Huiles de graines 1l","p":3.77,"u":"3,77 €/L","img":"https://fd13-photos.leclercdrive.fr/image.ashx?id=2901154&use=l&cat=p&typeid=i","cat":284453},{"id":184677,"n":"Protège-document Esquisse x1 Gris - A4 - 80 vues","p":2.49,"img":"https://fd13-photos.leclercdrive.fr/image.ashx?id=2943319&use=l&cat=p&typeid=i","cat":284745},{"id":184679,"n":"Classeur cahier Esquisse Rouge - Polypro - 21x29.7cm","p":1.89,"img":"https://fd13-photos.leclercdrive.fr/image.ashx?id=2366670&use=l&cat=p&typeid=i","cat":284745},{"id":184680,"n":"Classeur cahier Esquisse Noir - Polypro - 21x29.7cm","p":1.89,"img":"https://fd13-photos.leclercdrive.fr/image.ashx?id=2366673&use=l&cat=p&typeid=i","cat":284745},{"id":184681,"n":"Trieur Esquisse A4 Transparent - 12 positions - x1","p":3.89,"img":"https://fd13-photos.leclercdrive.fr/image.ashx?id=2378847&use=l&cat=p&typeid=i","cat":284745},{"id":184726,"n":"Protège-document Gris - A4 - 120 vues","p":3.49,"img":"https://fd13-photos.leclercdrive.fr/image.ashx?id=2943322&use=l&cat=p&typeid=i","cat":284745},{"id":184828,"n":"Persillade Ducros Première saveur 19g","p":3.17,"u":"166,84 €/KG","img":"https://fd13-photos.leclercdrive.fr/image.ashx?id=2559502&use=l&cat=p&typeid=i","cat":298297},{"id":184829,"n":"Fines herbes Ducros Première saveur - 16g","p":2.72,"u":"170,00 €/KG","img":"https://fd13-photos.leclercdrive.fr/image.ashx?id=2486626&use=l&cat=p&typeid=i","cat":298297},{"id":184830,"n":"Persillade provençale Ducros Première saveur 19g","p":3.28,"u":"172,63 €/KG","img":"https://fd13-photos.leclercdrive.fr/image.ashx?id=2486629&use=l&cat=p&typeid=i","cat":298297},{"id":184831,"n":"Ail semoule Ducros 140g","p":2.34,"u":"16,71 €/KG","img":"https://fd13-photos.leclercdrive.fr/image.ashx?id=2559511&use=l&cat=p&typeid=i","cat":298297},{"id":184833,"n":"Clous de girofle Ducros 29g","p":2.04,"u":"70,34 €/KG","img":"https://fd13-photos.leclercdrive.fr/image.ashx?id=2559514&use=l&cat=p&typeid=i","cat":298297},{"id":184837,"n":"Compotes Pom'Potes Gourdes  Pomme Banane - 4x90g","p":2.3,"u":"6,39 €/KG","img":"https://fd13-photos.leclercdrive.fr/image.ashx?id=2978637&use=l&cat=p&typeid=i","cat":284508},{"id":184917,"n":"Saucisses cocktail Madrange Classique x30 - 225g","p":2.19,"u":"9,73 €/KG","img":"https://fd13-photos.leclercdrive.fr/image.ashx?id=2941562&use=l&cat=p&typeid=i","cat":316012},{"id":184926,"n":"Sugo alla bolognese 340g","p":2.75,"u":"8,09 €/KG","img":"https://fd13-photos.leclercdrive.fr/image.ashx?id=2840022&use=l&cat=p&typeid=i","cat":287599},{"id":184961,"n":"Quiches Lorraines Marie 2x170g","p":3.5,"u":"10,29 €/KG","img":"https://fd13-photos.leclercdrive.fr/image.ashx?id=2996695&use=l&cat=p&typeid=i","cat":284257},{"id":184982,"n":"Eau de Javel La Croix Désinfectant Original 3x250ml","p":1.58,"u":"2,11 €/L","img":"https://fd13-photos.leclercdrive.fr/image.ashx?id=2738386&use=l&cat=p&typeid=i","cat":284661},{"id":184996,"n":"Infusion verveine Elephant Menthe, bio - x20","p":2.16,"u":"83,08 €/KG","img":"https://fd13-photos.leclercdrive.fr/image.ashx?id=2507578&use=l&cat=p&typeid=i","cat":293234},{"id":184997,"n":"Infusion bio Elephant Detox - x20","p":1.89,"u":"55,59 €/KG","img":"https://fd13-photos.leclercdrive.fr/image.ashx?id=2507566&use=l&cat=p&typeid=i","cat":293234},{"id":184998,"n":"Infusion Bio Elephant Gingembre Citron - 20 Sachets","p":1.89,"u":"55,59 €/KG","img":"https://fd13-photos.leclercdrive.fr/image.ashx?id=2507575&use=l&cat=p&typeid=i","cat":293234},{"id":184999,"n":"Infusion bio Elephant Relax - x20","p":2.26,"u":"86,92 €/KG","img":"https://fd13-photos.leclercdrive.fr/image.ashx?id=2507572&use=l&cat=p&typeid=i","cat":293234},{"id":185000,"n":"Infusion Bio Eléphant Menthe Thym - x20 sachets","p":2.58,"u":"99,23 €/KG","img":"https://fd13-photos.leclercdrive.fr/image.ashx?id=2507563&use=l&cat=p&typeid=i","cat":293234},{"id":185003,"n":"Infusion Eléphant Douce Nuit x20- 32g","p":2.2,"u":"68,75 €/KG","img":"https://fd13-photos.leclercdrive.fr/image.ashx?id=2507569&use=l&cat=p&typeid=i","cat":293234},{"id":185004,"n":"Infusion Bio Elephant Verveine - x20 sachets","p":2.51,"u":"96,54 €/KG","img":"https://fd13-photos.leclercdrive.fr/image.ashx?id=2520755&use=l&cat=p&typeid=i","cat":293234},{"id":185161,"n":"Mi-bas beauty resist Dim Noir T35/41 x3","p":4.95,"img":"https://fd13-photos.leclercdrive.fr/image.ashx?id=2465256&use=l&cat=p&typeid=i","cat":334130},{"id":185162,"n":"Mi-bas beauty resist Dim Cannelle T35/41 x3","p":4.95,"img":"https://fd13-photos.leclercdrive.fr/image.ashx?id=2465259&use=l&cat=p&typeid=i","cat":334130},{"id":185165,"n":"Skyr Yoplait  Coco 1%Mg - 4x100g","p":2.25,"u":"5,63 €/KG","img":"https://fd13-photos.leclercdrive.fr/image.ashx?id=2884459&use=l&cat=p&typeid=i","cat":315000},{"id":185166,"n":"Skyr Yoplait  Vanille 0%MG - 4x100G","p":2.25,"u":"5,63 €/KG","img":"https://fd13-photos.leclercdrive.fr/image.ashx?id=2884456&use=l&cat=p&typeid=i","cat":315000},{"id":185185,"n":"Barre Chocolat au Lait KitKat Chunky x4 barres - 160g","p":2.18,"u":"13,63 €/KG","img":"https://fd13-photos.leclercdrive.fr/image.ashx?id=2985453&use=l&cat=p&typeid=i","cat":284498},{"id":185186,"n":"Gaufrettes Mini Kinder Bueno  Chocolat au lait - 108g","p":2.35,"u":"21,76 €/KG","img":"https://fd13-photos.leclercdrive.fr/image.ashx?id=2680395&use=l&cat=p&typeid=i","cat":284498},{"id":185276,"n":"Soufflés Donuts Curly Cacahuètes caramélisées - 160g","p":1.76,"u":"11,00 €/KG","img":"https://fd13-photos.leclercdrive.fr/image.ashx?id=2373125&use=l&cat=p&typeid=i","cat":284449},{"id":185443,"n":"Thé vert citron Yate x25 - 37,5g","p":0.79,"u":"20,79 €/KG","img":"https://fd13-photos.leclercdrive.fr/image.ashx?id=2646008&use=l&cat=p&typeid=i","cat":293233},{"id":185494,"n":"Herbes de provence Ducros 35g","p":2.87,"u":"82,00 €/KG","img":"https://fd13-photos.leclercdrive.fr/image.ashx?id=2559505&use=l&cat=p&typeid=i","cat":298297},{"id":185507,"n":"Biscuits fourrés BN Chocolat lait - 285g","p":1.55,"u":"5,44 €/KG","img":"https://fd13-photos.leclercdrive.fr/image.ashx?id=2748224&use=l&cat=p&typeid=i","cat":284958},{"id":185508,"n":"Biscuits fourrés BN  Vanille - 285g","p":1.15,"u":"4,04 €/KG","img":"https://fd13-photos.leclercdrive.fr/image.ashx?id=2475005&use=l&cat=p&typeid=i","cat":284488},{"id":185567,"n":"Liniment oléo-calcaire Biolane  700 ml","p":7.21,"u":"10,30 €/L","img":"https://fd13-photos.leclercdrive.fr/image.ashx?id=2586864&use=l&cat=p&typeid=i","cat":284741},{"id":185568,"n":"Gel Lavant Biolane Corps et cheveux 750 ml","p":5.77,"u":"7,69 €/L","img":"https://fd13-photos.leclercdrive.fr/image.ashx?id=2586867&use=l&cat=p&typeid=i","cat":284740},{"id":185571,"n":"Eau pure H2O Biolane 750 ml","p":5.42,"u":"7,23 €/L","img":"https://fd13-photos.leclercdrive.fr/image.ashx?id=2733247&use=l&cat=p&typeid=i","cat":284741},{"id":185634,"n":"Pain Bruschetta Florelli à l'huile d'olive - 400g","p":2.89,"u":"7,23 €/KG","img":"https://fd13-photos.leclercdrive.fr/image.ashx?id=3012206&use=l&cat=p&typeid=i","cat":289010},{"id":185665,"n":"DOC Prosecco Rosé Mionetto - 75cl","p":6.22,"u":"8,29 €/L","img":"https://fd13-photos.leclercdrive.fr/image.ashx?id=3011914&use=l&cat=p&typeid=i","cat":289461},{"id":185744,"n":"AOP Mâcon-Villages Blason de Bourgogne - 75cl","p":7.88,"u":"10,51 €/L","img":"https://fd13-photos.leclercdrive.fr/image.ashx?id=2377544&use=l&cat=p&typeid=i","cat":289557},{"id":185767,"n":"Gelée à la fraise Bonne Maman 370g","p":3.16,"u":"8,54 €/KG","img":"https://fd13-photos.leclercdrive.fr/image.ashx?id=2476620&use=l&cat=p&typeid=i","cat":284480},{"id":185831,"n":"Préparation Gâteau alsa Moelleux Marbré - 435g","p":2.19,"u":"5,03 €/KG","img":"https://fd13-photos.leclercdrive.fr/image.ashx?id=2996428&use=l&cat=p&typeid=i","cat":284505},{"id":185837,"n":"Bonbon à sucer Ricola Douceur de miel - 50g","p":2.58,"u":"51,60 €/KG","img":"https://fd13-photos.leclercdrive.fr/image.ashx?id=2382198&use=l&cat=p&typeid=i","cat":304252},{"id":185840,"n":"RECH SPRAY AUTO BIEN AIR AGRUMES 250ML","p":2.39,"u":"9,56 €/L","img":"https://fd13-photos.leclercdrive.fr/image.ashx?id=2531104&use=l&cat=p&typeid=i","cat":311629},{"id":185842,"n":"Soufflés Snack's Tokapi  Cacahuète - 160g","p":0.72,"u":"4,50 €/KG","img":"https://fd13-photos.leclercdrive.fr/image.ashx?id=2864942&use=l&cat=p&typeid=i","cat":284449},{"id":185849,"n":"Gel WC Harpic  Fosses Septiques Menthe - 750ml","p":1.88,"u":"2,51 €/L","img":"https://fd13-photos.leclercdrive.fr/image.ashx?id=2864465&use=l&cat=p&typeid=i","cat":284662},{"id":185852,"n":"Bonbon Gom's La pie qui chante Menthe Eucalyptus - 265g","p":2.22,"u":"8,38 €/KG","img":"https://fd13-photos.leclercdrive.fr/image.ashx?id=2845116&use=l&cat=p&typeid=i","cat":304250},{"id":185854,"n":"Bière blonde Tripel Karmeliet 8,4% - 12x25cl","p":15.9,"u":"5,30 €/L","img":"https://fd13-photos.leclercdrive.fr/image.ashx?id=2457485&use=l&cat=p&typeid=i","cat":334872},{"id":185954,"n":"Protège-documents Esquisse Gris - A4 - 40 vues","p":1.79,"img":"https://fd13-photos.leclercdrive.fr/image.ashx?id=2381668&use=l&cat=p&typeid=i","cat":284745},{"id":185999,"n":"Boisson végétale Bio Village Riz nature bio - 1l","p":1.65,"u":"1,65 €/L","img":"https://fd13-photos.leclercdrive.fr/image.ashx?id=2381581&use=l&cat=p&typeid=i","cat":316067},{"id":186039,"n":"Gel lavant Mixa Bébé 750ml","p":5.69,"u":"7,59 €/L","img":"https://fd13-photos.leclercdrive.fr/image.ashx?id=2425847&use=l&cat=p&typeid=i","cat":284740},{"id":186043,"n":"Lardons Nature Herta  Sans nitrite - 2x75g","p":1.89,"u":"12,60 €/KG","img":"https://fd13-photos.leclercdrive.fr/image.ashx?id=2785802&use=l&cat=p&typeid=i","cat":316011},{"id":186055,"n":"Boisson énergisante Red Bull Goût Pastèque, 250ml","p":1.25,"u":"5,00 €/L","img":"https://fd13-photos.leclercdrive.fr/image.ashx?id=2471655&use=l&cat=p&typeid=i","cat":284533},{"id":186056,"n":"Boisson énergisante Red Bull Goût Coco-Acaï, 250ml","p":1.25,"u":"5,00 €/L","img":"https://fd13-photos.leclercdrive.fr/image.ashx?id=2471658&use=l&cat=p&typeid=i","cat":284533},{"id":186108,"n":"Savon solide Bio Mots d'enfants 100g","p":1.29,"u":"12,90 €/KG","img":"https://fd13-photos.leclercdrive.fr/image.ashx?id=3015126&use=l&cat=p&typeid=i","cat":284740},{"id":186188,"n":"Bonbons Krema Soda Mania - 580g","p":4.15,"u":"7,16 €/KG","img":"https://fd13-photos.leclercdrive.fr/image.ashx?id=2484969&use=l&cat=p&typeid=i","cat":304250},{"id":186258,"n":"Lessive Capsules Tout-en-1 Skip Fraîcheur Intense x26 Capsules","p":11.26,"u":"20,44 €/KG","img":"https://fd13-photos.leclercdrive.fr/image.ashx?id=2978934&use=l&cat=p&typeid=i","cat":284641},{"id":186263,"n":"Lessive Capsules Tout-en-1 Skip Fraîcheur Intense 38 Lavages","p":13.34,"u":"16,55 €/KG","img":"https://fd13-photos.leclercdrive.fr/image.ashx?id=2929236&use=l&cat=p&typeid=i","cat":284641},{"id":186265,"n":"Lingettes bébé Harmonie Aqua Pampers - 48 lingettes","p":3.45,"u":"0,07 €/P","img":"https://fd13-photos.leclercdrive.fr/image.ashx?id=2805903&use=l&cat=p&typeid=i","cat":284738},{"id":186267,"n":"Lingettes bébé visage et mains Biolane - 64 lingettes","p":2.64,"u":"0,04 €/P","img":"https://fd13-photos.leclercdrive.fr/image.ashx?id=2876539&use=l&cat=p&typeid=i","cat":284738},{"id":186292,"n":"Nettoyant jantes gel Tech9 500ml","p":5.49,"u":"10,98 €/L","img":"https://fd13-photos.leclercdrive.fr/image.ashx?id=2527340&use=l&cat=p&typeid=i","cat":298252},{"id":186293,"n":"Répare crevaison Tech9 400ml","p":5.19,"u":"12,98 €/L","img":"https://fd13-photos.leclercdrive.fr/image.ashx?id=2527337&use=l&cat=p&typeid=i","cat":298252},{"id":186296,"n":"Lessive Capsules Skip Tout-en-1 Active Clean x38","p":13.34,"u":"16,55 €/KG","img":"https://fd13-photos.leclercdrive.fr/image.ashx?id=2757114&use=l&cat=p&typeid=i","cat":284641},{"id":186306,"n":"Liniment oléo-calcaire Biolane 300ml","p":3.73,"u":"12,43 €/L","img":"https://fd13-photos.leclercdrive.fr/image.ashx?id=2586861&use=l&cat=p&typeid=i","cat":284741},{"id":186310,"n":"Gel WC Désinfectant Canard Action Intense Fresh - 750ml","p":1.81,"u":"2,41 €/L","img":"https://fd13-photos.leclercdrive.fr/image.ashx?id=2488013&use=l&cat=p&typeid=i","cat":284662},{"id":186322,"n":"Lingettes pour bébé Pampers Harmonie Aqua - 3x48","p":6.08,"u":"0,04 €/P","img":"https://fd13-photos.leclercdrive.fr/image.ashx?id=2903809&use=l&cat=p&typeid=i","cat":284738},{"id":186391,"n":"ULTIMA Chat Stérilisé Poisson - 4x85g","p":2.41,"u":"0,71 €/L","img":"https://fd13-photos.leclercdrive.fr/image.ashx?id=2985627&use=l&cat=p&typeid=i","cat":285286},{"id":186392,"n":"ULTIMA Chat Stérilisé Viandes 4x85g","p":2.43,"u":"7,15 €/KG","img":"https://fd13-photos.leclercdrive.fr/image.ashx?id=2985630&use=l&cat=p&typeid=i","cat":285286},{"id":186393,"n":"Felix Naturally Delicious Poulet - 100g","p":3.59,"u":"35,90 €/KG","img":"https://fd13-photos.leclercdrive.fr/image.ashx?id=2617477&use=l&cat=p&typeid=i","cat":285285},{"id":186459,"n":"Pâtes Tortiglioni Panzani 500g","p":1.39,"u":"2,78 €/KG","img":"https://fd13-photos.leclercdrive.fr/image.ashx?id=2902951&use=l&cat=p&typeid=i","cat":284427},{"id":186460,"n":"Pâtes Pipe Rigate Panzani 500g","p":1.49,"u":"2,98 €/KG","img":"https://fd13-photos.leclercdrive.fr/image.ashx?id=2902954&use=l&cat=p&typeid=i","cat":284427},{"id":186461,"n":"Ail lyophilisé Ducros 19g","p":3.93,"u":"206,84 €/KG","img":"https://fd13-photos.leclercdrive.fr/image.ashx?id=2486617&use=l&cat=p&typeid=i","cat":298297},{"id":186462,"n":"Ciboulette lyophilisée Ducros 3g","p":2.33,"u":"776,67 €/KG","img":"https://fd13-photos.leclercdrive.fr/image.ashx?id=2486620&use=l&cat=p&typeid=i","cat":298297},{"id":186469,"n":"Purée de tomates au basilic Cirio - 700g","p":1.85,"u":"2,64 €/KG","img":"https://fd13-photos.leclercdrive.fr/image.ashx?id=2387007&use=l&cat=p&typeid=i","cat":288384},{"id":186481,"n":"Sachet repas chat stérilisé  Poulet/Boeuf/Thon/Poiss - 4x85g","p":2.46,"u":"28,94 €/KG","img":"https://fd13-photos.leclercdrive.fr/image.ashx?id=2985636&use=l&cat=p&typeid=i","cat":285286},{"id":186502,"n":"Sachet Chat Stérilisé Ultima Poulet, Dinde, Saumon - 4x85g","p":2.2,"u":"25,88 €/KG","img":"https://fd13-photos.leclercdrive.fr/image.ashx?id=2985633&use=l&cat=p&typeid=i","cat":285286},{"id":186518,"n":"Pâtes Coude-à-Coude Jardin Bio Semi-Complet bio - 500G","p":1.94,"u":"3,88 €/KG","img":"https://fd13-photos.leclercdrive.fr/image.ashx?id=2773673&use=l&cat=p&typeid=i","cat":284427},{"id":186548,"n":"Bougie Floral 30h Bien Air","p":2.34,"img":"https://fd13-photos.leclercdrive.fr/image.ashx?id=2939091&use=l&cat=p&typeid=i","cat":284666},{"id":186569,"n":"Calamars Romana MSC Escal - 700g","p":9.89,"u":"14,13 €/KG","img":"https://fd13-photos.leclercdrive.fr/image.ashx?id=2833447&use=l&cat=p&typeid=i","cat":319788},{"id":186595,"n":"Crème glacée Häagen-Dazs Vanille Caramel Brownie - 541g","p":6.99,"u":"12,92 €/KG","img":"https://fd13-photos.leclercdrive.fr/image.ashx?id=2893426&use=l&cat=p&typeid=i","cat":284725},{"id":186657,"n":"Crème dessert Delisse Chocolat - 6x125g","p":1.42,"u":"1,89 €/KG","img":"https://fd13-photos.leclercdrive.fr/image.ashx?id=2441492&use=l&cat=p&typeid=i","cat":285041},{"id":186659,"n":"Crème dessert Delisse Vanille - 6x125g","p":1.33,"u":"1,77 €/KG","img":"https://fd13-photos.leclercdrive.fr/image.ashx?id=2441498&use=l&cat=p&typeid=i","cat":285041},{"id":186660,"n":"Dessert végétal soja Alpro  Citron et Citron Vert - 500g","p":1.89,"u":"3,78 €/KG","img":"https://fd13-photos.leclercdrive.fr/image.ashx?id=2977678&use=l&cat=p&typeid=i","cat":316071},{"id":186661,"n":"Crème dessert Delisse Caramel - 6x125g","p":1.39,"u":"1,85 €/KG","img":"https://fd13-photos.leclercdrive.fr/image.ashx?id=2441504&use=l&cat=p&typeid=i","cat":285041},{"id":186686,"n":"Déodorant stick Homme Mennen Marine Sans Alcool - 60ml","p":3.2,"u":"53,33 €/L","img":"https://fd13-photos.leclercdrive.fr/image.ashx?id=2869107&use=l&cat=p&typeid=i","cat":284618},{"id":186688,"n":"Déodorant stick Homme Mennen Sans Alcool Anti-Traces - 60ml","p":3.2,"u":"53,33 €/L","img":"https://fd13-photos.leclercdrive.fr/image.ashx?id=2869110&use=l&cat=p&typeid=i","cat":284618},{"id":186693,"n":"Vin de France rouge Nous Cinq - 75cl","p":5.98,"u":"7,97 €/L","img":"https://fd13-photos.leclercdrive.fr/image.ashx?id=2686063&use=l&cat=p&typeid=i","cat":289556},{"id":186701,"n":"Bonbons Bubblizz dooo Lutti - 180g","p":1.61,"u":"8,94 €/KG","img":"https://fd13-photos.leclercdrive.fr/image.ashx?id=2817908&use=l&cat=p&typeid=i","cat":304250},{"id":186758,"n":"Tablette Chocolat Noir Lindt Noisettes Caramel Lot 2x100g","p":4.48,"u":"22,40 €/KG","img":"https://fd13-photos.leclercdrive.fr/image.ashx?id=2388487&use=l&cat=p&typeid=i","cat":284956},{"id":186856,"n":"Lessive Capsules Skip Tout-en-1 Extra Détachant x24","p":11.34,"u":"22,28 €/KG","img":"https://fd13-photos.leclercdrive.fr/image.ashx?id=2956691&use=l&cat=p&typeid=i","cat":284641},{"id":186857,"n":"Lessive Capsules Skip Tout-en-1 Cajoline 36 Lavages","p":13.34,"u":"17,48 €/KG","img":"https://fd13-photos.leclercdrive.fr/image.ashx?id=2929239&use=l&cat=p&typeid=i","cat":284641},{"id":186870,"n":"Préparation pour moelleux Tablier Blanc citron - 435g","p":1.97,"u":"4,53 €/KG","img":"https://fd13-photos.leclercdrive.fr/image.ashx?id=2487497&use=l&cat=p&typeid=i","cat":284504},{"id":186920,"n":"Tuiles Monster Munch Crazy Original - 150g","p":1.9,"u":"12,67 €/KG","img":"https://fd13-photos.leclercdrive.fr/image.ashx?id=2921735&use=l&cat=p&typeid=i","cat":287899},{"id":186923,"n":"Tuiles Monster Munch  Crazy crème oignon - 150g","p":1.9,"u":"12,67 €/KG","img":"https://fd13-photos.leclercdrive.fr/image.ashx?id=2916881&use=l&cat=p&typeid=i","cat":287899},{"id":186926,"n":"Tuiles Monster Munch Crazy paprika - 150g","p":1.9,"u":"12,67 €/KG","img":"https://fd13-photos.leclercdrive.fr/image.ashx?id=2955339&use=l&cat=p&typeid=i","cat":287899},{"id":186932,"n":"Alcool ménager Mieuxa Fraise 1L","p":4.65,"u":"4,65 €/L","img":"https://fd13-photos.leclercdrive.fr/image.ashx?id=2391389&use=l&cat=p&typeid=i","cat":300576},{"id":186946,"n":"Mouliné Bio Village Bio - légumes variés  - 2x30cl","p":1.69,"u":"5,63 €/L","img":"https://fd13-photos.leclercdrive.fr/image.ashx?id=2404157&use=l&cat=p&typeid=i","cat":284462},{"id":186955,"n":"Recharges balai Swiffer Anti-poussière - 36ct","p":8.55,"u":"0,24 €/P","img":"https://fd13-photos.leclercdrive.fr/image.ashx?id=2406656&use=l&cat=p&typeid=i","cat":284907},{"id":187025,"n":"Lessive Feuilles Magiques Dr Beckmann l'Eclatante x25","p":4.85,"u":"0,19 €/P","img":"https://fd13-photos.leclercdrive.fr/image.ashx?id=3011800&use=l&cat=p&typeid=i","cat":284644},{"id":187028,"n":"Crème de change bébé bio Mots d'enfants - 75ml","p":2.5,"u":"33,33 €/L","img":"https://fd13-photos.leclercdrive.fr/image.ashx?id=3014308&use=l&cat=p&typeid=i","cat":284741},{"id":187029,"n":"Coton-tiges ouatés Inell Boîte - x300 bâtonnets","p":0.73,"img":"https://fd13-photos.leclercdrive.fr/image.ashx?id=2824301&use=l&cat=p&typeid=i","cat":284636},{"id":187058,"n":"Mayonnaise classique Lesieur 235g","p":1.38,"u":"5,87 €/KG","img":"https://fd13-photos.leclercdrive.fr/image.ashx?id=2917699&use=l&cat=p&typeid=i","cat":298295},{"id":187061,"n":"Chips Bret's Pesto Mozzarella 125g","p":1.45,"u":"11,60 €/KG","img":"https://fd13-photos.leclercdrive.fr/image.ashx?id=2629115&use=l&cat=p&typeid=i","cat":284447},{"id":187065,"n":"Mayonnaise Classique Lesieur Bio - tube 175g","p":1.97,"u":"11,26 €/KG","img":"https://fd13-photos.leclercdrive.fr/image.ashx?id=2917768&use=l&cat=p&typeid=i","cat":298295},{"id":187126,"n":"Crunch Chocolat Noël Moulage Renne - 88g","p":3.37,"u":"38,30 €/KG","img":"https://fd13-photos.leclercdrive.fr/image.ashx?id=2394096&use=l&cat=p&typeid=i","cat":327592},{"id":187238,"n":"Savon Le Petit Marseillais  Solide chevrefeuile-4x100g","p":2.21,"u":"5,53 €/KG","img":"https://fd13-photos.leclercdrive.fr/image.ashx?id=2684200&use=l&cat=p&typeid=i","cat":284597},{"id":187241,"n":"Savon Le Petit Marseillais  Solide amande douce - 2x100g","p":1.86,"u":"9,30 €/KG","img":"https://fd13-photos.leclercdrive.fr/image.ashx?id=2684203&use=l&cat=p&typeid=i","cat":284597},{"id":187287,"n":"Desserts Lactés P'TIT BRASSE Banane pêche 6M+ - 4x90g","p":1.88,"u":"5,22 €/KG","img":"https://fd13-photos.leclercdrive.fr/image.ashx?id=2616252&use=l&cat=p&typeid=i","cat":312392},{"id":187288,"n":"Desserts Lactés P'TIT BRASSE Poire SSA 6M+ - 4x90g","p":1.91,"u":"5,31 €/KG","img":"https://fd13-photos.leclercdrive.fr/image.ashx?id=2593050&use=l&cat=p&typeid=i","cat":312392},{"id":187342,"n":"Bûche Nestlé 3 Chocolats 540g","p":6.45,"u":"11,94 €/KG","img":"https://fd13-photos.leclercdrive.fr/image.ashx?id=2936713&use=l&cat=p&typeid=i","cat":284266},{"id":187343,"n":"Bûche Pilpa Exquise 3 Chocolats - 535g","p":5.27,"u":"9,85 €/KG","img":"https://fd13-photos.leclercdrive.fr/image.ashx?id=2751027&use=l&cat=p&typeid=i","cat":284266},{"id":187344,"n":"Bûche Pilpa Caramel beurre salé - 535g","p":5.27,"u":"9,85 €/KG","img":"https://fd13-photos.leclercdrive.fr/image.ashx?id=2751036&use=l&cat=p&typeid=i","cat":284266},{"id":187345,"n":"Bûche Nestlé Délice à l'Ancienne - 540g","p":6.45,"u":"11,94 €/KG","img":"https://fd13-photos.leclercdrive.fr/image.ashx?id=2749982&use=l&cat=p&typeid=i","cat":284266},{"id":187347,"n":"Bûchettes Pilpa Les délices Pistache Chocolat Café x6 348g","p":3.9,"u":"11,21 €/KG","img":"https://fd13-photos.leclercdrive.fr/image.ashx?id=2395921&use=l&cat=p&typeid=i","cat":284266},{"id":187348,"n":"Bûchettes Pilpa Les Délices Fraise Vanille Chocolat x6 354g","p":3.9,"u":"11,02 €/KG","img":"https://fd13-photos.leclercdrive.fr/image.ashx?id=2395930&use=l&cat=p&typeid=i","cat":284266},{"id":187352,"n":"Bûche Pilpa Caprices des Îles - 564g","p":5.27,"u":"9,34 €/KG","img":"https://fd13-photos.leclercdrive.fr/image.ashx?id=2749961&use=l&cat=p&typeid=i","cat":284266},{"id":187353,"n":"Bûchettes Pilpa Les Délices Chocolat x6 - 360g","p":3.9,"u":"10,83 €/KG","img":"https://fd13-photos.leclercdrive.fr/image.ashx?id=2395924&use=l&cat=p&typeid=i","cat":284266},{"id":187355,"n":"Bûche Signature Eskiss Nougat - 487g","p":5.59,"u":"11,48 €/KG","img":"https://fd13-photos.leclercdrive.fr/image.ashx?id=2791365&use=l&cat=p&typeid=i","cat":284266},{"id":187356,"n":"Bûche Signature Eskiss Coco Mangue - 476g","p":5.59,"u":"11,74 €/KG","img":"https://fd13-photos.leclercdrive.fr/image.ashx?id=2791368&use=l&cat=p&typeid=i","cat":284266},{"id":187357,"n":"Bûche Signature Eskiss Vanille Caramel - 490g","p":5.59,"u":"11,41 €/KG","img":"https://fd13-photos.leclercdrive.fr/image.ashx?id=2791371&use=l&cat=p&typeid=i","cat":284266},{"id":187358,"n":"Bûche Signature Eskiss Façon rocher - 501g","p":5.59,"u":"11,16 €/KG","img":"https://fd13-photos.leclercdrive.fr/image.ashx?id=2791374&use=l&cat=p&typeid=i","cat":284266},{"id":187365,"n":"Desserts Lactés P'TIT BRASSE Nature 6M+ - 4x90g","p":1.79,"u":"4,97 €/KG","img":"https://fd13-photos.leclercdrive.fr/image.ashx?id=2594223&use=l&cat=p&typeid=i","cat":312392},{"id":187368,"n":"Chips Domaine de la Croustille Au sel de Guérande - 130g","p":2.99,"u":"23,00 €/KG","img":"https://fd13-photos.leclercdrive.fr/image.ashx?id=2396419&use=l&cat=p&typeid=i","cat":284447},{"id":187369,"n":"Escargots de Bourgogne Escal x60 - 336g","p":22.02,"u":"65,54 €/KG","img":"https://fd13-photos.leclercdrive.fr/image.ashx?id=2913241&use=l&cat=p&typeid=i","cat":319775},{"id":187373,"n":"Soda Fanta exotique 1.25L","p":1.67,"u":"1,34 €/L","img":"https://fd13-photos.leclercdrive.fr/image.ashx?id=2678170&use=l&cat=p&typeid=i","cat":284532},{"id":187379,"n":"Bûche glacée Erhard Vanille Caramel - 470g","p":9.97,"pp":9.86,"u":"20,98 €/KG","img":"https://fd13-photos.leclercdrive.fr/image.ashx?id=2395939&use=l&cat=p&typeid=i","cat":284266},{"id":187383,"n":"Fromage à tartiner Madame Loïk Fouetté Ail Fines Herbes - 275g","p":3.07,"u":"11,16 €/KG","img":"https://fd13-photos.leclercdrive.fr/image.ashx?id=2774619&use=l&cat=p&typeid=i","cat":314029},{"id":187387,"n":"Truite fumée de France Labeyrie 4 tranches - 120g","p":5.59,"u":"46,58 €/KG","img":"https://fd13-photos.leclercdrive.fr/image.ashx?id=2803535&use=l&cat=p&typeid=i","cat":285188},{"id":187392,"n":"Tagliatelle Lustucru Selection  Basilic - 300g","p":2.16,"u":"7,20 €/KG","img":"https://fd13-photos.leclercdrive.fr/image.ashx?id=2939490&use=l&cat=p&typeid=i","cat":333682},{"id":187403,"n":"Feuilletés Jambon Fromage Eco+ x10 - 650g","p":2.63,"u":"4,05 €/KG","img":"https://fd13-photos.leclercdrive.fr/image.ashx?id=2814851&use=l&cat=p&typeid=i","cat":319776},{"id":187405,"n":"Petits pois très fins Notre Jardin - 1kg","p":1.79,"img":"https://fd13-photos.leclercdrive.fr/image.ashx?id=2900163&use=l&cat=p&typeid=i","cat":319805},{"id":187411,"n":"Sélection de gambas sauvages Pescanova - 800g","p":24.9,"pp":16.43,"u":"20,54 €/KG","img":"https://fd13-photos.leclercdrive.fr/image.ashx?id=2395948&use=l&cat=p&typeid=i","cat":319787},{"id":187453,"n":"Thé noir Lipton Yellow x100 sachets - 200g","p":3.88,"u":"19,40 €/KG","img":"https://fd13-photos.leclercdrive.fr/image.ashx?id=2517655&use=l&cat=p&typeid=i","cat":293233},{"id":187469,"n":"Bûche glacée Erhard Coco exotique - 500g","p":9.97,"pp":8.26,"u":"16,52 €/KG","img":"https://fd13-photos.leclercdrive.fr/image.ashx?id=2397403&use=l&cat=p&typeid=i","cat":284266},{"id":187470,"n":"Brocolis surgelés Eco+ 900g","p":1.77,"u":"1,97 €/KG","img":"https://fd13-photos.leclercdrive.fr/image.ashx?id=2920906&use=l&cat=p&typeid=i","cat":319805},{"id":187471,"n":"Bûche glacée L'Angélys Chocolat Mandarine - 330g","p":10.01,"u":"30,33 €/KG","img":"https://fd13-photos.leclercdrive.fr/image.ashx?id=2902208&use=l&cat=p&typeid=i","cat":284266},{"id":187483,"n":"Pâtes Côté Table  Saumon épinard - 900g","p":5.92,"u":"6,58 €/KG","img":"https://fd13-photos.leclercdrive.fr/image.ashx?id=2900187&use=l&cat=p&typeid=i","cat":284254},{"id":187499,"n":"Yaourt fruits bifidus Activia  Pruneau - 6x125g","p":3.39,"u":"4,52 €/KG","img":"https://fd13-photos.leclercdrive.fr/image.ashx?id=2741817&use=l&cat=p&typeid=i","cat":315000},{"id":187547,"n":"Moutarde Fine & Forte AMORA Flacon Souple - 460g","p":2.38,"u":"5,17 €/KG","img":"https://fd13-photos.leclercdrive.fr/image.ashx?id=2877271&use=l&cat=p&typeid=i","cat":288850},{"id":187576,"n":"Pâtes Coquillette Panzani Complètement Bon - 500G","p":1.28,"u":"2,56 €/KG","img":"https://fd13-photos.leclercdrive.fr/image.ashx?id=2902960&use=l&cat=p&typeid=i","cat":284427},{"id":187578,"n":"Pâtes Torti Panzani Complètement Bon - 500G","p":1.28,"u":"2,56 €/KG","img":"https://fd13-photos.leclercdrive.fr/image.ashx?id=2902963&use=l&cat=p&typeid=i","cat":284427},{"id":187588,"n":"Dessert Sojasun Chocolat Noisette - 4x100g","p":1.72,"u":"4,30 €/KG","img":"https://fd13-photos.leclercdrive.fr/image.ashx?id=2398580&use=l&cat=p&typeid=i","cat":316071},{"id":187602,"n":"Gousses de vanille Vahiné x4 -","p":8.8,"u":"2,20 €/P","img":"https://fd13-photos.leclercdrive.fr/image.ashx?id=2569428&use=l&cat=p&typeid=i","cat":284504},{"id":187603,"n":"Pepites de chocolats Vahiné  3 chocolats - 180g","p":5.39,"u":"29,94 €/KG","img":"https://fd13-photos.leclercdrive.fr/image.ashx?id=2397863&use=l&cat=p&typeid=i","cat":284504},{"id":187690,"n":"Fond de teint L'Oréal Paris Infaillible 140 haute couvrance","p":15.84,"img":"https://fd13-photos.leclercdrive.fr/image.ashx?id=2735365&use=l&cat=p&typeid=i","cat":287029},{"id":187702,"n":"Biscuit petit beurre St Michel 180g","p":1.49,"u":"8,28 €/KG","img":"https://fd13-photos.leclercdrive.fr/image.ashx?id=3002051&use=l&cat=p&typeid=i","cat":284487},{"id":187787,"n":"Saucisse sèche fumée Henri Raffin - 200g","p":4.72,"u":"23,60 €/KG","img":"https://fd13-photos.leclercdrive.fr/image.ashx?id=2692500&use=l&cat=p&typeid=i","cat":316006},{"id":187926,"n":"Muesli Bio Village Crousti bio - Chocolat","p":2.9,"u":"5,80 €/KG","img":"https://fd13-photos.leclercdrive.fr/image.ashx?id=2598716&use=l&cat=p&typeid=i","cat":309512},{"id":187929,"n":"Nouilles Sautées Yakisoba Classique - 93g","p":2.0,"u":"21,51 €/KG","img":"https://fd13-photos.leclercdrive.fr/image.ashx?id=2536140&use=l&cat=p&typeid=i","cat":288992},{"id":187931,"n":"Nouilles Sautées Yakisoba Curry - 93g","p":1.89,"u":"20,32 €/KG","img":"https://fd13-photos.leclercdrive.fr/image.ashx?id=2536146&use=l&cat=p&typeid=i","cat":288992},{"id":187932,"n":"Nouilles sautées Yakisoba Boeuf - 93g","p":1.9,"u":"20,43 €/KG","img":"https://fd13-photos.leclercdrive.fr/image.ashx?id=3004423&use=l&cat=p&typeid=i","cat":288992},{"id":187934,"n":"Nouilles sautées Yakisoba Pad Thai - 93g","p":1.9,"u":"20,43 €/KG","img":"https://fd13-photos.leclercdrive.fr/image.ashx?id=2536155&use=l&cat=p&typeid=i","cat":288992},{"id":187986,"n":"Déodorant stick Mennen  Homme intraçable 72h - 60ml","p":3.86,"u":"64,33 €/L","img":"https://fd13-photos.leclercdrive.fr/image.ashx?id=2402346&use=l&cat=p&typeid=i","cat":284618},{"id":187987,"n":"Déodorant stick Homme Mennen 24H Musk Sans Alcool - 60ml","p":3.2,"u":"53,33 €/L","img":"https://fd13-photos.leclercdrive.fr/image.ashx?id=2869113&use=l&cat=p&typeid=i","cat":284618},{"id":187989,"n":"Lait corps hydratant Mixa Raffermissant  - 250ml","p":3.55,"u":"14,20 €/L","img":"https://fd13-photos.leclercdrive.fr/image.ashx?id=2402358&use=l&cat=p&typeid=i","cat":325349},{"id":187990,"n":"Lait Corps Réparateur Mixa Peau abîmée desséchée - 300ml","p":3.71,"u":"12,37 €/L","img":"https://fd13-photos.leclercdrive.fr/image.ashx?id=2908186&use=l&cat=p&typeid=i","cat":325349},{"id":187999,"n":"Lait Corps réparateur Mixa Peaux desséchées - 300ml","p":3.65,"u":"12,17 €/L","img":"https://fd13-photos.leclercdrive.fr/image.ashx?id=2402394&use=l&cat=p&typeid=i","cat":325349},{"id":188001,"n":"Gel coiffant Vivelle DOP Fixation Extrême - 190ml","p":3.63,"u":"19,11 €/L","img":"https://fd13-photos.leclercdrive.fr/image.ashx?id=2402403&use=l&cat=p&typeid=i","cat":284609},{"id":188003,"n":"Gel Coiffant Béton Dop Vivelle Fixation 24h - 190ml","p":3.63,"u":"19,11 €/L","img":"https://fd13-photos.leclercdrive.fr/image.ashx?id=2402406&use=l&cat=p&typeid=i","cat":284609},{"id":188007,"n":"Gel Coiffant Vivelle Dop Fixation invisible - 190ml","p":4.44,"u":"23,37 €/L","img":"https://fd13-photos.leclercdrive.fr/image.ashx?id=2402397&use=l&cat=p&typeid=i","cat":284609},{"id":188008,"n":"Lait corps Mixa  Peaux extra sèches - 400ml","p":4.31,"u":"10,78 €/L","img":"https://fd13-photos.leclercdrive.fr/image.ashx?id=2402355&use=l&cat=p&typeid=i","cat":325349},{"id":188010,"n":"Lait corps nutritif Mixa A l'huile de karité - 250ml","p":3.98,"u":"15,92 €/L","img":"https://fd13-photos.leclercdrive.fr/image.ashx?id=2402361&use=l&cat=p&typeid=i","cat":325349},{"id":188011,"n":"Tablette de chocolat Lindt Lait noisettes - 2x100g","p":4.68,"u":"23,40 €/KG","img":"https://fd13-photos.leclercdrive.fr/image.ashx?id=2654614&use=l&cat=p&typeid=i","cat":284497},{"id":188013,"n":"Tablette de chocolat Lindt Lait extra fin - 3x100g","p":5.64,"u":"18,80 €/KG","img":"https://fd13-photos.leclercdrive.fr/image.ashx?id=2655853&use=l&cat=p&typeid=i","cat":284497},{"id":188015,"n":"Cœurs de palmier D'aucy  125g","p":3.95,"u":"17,95 €/KG","img":"https://fd13-photos.leclercdrive.fr/image.ashx?id=2401369&use=l&cat=p&typeid=i","cat":312611},{"id":188066,"n":"Sauce Tomate Cerise Parmesan Florelli - 250g","p":2.0,"u":"8,00 €/KG","img":"https://fd13-photos.leclercdrive.fr/image.ashx?id=2525204&use=l&cat=p&typeid=i","cat":299047},{"id":188067,"n":"Gressins au sésame Florelli - 250g","p":2.05,"u":"8,20 €/KG","img":"https://fd13-photos.leclercdrive.fr/image.ashx?id=2544449&use=l&cat=p&typeid=i","cat":289010},{"id":188168,"n":"Féta AOP Salakis Fromage brebis et chèvre - 150g","p":2.86,"u":"19,07 €/KG","img":"https://fd13-photos.leclercdrive.fr/image.ashx?id=2879128&use=l&cat=p&typeid=i","cat":314026},{"id":188271,"n":"Matière grasse doux Astra  À tartiner à cuire 70%MG - 500g","p":2.39,"u":"4,78 €/KG","img":"https://fd13-photos.leclercdrive.fr/image.ashx?id=2406301&use=l&cat=p&typeid=i","cat":315229},{"id":188293,"n":"Moutarde Amora Mi-forte - 260g","p":2.2,"u":"8,46 €/KG","img":"https://fd13-photos.leclercdrive.fr/image.ashx?id=3005398&use=l&cat=p&typeid=i","cat":288850},{"id":188294,"n":"Jambon Le Bon Paris Herta À l'étouffé x2 - 85g","p":1.47,"u":"17,29 €/KG","img":"https://fd13-photos.leclercdrive.fr/image.ashx?id=2566263&use=l&cat=p&typeid=i","cat":316009},{"id":188295,"n":"Jambon Le Bon Paris Herta À l'étouffée x4 - 170g","p":2.08,"u":"12,24 €/KG","img":"https://fd13-photos.leclercdrive.fr/image.ashx?id=2731390&use=l&cat=p&typeid=i","cat":316009},{"id":188296,"n":"Jambon Le Bon Paris Herta À l'étouffée x6 - 255g","p":2.93,"u":"11,49 €/KG","img":"https://fd13-photos.leclercdrive.fr/image.ashx?id=2418720&use=l&cat=p&typeid=i","cat":316009},{"id":188297,"n":"Jambon Le Bon Paris Herta À l'étouffée x8 - 340g","p":3.82,"u":"11,24 €/KG","img":"https://fd13-photos.leclercdrive.fr/image.ashx?id=2921519&use=l&cat=p&typeid=i","cat":316009},{"id":188299,"n":"Jambon Le Bon Paris Herta À l'étouffée x10 - 425g","p":4.72,"u":"11,11 €/KG","img":"https://fd13-photos.leclercdrive.fr/image.ashx?id=2757599&use=l&cat=p&typeid=i","cat":316009},{"id":188361,"n":"Ail blanc Panier du Primeur A mijoter et à confire x3","p":2.99,"u":"1,00 €/P","img":"https://fd13-photos.leclercdrive.fr/image.ashx?id=2958720&use=l&cat=p&typeid=i","cat":284352},{"id":188719,"n":"Avocat Bio Bio Village En barquette x2","p":3.59,"u":"1,80 €/P","img":"https://fd13-photos.leclercdrive.fr/image.ashx?id=2551984&use=l&cat=p&typeid=i","cat":284352},{"id":188722,"n":"Avocats mûrs à point  Panier du Primeur x2","p":3.39,"u":"1,70 €/P","img":"https://fd13-photos.leclercdrive.fr/image.ashx?id=2373012&use=l&cat=p&typeid=i","cat":284352},{"id":188810,"n":"Banane Bio Max Havelaar  Bio Village x5","p":1.99,"u":"0,40 €/P","img":"https://fd13-photos.leclercdrive.fr/image.ashx?id=2323988&use=l&cat=p&typeid=i","cat":284356},{"id":189022,"n":"Carotte Bio Bio Village 1kg","p":1.89,"u":"1,89 €/KG","img":"https://fd13-photos.leclercdrive.fr/image.ashx?id=1457160&use=l&cat=p&typeid=i","cat":284352},{"id":189069,"n":"Carottes Eco+ Sachet de 2kg","p":1.89,"u":"0,95 €/KG","img":"https://fd13-photos.leclercdrive.fr/image.ashx?id=2922376&use=l&cat=p&typeid=i","cat":284352},{"id":189072,"n":"Carottes fanes botte x1","p":1.8,"img":"https://fd13-photos.leclercdrive.fr/image.ashx?id=1632623&use=l&cat=p&typeid=i","cat":284352},{"id":189444,"n":"Choux de Bruxelles  500g","p":1.5,"u":"3,00 €/KG","img":"https://fd13-photos.leclercdrive.fr/image.ashx?id=598741&use=l&cat=p&typeid=i","cat":284352},{"id":189759,"n":"Citrons verts Panier du Primeur 500g","p":1.99,"u":"3,98 €/KG","img":"https://fd13-photos.leclercdrive.fr/image.ashx?id=2373018&use=l&cat=p&typeid=i","cat":284356},{"id":189768,"n":"Citron jaune Eco+  Filet 500g","p":0.99,"u":"1,98 €/KG","img":"https://fd13-photos.leclercdrive.fr/image.ashx?id=2619807&use=l&cat=p&typeid=i","cat":284356},{"id":189786,"n":"Citrons verts bio Bio Village Barquette x3","p":2.89,"u":"0,96 €/P","img":"https://fd13-photos.leclercdrive.fr/image.ashx?id=2552017&use=l&cat=p&typeid=i","cat":284356},{"id":189795,"n":"Citrons jaunes non traités Panier du Primeur Sachet x4","p":1.89,"u":"0,47 €/P","img":"https://fd13-photos.leclercdrive.fr/image.ashx?id=2930906&use=l&cat=p&typeid=i","cat":284356},{"id":189925,"n":"Concombre 1p","p":1.99,"img":"https://fd13-photos.leclercdrive.fr/image.ashx?id=1631895&use=l&cat=p&typeid=i","cat":284352},{"id":190197,"n":"Courge butternut bio Bio Village - x1","p":2.59,"img":"https://fd13-photos.leclercdrive.fr/image.ashx?id=2645759&use=l&cat=p&typeid=i","cat":284352},{"id":190201,"n":"Butternut 1p","p":1.99,"img":"https://fd13-photos.leclercdrive.fr/image.ashx?id=1631577&use=l&cat=p&typeid=i","cat":284352},{"id":190263,"n":"Potimarron bio Bio Village 1p","p":2.69,"img":"https://fd13-photos.leclercdrive.fr/image.ashx?id=2645765&use=l&cat=p&typeid=i","cat":284352},{"id":190380,"n":"Courgettes Bio Bio Village Filet - 750g","p":3.99,"u":"5,32 €/KG","img":"https://fd13-photos.leclercdrive.fr/image.ashx?id=2625698&use=l&cat=p&typeid=i","cat":284352},{"id":190491,"n":"Echalotes Eco+ Filet 500g","p":1.19,"u":"2,38 €/KG","img":"https://fd13-photos.leclercdrive.fr/image.ashx?id=2777946&use=l&cat=p&typeid=i","cat":284352},{"id":190581,"n":"Épinards à cuire Panier Primeur 400g","p":1.99,"u":"4,98 €/KG","img":"https://fd13-photos.leclercdrive.fr/image.ashx?id=2715994&use=l&cat=p&typeid=i","cat":284353},{"id":190686,"n":"Framboises Panier du Primeur 125g","p":2.49,"u":"19,92 €/KG","img":"https://fd13-photos.leclercdrive.fr/image.ashx?id=2843800&use=l&cat=p&typeid=i","cat":284356},{"id":190900,"n":"Tomates rondes Eco+ Filet 1kg","p":1.89,"u":"1,89 €/KG","img":"https://fd13-photos.leclercdrive.fr/image.ashx?id=2769420&use=l&cat=p&typeid=i","cat":284352},{"id":190950,"n":"Tomate ronde grappe Bio Village Bio - 500g","p":2.49,"u":"4,98 €/KG","img":"https://fd13-photos.leclercdrive.fr/image.ashx?id=2551996&use=l&cat=p&typeid=i","cat":284352},{"id":191107,"n":"Patate douce  1p","p":1.0,"img":"https://fd13-photos.leclercdrive.fr/image.ashx?id=1632569&use=l&cat=p&typeid=i","cat":284352},{"id":191108,"n":"Patate douce  1p","p":1.0,"img":"https://fd13-photos.leclercdrive.fr/image.ashx?id=1632569&use=l&cat=p&typeid=i","cat":284352},{"id":191139,"n":"Patate douce bio Bio Village 500g","p":2.49,"u":"4,98 €/KG","img":"https://fd13-photos.leclercdrive.fr/image.ashx?id=2934805&use=l&cat=p&typeid=i","cat":284352},{"id":191280,"n":"Persil frisé botte x1","p":1.1,"img":"https://fd13-photos.leclercdrive.fr/image.ashx?id=578632&use=l&cat=p&typeid=i","cat":293607},{"id":191325,"n":"Kaki 1p","p":1.0,"img":"https://fd13-photos.leclercdrive.fr/image.ashx?id=1628367&use=l&cat=p&typeid=i","cat":284356},{"id":191586,"n":"Pomme de terre rouge Vapeur  Sautées Panier du Primeur - 2kg","p":2.29,"u":"1,15 €/KG","img":"https://fd13-photos.leclercdrive.fr/image.ashx?id=2959638&use=l&cat=p&typeid=i","cat":284352},{"id":191968,"n":"Pomme de terre de consommation Eco+ 5kg","p":2.99,"u":"0,60 €/KG","img":"https://fd13-photos.leclercdrive.fr/image.ashx?id=2888926&use=l&cat=p&typeid=i","cat":284352},{"id":192022,"n":"Pommes de terre pour four purée potage Panier du Primeur - 2kg","p":2.29,"u":"1,15 €/KG","img":"https://fd13-photos.leclercdrive.fr/image.ashx?id=2959641&use=l&cat=p&typeid=i","cat":284352},{"id":192030,"n":"Pomme de terre pour frites Panier du Primeur - 2kg","p":2.29,"u":"1,15 €/KG","img":"https://fd13-photos.leclercdrive.fr/image.ashx?id=2959737&use=l&cat=p&typeid=i","cat":284352},{"id":192060,"n":"Pommes de terre Grenailles  Panier du Primeur - 1kg","p":1.99,"u":"1,99 €/KG","img":"https://fd13-photos.leclercdrive.fr/image.ashx?id=2233214&use=l&cat=p&typeid=i","cat":284352},{"id":192161,"n":"Pommes de terre Eco+ 1.5kg","p":0.99,"u":"0,66 €/KG","img":"https://fd13-photos.leclercdrive.fr/image.ashx?id=2282349&use=l&cat=p&typeid=i","cat":284352},{"id":192747,"n":"Pommes Bicolores Eco+ Sachet 2kg","p":2.99,"u":"1,50 €/KG","img":"https://fd13-photos.leclercdrive.fr/image.ashx?id=2537872&use=l&cat=p&typeid=i","cat":284356},{"id":192750,"n":"Pommes jaunes Eco+ Sachet 2kg","p":2.99,"u":"1,50 €/KG","img":"https://fd13-photos.leclercdrive.fr/image.ashx?id=2441890&use=l&cat=p&typeid=i","cat":284356},{"id":192762,"n":"Pommes bicolores Panier Primeur HVE - Sachet 1.5kg","p":2.99,"u":"1,99 €/KG","img":"https://fd13-photos.leclercdrive.fr/image.ashx?id=2928279&use=l&cat=p&typeid=i","cat":284356},{"id":192763,"n":"Pommes bicolores Panier Primeur HVE - Sachet 1.5kg","p":2.99,"u":"1,99 €/KG","img":"https://fd13-photos.leclercdrive.fr/image.ashx?id=2928279&use=l&cat=p&typeid=i","cat":284356},{"id":192885,"n":"Pomelos Eco+ Filet x3","p":1.79,"u":"0,60 €/P","img":"https://fd13-photos.leclercdrive.fr/image.ashx?id=2680524&use=l&cat=p&typeid=i","cat":284356},{"id":193249,"n":"Poire bio Bio Village Barquette x4","p":2.99,"u":"0,75 €/P","img":"https://fd13-photos.leclercdrive.fr/image.ashx?id=2552002&use=l&cat=p&typeid=i","cat":284356},{"id":193282,"n":"Poires Panier du Primeur Mûre à point Filière x4","p":3.49,"u":"0,87 €/P","img":"https://fd13-photos.leclercdrive.fr/image.ashx?id=2955038&use=l&cat=p&typeid=i","cat":284356},{"id":193534,"n":"Kiwis Bio Bio Village x6","p":3.99,"u":"0,67 €/P","img":"https://fd13-photos.leclercdrive.fr/image.ashx?id=2556443&use=l&cat=p&typeid=i","cat":284356},{"id":193535,"n":"Kiwis Bio Bio Village x6","p":3.99,"u":"0,67 €/P","img":"https://fd13-photos.leclercdrive.fr/image.ashx?id=2556443&use=l&cat=p&typeid=i","cat":284356},{"id":193564,"n":"Kiwi vert 1p","p":0.85,"img":"https://fd13-photos.leclercdrive.fr/image.ashx?id=2077670&use=l&cat=p&typeid=i","cat":284356},{"id":193606,"n":"Kiwi jaune 1p","p":1.25,"img":"https://fd13-photos.leclercdrive.fr/image.ashx?id=1633952&use=l&cat=p&typeid=i","cat":284356},{"id":193756,"n":"Myrtilles Panier du Primeur 125g","p":1.89,"u":"15,12 €/KG","img":"https://fd13-photos.leclercdrive.fr/image.ashx?id=2375773&use=l&cat=p&typeid=i","cat":284356},{"id":193764,"n":"Mûre Panier du Primeur 125g","p":3.49,"u":"27,92 €/KG","img":"https://fd13-photos.leclercdrive.fr/image.ashx?id=2414576&use=l&cat=p&typeid=i","cat":284356},{"id":193825,"n":"Mandarines Panier du Primeur Filet 1.5kg","p":3.99,"u":"2,66 €/KG","img":"https://fd13-photos.leclercdrive.fr/image.ashx?id=2922433&use=l&cat=p&typeid=i","cat":284356},{"id":194064,"n":"Jambon Le Bon Paris Herta  sans nitrite x6 - 210g","p":3.46,"u":"16,48 €/KG","img":"https://fd13-photos.leclercdrive.fr/image.ashx?id=2731396&use=l&cat=p&typeid=i","cat":316009},{"id":194071,"n":"Jambon Le Bon Paris Herta -25% de sel x2 - 70g","p":1.47,"u":"21,00 €/KG","img":"https://fd13-photos.leclercdrive.fr/image.ashx?id=2405899&use=l&cat=p&typeid=i","cat":316009},{"id":194073,"n":"Jambon Le Bon Paris Herta -25% de sel x4 - 140g","p":2.37,"u":"16,93 €/KG","img":"https://fd13-photos.leclercdrive.fr/image.ashx?id=2995067&use=l&cat=p&typeid=i","cat":316009},{"id":194075,"n":"Jambon Le Bon Paris Herta -25%  de sel sans nitrite x4 - 140g","p":2.58,"u":"18,43 €/KG","img":"https://fd13-photos.leclercdrive.fr/image.ashx?id=2910124&use=l&cat=p&typeid=i","cat":316009},{"id":194078,"n":"Jambon Le Bon Paris Herta Fumé x4 - 140g","p":2.45,"u":"17,50 €/KG","img":"https://fd13-photos.leclercdrive.fr/image.ashx?id=2918664&use=l&cat=p&typeid=i","cat":316009},{"id":194085,"n":"Abbracci - Mulino Bianco 350g","p":3.09,"u":"8,83 €/KG","img":"https://fd13-photos.leclercdrive.fr/image.ashx?id=2787971&use=l&cat=p&typeid=i","cat":284495},{"id":194086,"n":"Canestrini Mulino Bianco 200g","p":2.02,"u":"10,10 €/KG","img":"https://fd13-photos.leclercdrive.fr/image.ashx?id=2787965&use=l&cat=p&typeid=i","cat":284487},{"id":194296,"n":"Bloc de fromage Leerdammer Le Moelleux - 250g","p":3.69,"u":"14,76 €/KG","img":"https://fd13-photos.leclercdrive.fr/image.ashx?id=2421606&use=l&cat=p&typeid=i","cat":314034},{"id":194297,"n":"Tranches de fromage Leerdammer L'Original - 8 Tranches - 200g","p":2.45,"u":"12,25 €/KG","img":"https://fd13-photos.leclercdrive.fr/image.ashx?id=2489199&use=l&cat=p&typeid=i","cat":314028},{"id":194298,"n":"Tranches de fromage Leerdammer L'Original - 16 Tranches - 400g","p":4.61,"u":"11,53 €/KG","img":"https://fd13-photos.leclercdrive.fr/image.ashx?id=2489196&use=l&cat=p&typeid=i","cat":314028},{"id":194299,"n":"Tranches de fromage Leerdammer Le Moelleux-10 Tranches-250g","p":3.84,"u":"15,36 €/KG","img":"https://fd13-photos.leclercdrive.fr/image.ashx?id=2507599&use=l&cat=p&typeid=i","cat":314028},{"id":194310,"n":"Bonbons KINDER Schoko-Bons Chocolat blanc - 200G","p":3.79,"u":"18,95 €/KG","img":"https://fd13-photos.leclercdrive.fr/image.ashx?id=2406265&use=l&cat=p&typeid=i","cat":304238},{"id":194699,"n":"Lait Corps Nourissant Mixa Effet Soleil - 250ml","p":4.59,"u":"18,36 €/L","img":"https://fd13-photos.leclercdrive.fr/image.ashx?id=2409379&use=l&cat=p&typeid=i","cat":325349},{"id":195960,"n":"Coton-tiges bébé Mots d'Enfants Bio - x60","p":0.65,"u":"0,01 €/P","img":"https://fd13-photos.leclercdrive.fr/image.ashx?id=3015129&use=l&cat=p&typeid=i","cat":284739},{"id":195965,"n":"Mascara waterproof Maybelline Sky High volume & longueur Noir","p":8.95,"pp":5.91,"img":"https://fd13-photos.leclercdrive.fr/image.ashx?id=2833153&use=l&cat=p&typeid=i","cat":287029},{"id":195972,"n":"Mascara L'Oréal Paris  Pro XXL effet rehaussement cils","p":15.66,"img":"https://fd13-photos.leclercdrive.fr/image.ashx?id=2412837&use=l&cat=p&typeid=i","cat":287029},{"id":195981,"n":"Liquide vaisselle Excel Paic Anti-odeur actif à froid -500ml","p":2.04,"u":"4,08 €/L","img":"https://fd13-photos.leclercdrive.fr/image.ashx?id=2413176&use=l&cat=p&typeid=i","cat":284655},{"id":195983,"n":"Liquide vaisselle Excel Paic Dégraissant actif à froid 500ml","p":1.92,"u":"3,84 €/L","img":"https://fd13-photos.leclercdrive.fr/image.ashx?id=2413182&use=l&cat=p&typeid=i","cat":284655},{"id":195985,"n":"Mascara Volume L'Oréal Paris Pro Xxl Effet Faux Cils","p":12.79,"img":"https://fd13-photos.leclercdrive.fr/image.ashx?id=2412840&use=l&cat=p&typeid=i","cat":287029},{"id":196116,"n":"Jambon Le Bon Paris Herta  -25% Sel x6 - 210g","p":2.78,"u":"13,24 €/KG","img":"https://fd13-photos.leclercdrive.fr/image.ashx?id=2707750&use=l&cat=p&typeid=i","cat":316009},{"id":196118,"n":"Jambon Le Bon Paris Herta -25% de sel -x6 - 210g","p":3.8,"u":"18,10 €/KG","img":"https://fd13-photos.leclercdrive.fr/image.ashx?id=2414112&use=l&cat=p&typeid=i","cat":316009},{"id":196120,"n":"Jambon Le Bon Paris Herta Broche x4 - 140g","p":2.69,"u":"19,21 €/KG","img":"https://fd13-photos.leclercdrive.fr/image.ashx?id=3008158&use=l&cat=p&typeid=i","cat":316009},{"id":196123,"n":"Eyeliner L'Oréal Paris  Infaillible Waterproof Noir","p":9.0,"img":"https://fd13-photos.leclercdrive.fr/image.ashx?id=2419179&use=l&cat=p&typeid=i","cat":287029},{"id":196156,"n":"Sac poubelle 30L Alfapac  Coulissant poubelle haute x15","p":2.98,"u":"0,20 €/P","img":"https://fd13-photos.leclercdrive.fr/image.ashx?id=2526878&use=l&cat=p&typeid=i","cat":285168},{"id":196165,"n":"Barre de céréales Nature Valley Crunchy chocolat lait X8-160g","p":2.65,"u":"16,56 €/KG","img":"https://fd13-photos.leclercdrive.fr/image.ashx?id=2754465&use=l&cat=p&typeid=i","cat":300032},{"id":196179,"n":"Brioches Pitch pâte à tartiner x7 - 262g","p":2.9,"u":"11,07 €/KG","img":"https://fd13-photos.leclercdrive.fr/image.ashx?id=2454097&use=l&cat=p&typeid=i","cat":293505},{"id":196241,"n":"Jambon supérieur Eco+ Sans couenne 4 tranches - 160g","p":1.38,"u":"8,63 €/KG","img":"https://fd13-photos.leclercdrive.fr/image.ashx?id=2744407&use=l&cat=p&typeid=i","cat":316009},{"id":196266,"n":"Mousse à Raser 0% Alcool Mennen Peaux sensibles - 250ml","p":2.27,"u":"9,08 €/L","img":"https://fd13-photos.leclercdrive.fr/image.ashx?id=2661733&use=l&cat=p&typeid=i","cat":284617},{"id":196267,"n":"Mousse à Raser 0% Alcool Mennen Hypoallergénique - 250ml","p":2.27,"u":"9,08 €/L","img":"https://fd13-photos.leclercdrive.fr/image.ashx?id=2661736&use=l&cat=p&typeid=i","cat":284617},{"id":196271,"n":"Nettoyant Ménager Cif Crème à Récurer 750 ml","p":2.1,"u":"2,80 €/L","img":"https://fd13-photos.leclercdrive.fr/image.ashx?id=2752513&use=l&cat=p&typeid=i","cat":325357},{"id":196278,"n":"Crème à récurer CIF Citron CleanBoost 101 Usages 750ml","p":2.66,"u":"3,55 €/L","img":"https://fd13-photos.leclercdrive.fr/image.ashx?id=2948540&use=l&cat=p&typeid=i","cat":325357},{"id":196280,"n":"Couches Jumbo Biolane Taille 5 - x40","p":16.65,"u":"0,42 €/P","img":"https://fd13-photos.leclercdrive.fr/image.ashx?id=2876527&use=l&cat=p&typeid=i","cat":284737},{"id":196282,"n":"Couches culottes Biolane Eco-responsables Taille 4 - x42","p":21.5,"u":"0,51 €/P","img":"https://fd13-photos.leclercdrive.fr/image.ashx?id=2876533&use=l&cat=p&typeid=i","cat":284737},{"id":196284,"n":"Couches culottes Biolane Eco-responsables Taille 5 - x40","p":21.9,"u":"0,55 €/P","img":"https://fd13-photos.leclercdrive.fr/image.ashx?id=2876536&use=l&cat=p&typeid=i","cat":284737},{"id":196321,"n":"Jambon supérieur Eco+ Sans couenne 6 tranches - 240g","p":2.09,"u":"8,71 €/KG","img":"https://fd13-photos.leclercdrive.fr/image.ashx?id=2706556&use=l&cat=p&typeid=i","cat":316009},{"id":196353,"n":"Chardons liqueurs  jacquot x4 - 300g","p":7.99,"u":"26,63 €/KG","img":"https://fd13-photos.leclercdrive.fr/image.ashx?id=2416685&use=l&cat=p&typeid=i","cat":327601},{"id":196374,"n":"Bueno eggs kinder Chocolat - 140g","p":5.47,"u":"39,07 €/KG","img":"https://fd13-photos.leclercdrive.fr/image.ashx?id=2764353&use=l&cat=p&typeid=i","cat":327592},{"id":196376,"n":"Mix boite sélection  Kinder Chocolat - 174g","p":6.59,"u":"37,87 €/KG","img":"https://fd13-photos.leclercdrive.fr/image.ashx?id=2799656&use=l&cat=p&typeid=i","cat":327592},{"id":196378,"n":"Boîte chocolats Ferrero Rocher x16 pralines - 200g","p":5.58,"u":"27,90 €/KG","img":"https://fd13-photos.leclercdrive.fr/image.ashx?id=2963841&use=l&cat=p&typeid=i","cat":327600},{"id":196379,"n":"Boîte chocolats Ferrero Rocher x30 pralines - 375g","p":8.76,"u":"23,36 €/KG","img":"https://fd13-photos.leclercdrive.fr/image.ashx?id=2938091&use=l&cat=p&typeid=i","cat":327600},{"id":196383,"n":"Assortiment Etoile Delacre Biscuits - 454g","p":15.92,"u":"35,07 €/KG","img":"https://fd13-photos.leclercdrive.fr/image.ashx?id=2946919&use=l&cat=p&typeid=i","cat":284490},{"id":196431,"n":"Beurre Nature de Breton  Demi-sel - 80% MG - 250g","p":2.64,"u":"10,56 €/KG","img":"https://fd13-photos.leclercdrive.fr/image.ashx?id=2872042&use=l&cat=p&typeid=i","cat":284379},{"id":196439,"n":"Beurre Nature de Breton Doux - 82% MG - 250g","p":2.63,"u":"10,52 €/KG","img":"https://fd13-photos.leclercdrive.fr/image.ashx?id=2872039&use=l&cat=p&typeid=i","cat":284379},{"id":196471,"n":"Gingembrettes chocolat noir  Les Chevalier d'argouges - 160g","p":7.25,"u":"45,31 €/KG","img":"https://fd13-photos.leclercdrive.fr/image.ashx?id=2842735&use=l&cat=p&typeid=i","cat":327601},{"id":196477,"n":"Panettone Premium Motta Traditionnel - 750g","p":14.31,"u":"19,08 €/KG","img":"https://fd13-photos.leclercdrive.fr/image.ashx?id=2679263&use=l&cat=p&typeid=i","cat":327607},{"id":196507,"n":"Merlu blanc pané Findus MSC x20 - 1,02kg","p":10.5,"u":"10,29 €/KG","img":"https://fd13-photos.leclercdrive.fr/image.ashx?id=2947051&use=l&cat=p&typeid=i","cat":319788},{"id":196566,"n":"Fromage de Chèvre Chavroux Frais Nature - 150g","p":2.07,"u":"13,80 €/KG","img":"https://fd13-photos.leclercdrive.fr/image.ashx?id=2912161&use=l&cat=p&typeid=i","cat":314031},{"id":196647,"n":"Spray dégraissant Chanteclair Universel Marseille - 600ml","p":2.33,"u":"3,88 €/L","img":"https://fd13-photos.leclercdrive.fr/image.ashx?id=2419743&use=l&cat=p&typeid=i","cat":325357},{"id":196685,"n":"Pizza Numero Uno Italpizza Margherita - 410g","p":3.35,"u":"8,17 €/KG","img":"https://fd13-photos.leclercdrive.fr/image.ashx?id=2419752&use=l&cat=p&typeid=i","cat":284256},{"id":196686,"n":"Pizza Numero Uno Italpizza Prosciutto & Funghi - 440g","p":3.35,"u":"7,61 €/KG","img":"https://fd13-photos.leclercdrive.fr/image.ashx?id=2419758&use=l&cat=p&typeid=i","cat":284256},{"id":196687,"n":"Pizza Numero Uno Italpizza 5 Fromaggi - 410g","p":3.52,"u":"8,59 €/KG","img":"https://fd13-photos.leclercdrive.fr/image.ashx?id=2419761&use=l&cat=p&typeid=i","cat":284256},{"id":196688,"n":"Pizza Numero Uno Italpizza Salamino - 410g","p":3.54,"u":"8,63 €/KG","img":"https://fd13-photos.leclercdrive.fr/image.ashx?id=2419755&use=l&cat=p&typeid=i","cat":284256},{"id":196689,"n":"Pizza Numero Uno Italpizza Tonno e Cipolla - 410g","p":3.72,"u":"9,07 €/KG","img":"https://fd13-photos.leclercdrive.fr/image.ashx?id=2419764&use=l&cat=p&typeid=i","cat":284256},{"id":196798,"n":"Lait en poudre Picot  1er âge - 850g","p":17.14,"u":"20,16 €/KG","img":"https://fd13-photos.leclercdrive.fr/image.ashx?id=2925421&use=l&cat=p&typeid=i","cat":284726},{"id":196799,"n":"Lait en poudre Picot 2ème âge - 850g","p":14.12,"u":"16,61 €/KG","img":"https://fd13-photos.leclercdrive.fr/image.ashx?id=2925424&use=l&cat=p&typeid=i","cat":284727},{"id":196800,"n":"Lait de croissance Picot 3ème âge - 850g","p":11.54,"u":"13,58 €/KG","img":"https://fd13-photos.leclercdrive.fr/image.ashx?id=2925427&use=l&cat=p&typeid=i","cat":290219},{"id":196810,"n":"Bière Kékette triple 75cl","p":5.96,"u":"7,95 €/L","img":"https://fd13-photos.leclercdrive.fr/image.ashx?id=2582342&use=l&cat=p&typeid=i","cat":334872},{"id":196832,"n":"Assaisonnement  Ducros Persillade - 95g","p":2.15,"u":"22,63 €/KG","img":"https://fd13-photos.leclercdrive.fr/image.ashx?id=2421153&use=l&cat=p&typeid=i","cat":298297},{"id":196857,"n":"Ramen avec sauce soja Oyakata 63g","p":1.58,"u":"25,08 €/KG","img":"https://fd13-photos.leclercdrive.fr/image.ashx?id=2536161&use=l&cat=p&typeid=i","cat":288992},{"id":196965,"n":"Liqueur de menthe Get 27 17,9° - 70cl","p":12.44,"u":"17,77 €/L","img":"https://fd13-photos.leclercdrive.fr/image.ashx?id=2835565&use=l&cat=p&typeid=i","cat":286032},{"id":196989,"n":"Assortiment compotes x Materne  Pomme Poire banane mangue 100g","p":6.18,"u":"3,86 €/KG","img":"https://fd13-photos.leclercdrive.fr/image.ashx?id=2721595&use=l&cat=p&typeid=i","cat":284508},{"id":197161,"n":"Traîneau chocolat oeuf Kinder Jaune - 75g","p":3.49,"u":"46,53 €/KG","img":"https://fd13-photos.leclercdrive.fr/image.ashx?id=2426809&use=l&cat=p&typeid=i","cat":327592},{"id":197163,"n":"Traîneau chocolat œuf Kinder Blanc - 75g","p":3.49,"u":"46,53 €/KG","img":"https://fd13-photos.leclercdrive.fr/image.ashx?id=2426812&use=l&cat=p&typeid=i","cat":327592},{"id":197164,"n":"Traîneau chocolat œuf Kinder Vert - 75g","p":3.49,"u":"46,53 €/KG","img":"https://fd13-photos.leclercdrive.fr/image.ashx?id=2426815&use=l&cat=p&typeid=i","cat":327592},{"id":197174,"n":"Colle Super glue 3 Loctite Power gel - 3x1g","p":4.5,"u":"1,50 €/P","img":"https://fd13-photos.leclercdrive.fr/image.ashx?id=2425682&use=l&cat=p&typeid=i","cat":300576},{"id":197175,"n":"Tube mastic Re-New Rubson Blanc - 5m de joint","p":8.9,"u":"111,25 €/KG","img":"https://fd13-photos.leclercdrive.fr/image.ashx?id=2425685&use=l&cat=p&typeid=i","cat":300576},{"id":197241,"n":"Oranges à jus Panier du Primeur Filet 2kg","p":3.39,"u":"1,70 €/KG","img":"https://fd13-photos.leclercdrive.fr/image.ashx?id=2414570&use=l&cat=p&typeid=i","cat":284356},{"id":197248,"n":"Oranges à déguster Panier du Primeur Filet 2kg","p":3.19,"u":"1,60 €/KG","img":"https://fd13-photos.leclercdrive.fr/image.ashx?id=2414567&use=l&cat=p&typeid=i","cat":284356},{"id":197277,"n":"Orange à déguster bio Bio Village Sachet x4","p":2.79,"u":"0,70 €/P","img":"https://fd13-photos.leclercdrive.fr/image.ashx?id=2801061&use=l&cat=p&typeid=i","cat":284356},{"id":197354,"n":"Préparation Moelleux Nature Alsa- 500g","p":3.45,"u":"6,90 €/KG","img":"https://fd13-photos.leclercdrive.fr/image.ashx?id=2812666&use=l&cat=p&typeid=i","cat":284505},{"id":197356,"n":"Tablette de chocolat Lindt Double lait - 2X100G","p":4.39,"u":"21,95 €/KG","img":"https://fd13-photos.leclercdrive.fr/image.ashx?id=2654617&use=l&cat=p&typeid=i","cat":284497},{"id":197362,"n":"Nouilles japonaises Nissin Poulet à l'asiatique - 63G","p":1.99,"u":"31,59 €/KG","img":"https://fd13-photos.leclercdrive.fr/image.ashx?id=2425913&use=l&cat=p&typeid=i","cat":288992},{"id":197416,"n":"Soupe instantanée Royco  Potiron - 4x200ml","p":1.73,"u":"2,16 €/L","img":"https://fd13-photos.leclercdrive.fr/image.ashx?id=2598076&use=l&cat=p&typeid=i","cat":293527},{"id":197475,"n":"Effilés Chat Junior Purina One Sauce saumon ou poulet - 8x85g","p":4.65,"u":"6,84 €/KG","img":"https://fd13-photos.leclercdrive.fr/image.ashx?id=2899731&use=l&cat=p&typeid=i","cat":285286},{"id":197611,"n":"Amincissant Extra Fort Vitavea 6 actions x20 - 0.05kg","p":6.55,"img":"https://fd13-photos.leclercdrive.fr/image.ashx?id=2427898&use=l&cat=p&typeid=i","cat":313217},{"id":197625,"n":"Tablette de chocolat noir Lindt 3x100g","p":4.16,"u":"13,87 €/KG","img":"https://fd13-photos.leclercdrive.fr/image.ashx?id=2721422&use=l&cat=p&typeid=i","cat":284956},{"id":197697,"n":"Crème de nuit L'Oréal Paris Age perfect Anti-âge - 50ml","p":11.97,"pp":7.9,"u":"158,00 €/L","img":"https://fd13-photos.leclercdrive.fr/image.ashx?id=2428441&use=l&cat=p&typeid=i","cat":325345},{"id":197713,"n":"Fromage à Tartiner St Môret  Nature - 500g","p":5.53,"u":"11,06 €/KG","img":"https://fd13-photos.leclercdrive.fr/image.ashx?id=2427991&use=l&cat=p&typeid=i","cat":314029},{"id":197911,"n":"Bloc de foie gras de canard Jean Larnaudie - Lingot 270g","p":31.97,"u":"118,41 €/KG","img":"https://fd13-photos.leclercdrive.fr/image.ashx?id=2429791&use=l&cat=p&typeid=i","cat":316008},{"id":197930,"n":"Kiwi jaune Panier du Primeur x4","p":3.49,"u":"0,87 €/P","img":"https://fd13-photos.leclercdrive.fr/image.ashx?id=2928303&use=l&cat=p&typeid=i","cat":284356},{"id":198319,"n":"Boisson énergisante Monster Mango loco - 4x50cl","p":6.19,"u":"3,10 €/L","img":"https://fd13-photos.leclercdrive.fr/image.ashx?id=2983465&use=l&cat=p&typeid=i","cat":284533},{"id":198338,"n":"Confiture Douceur du Verger Fraise intense - 320 g","p":1.42,"u":"4,44 €/KG","img":"https://fd13-photos.leclercdrive.fr/image.ashx?id=2965605&use=l&cat=p&typeid=i","cat":284480},{"id":198348,"n":"Confiture Douceur du Verger Abricot intense - 320 g","p":1.42,"u":"4,44 €/KG","img":"https://fd13-photos.leclercdrive.fr/image.ashx?id=2965608&use=l&cat=p&typeid=i","cat":284480},{"id":198349,"n":"Confiture Douceur du Verger Myrtille intense - 320g","p":1.99,"u":"6,22 €/KG","img":"https://fd13-photos.leclercdrive.fr/image.ashx?id=2965611&use=l&cat=p&typeid=i","cat":284480},{"id":198355,"n":"Confiture Douceur du Verger Framboise intense - 320g","p":2.1,"u":"6,56 €/KG","img":"https://fd13-photos.leclercdrive.fr/image.ashx?id=2965614&use=l&cat=p&typeid=i","cat":284480},{"id":198356,"n":"Confiture Douceur du Verger 3 agrumes Intense - 320g","p":1.66,"u":"5,19 €/KG","img":"https://fd13-photos.leclercdrive.fr/image.ashx?id=2966376&use=l&cat=p&typeid=i","cat":284480},{"id":198357,"n":"Confiture Douceur du Verger Fruits rouges intense - 320g","p":1.7,"u":"5,31 €/KG","img":"https://fd13-photos.leclercdrive.fr/image.ashx?id=2965617&use=l&cat=p&typeid=i","cat":284480},{"id":198523,"n":"Desserts Lactés P'TIT ONCTUEUX Fromage blanc 6M+ - 4x90g","p":2.11,"u":"5,86 €/KG","img":"https://fd13-photos.leclercdrive.fr/image.ashx?id=2435707&use=l&cat=p&typeid=i","cat":312392},{"id":198524,"n":"Desserts Lactés P'TIT ONCTUEUX Banane 6M+ - 4x90g","p":1.83,"u":"5,08 €/KG","img":"https://fd13-photos.leclercdrive.fr/image.ashx?id=2435710&use=l&cat=p&typeid=i","cat":312392},{"id":198528,"n":"Bouillon Cube Bio Maggi Volaille dégraissé - 80g","p":1.77,"u":"22,13 €/KG","img":"https://fd13-photos.leclercdrive.fr/image.ashx?id=2435722&use=l&cat=p&typeid=i","cat":288379},{"id":198532,"n":"Soupe liquide Bouteille Liebig  Mouliné légumes du potager 75cl","p":2.63,"u":"3,51 €/L","img":"https://fd13-photos.leclercdrive.fr/image.ashx?id=2435899&use=l&cat=p&typeid=i","cat":284462},{"id":198535,"n":"Velouté Knorr Légumes français -1L","p":2.89,"u":"2,89 €/L","img":"https://fd13-photos.leclercdrive.fr/image.ashx?id=2435935&use=l&cat=p&typeid=i","cat":284462},{"id":198549,"n":"Lait infantile 1er age bio Picot de 0 à 6 mois - 800g","p":21.67,"u":"27,09 €/KG","img":"https://fd13-photos.leclercdrive.fr/image.ashx?id=2435926&use=l&cat=p&typeid=i","cat":284726},{"id":198570,"n":"Vitamine C Vitavea A croquer - 28 comprimés","p":4.19,"u":"0,15 €/P","img":"https://fd13-photos.leclercdrive.fr/image.ashx?id=2850542&use=l&cat=p&typeid=i","cat":313217},{"id":198623,"n":"Capsules Nescafé Dolce Gusto  Double Espresso - x16","p":5.28,"u":"38,82 €/KG","img":"https://fd13-photos.leclercdrive.fr/image.ashx?id=2687245&use=l&cat=p&typeid=i","cat":293239},{"id":198669,"n":"Sugo al basilico  340g","p":1.69,"u":"4,97 €/KG","img":"https://fd13-photos.leclercdrive.fr/image.ashx?id=2840025&use=l&cat=p&typeid=i","cat":288384},{"id":198794,"n":"Protège-slips Doulys Ultra-mince Long - x30","p":1.25,"u":"0,04 €/P","img":"https://fd13-photos.leclercdrive.fr/image.ashx?id=2882343&use=l&cat=p&typeid=i","cat":284625},{"id":198806,"n":"Fromage pour Tartiflette Président - 480g","p":5.63,"u":"11,73 €/KG","img":"https://fd13-photos.leclercdrive.fr/image.ashx?id=2757018&use=l&cat=p&typeid=i","cat":314037},{"id":198835,"n":"Gel à raser Satin Care Gillette Nettoyant 2 en 1 - 190ML","p":11.59,"u":"61,00 €/L","img":"https://fd13-photos.leclercdrive.fr/image.ashx?id=2529132&use=l&cat=p&typeid=i","cat":325352},{"id":198865,"n":"Lames de rasoir Gillette Fusion 5 - x6","p":23.15,"u":"3,86 €/P","img":"https://fd13-photos.leclercdrive.fr/image.ashx?id=2507095&use=l&cat=p&typeid=i","cat":284616},{"id":198959,"n":"Gel désodorisant Uni vert Lavande Eucalyptus","p":1.39,"img":"https://fd13-photos.leclercdrive.fr/image.ashx?id=2478934&use=l&cat=p&typeid=i","cat":311628},{"id":198968,"n":"Bloc wc javel Syphon eau bleue x2 - 100g","p":1.78,"u":"17,80 €/KG","img":"https://fd13-photos.leclercdrive.fr/image.ashx?id=2437005&use=l&cat=p&typeid=i","cat":284662},{"id":198974,"n":"Perles désodorisantes Bien Air Agrumes","p":2.39,"img":"https://fd13-photos.leclercdrive.fr/image.ashx?id=2466892&use=l&cat=p&typeid=i","cat":311628},{"id":198977,"n":"Bûche Nestlé Caramel Beurre Salé, 1l","p":6.45,"u":"6,45 €/L","img":"https://fd13-photos.leclercdrive.fr/image.ashx?id=2936701&use=l&cat=p&typeid=i","cat":284266},{"id":199018,"n":"AOC Beaumes de Venise rouge Grand Cardinal de Bonpas - 75cl","p":8.5,"pp":6.37,"u":"8,49 €/L","img":"https://fd13-photos.leclercdrive.fr/image.ashx?id=2830150&use=l&cat=p&typeid=i","cat":289556},{"id":199066,"n":"Escargots Bourgogne Label Rouge Recette Bourguignone x36 223g","p":18.9,"pp":12.47,"u":"55,92 €/KG","img":"https://fd13-photos.leclercdrive.fr/image.ashx?id=2628776&use=l&cat=p&typeid=i","cat":319775},{"id":199097,"n":"Chocolat Père Noel Kinder 160g","p":4.99,"u":"31,19 €/KG","img":"https://fd13-photos.leclercdrive.fr/image.ashx?id=2764308&use=l&cat=p&typeid=i","cat":327592},{"id":199134,"n":"Moulage chocolat Kinder Père Noel - 110g","p":3.68,"u":"33,45 €/KG","img":"https://fd13-photos.leclercdrive.fr/image.ashx?id=2438108&use=l&cat=p&typeid=i","cat":327592},{"id":199267,"n":"Bûche glacée Pilpa Douceur Citron Meringue 464g","p":5.27,"u":"11,36 €/KG","img":"https://fd13-photos.leclercdrive.fr/image.ashx?id=2751030&use=l&cat=p&typeid=i","cat":284266},{"id":199461,"n":"Chocolat Kinder Surprise x6 oeufs - 6x20g","p":7.65,"u":"63,75 €/KG","img":"https://fd13-photos.leclercdrive.fr/image.ashx?id=2826336&use=l&cat=p&typeid=i","cat":327592},{"id":199510,"n":"Cervelas Herta Sans nitrite - 400g","p":3.85,"u":"9,63 €/KG","img":"https://fd13-photos.leclercdrive.fr/image.ashx?id=2443835&use=l&cat=p&typeid=i","cat":316012},{"id":199530,"n":"Lait corps Mixa Anti-dessèchement - 400ml","p":4.31,"u":"10,78 €/L","img":"https://fd13-photos.leclercdrive.fr/image.ashx?id=2444372&use=l&cat=p&typeid=i","cat":325349},{"id":199552,"n":"Dentifrice Elmex Anti-caries Original - 75ml","p":3.97,"u":"52,93 €/L","img":"https://fd13-photos.leclercdrive.fr/image.ashx?id=2852181&use=l&cat=p&typeid=i","cat":284612},{"id":199553,"n":"Dentifrice Elmex Sensitive Original - 75ml","p":4.95,"u":"66,00 €/L","img":"https://fd13-photos.leclercdrive.fr/image.ashx?id=2738404&use=l&cat=p&typeid=i","cat":284612},{"id":199554,"n":"Dentifrice Elmex Sensitive  Haleine fraîche - 75ml","p":3.9,"u":"52,00 €/L","img":"https://fd13-photos.leclercdrive.fr/image.ashx?id=2738407&use=l&cat=p&typeid=i","cat":284612},{"id":199555,"n":"Bain de bouche Elmex Sensitive Dents sensibles - 400 ml","p":4.59,"u":"11,48 €/L","img":"https://fd13-photos.leclercdrive.fr/image.ashx?id=2837232&use=l&cat=p&typeid=i","cat":284613},{"id":199557,"n":"Dentifrice Elmex Anti-caries Haleine fraîche - 75 ml","p":3.98,"u":"53,07 €/MT","img":"https://fd13-photos.leclercdrive.fr/image.ashx?id=2738419&use=l&cat=p&typeid=i","cat":284612},{"id":199559,"n":"Dentifrice Elmex Sensitive  Blancheur douce - 2x75ml","p":8.62,"u":"57,47 €/MT","img":"https://fd13-photos.leclercdrive.fr/image.ashx?id=2738425&use=l&cat=p&typeid=i","cat":284612},{"id":199598,"n":"Désodorisant diffuseur Airwick  Active Fresh Vanille - 228ml","p":7.09,"u":"31,10 €/L","img":"https://fd13-photos.leclercdrive.fr/image.ashx?id=2864672&use=l&cat=p&typeid=i","cat":311629},{"id":199655,"n":"Bûchettes Délices Pilpa Vanille Fruits  x6 - 351g","p":3.9,"u":"11,11 €/KG","img":"https://fd13-photos.leclercdrive.fr/image.ashx?id=2444060&use=l&cat=p&typeid=i","cat":284266},{"id":200135,"n":"Liqueur de menthe Get 27 Edition Limitée 17,9° - 70cl","p":10.95,"u":"15,64 €/L","img":"https://fd13-photos.leclercdrive.fr/image.ashx?id=2445787&use=l&cat=p&typeid=i","cat":286032},{"id":200153,"n":"Repas bébé Blédina 15 mois légumes boulghour merlu 200g","p":2.34,"u":"11,70 €/KG","img":"https://fd13-photos.leclercdrive.fr/image.ashx?id=2975101&use=l&cat=p&typeid=i","cat":312238},{"id":200175,"n":"Plat bébé soir Blédiner 15 mois Pâtes légumes - 200g","p":2.28,"u":"11,40 €/KG","img":"https://fd13-photos.leclercdrive.fr/image.ashx?id=2866295&use=l&cat=p&typeid=i","cat":312239},{"id":200185,"n":"Ramen Cup Oyakata Miso et légumes - 66g","p":1.81,"u":"27,42 €/KG","img":"https://fd13-photos.leclercdrive.fr/image.ashx?id=2536158&use=l&cat=p&typeid=i","cat":288992},{"id":200186,"n":"Ramen Cup Oyakata Porc Tonkotsu - 62g","p":1.71,"u":"27,58 €/KG","img":"https://fd13-photos.leclercdrive.fr/image.ashx?id=2536164&use=l&cat=p&typeid=i","cat":288992},{"id":200188,"n":"Ramen Cup Oyakata Poulet Shio - 63g","p":1.49,"u":"23,65 €/KG","img":"https://fd13-photos.leclercdrive.fr/image.ashx?id=2446128&use=l&cat=p&typeid=i","cat":288992},{"id":200202,"n":"Repas bébé Blédina 15 mois carotte haricot riz bœuf 200g","p":2.28,"u":"11,40 €/KG","img":"https://fd13-photos.leclercdrive.fr/image.ashx?id=2586586&use=l&cat=p&typeid=i","cat":312238},{"id":200218,"n":"Repas bébé Blédina 15 mois carotte pâte épices poulet 200g","p":2.28,"u":"11,40 €/KG","img":"https://fd13-photos.leclercdrive.fr/image.ashx?id=2951632&use=l&cat=p&typeid=i","cat":312238},{"id":200285,"n":"Rhum Bacardi Carta Blanca 35.5° - 70cl + Verre","p":19.3,"u":"27,57 €/L","img":"https://fd13-photos.leclercdrive.fr/image.ashx?id=2447993&use=l&cat=p&typeid=i","cat":284550},{"id":200317,"n":"Olives Vertes et noires  Dénoyautées - 170g","p":2.6,"u":"15,29 €/KG","img":"https://fd13-photos.leclercdrive.fr/image.ashx?id=2733511&use=l&cat=p&typeid=i","cat":284450},{"id":200323,"n":"Cassoulet Castelnaudary NRT 420g","p":2.5,"u":"5,95 €/KG","img":"https://fd13-photos.leclercdrive.fr/image.ashx?id=2805990&use=l&cat=p&typeid=i","cat":284440},{"id":200368,"n":"Tartines croustillantes Wasa Complet - 260g","p":2.48,"u":"9,54 €/KG","img":"https://fd13-photos.leclercdrive.fr/image.ashx?id=2448196&use=l&cat=p&typeid=i","cat":284479},{"id":200377,"n":"Plat bébé soir Blédîner 15 mois Légumes macaroni persil - 200g","p":2.34,"u":"11,70 €/KG","img":"https://fd13-photos.leclercdrive.fr/image.ashx?id=2866292&use=l&cat=p&typeid=i","cat":312239},{"id":200378,"n":"Repas bébé Blédina 15 mois Pâtes brocolis jambon - 200g","p":2.28,"u":"11,40 €/KG","img":"https://fd13-photos.leclercdrive.fr/image.ashx?id=2975104&use=l&cat=p&typeid=i","cat":312238},{"id":200379,"n":"Cassoulet Castelnaud NRT 840g","p":4.3,"u":"5,12 €/KG","img":"https://fd13-photos.leclercdrive.fr/image.ashx?id=2805993&use=l&cat=p&typeid=i","cat":284440},{"id":200466,"n":"Gougères L'Atelier Traiteur x16 - 175g","p":4.49,"u":"25,66 €/KG","img":"https://fd13-photos.leclercdrive.fr/image.ashx?id=2815656&use=l&cat=p&typeid=i","cat":316003},{"id":200602,"n":"Verrines aux crevettes L'Atelier Traiteur x4 - 180g","p":3.95,"u":"21,94 €/KG","img":"https://fd13-photos.leclercdrive.fr/image.ashx?id=2449792&use=l&cat=p&typeid=i","cat":316003},{"id":200604,"n":"Verrines au saumon L'Atelier Traiteur x4 - 180g","p":3.95,"u":"21,94 €/KG","img":"https://fd13-photos.leclercdrive.fr/image.ashx?id=2449795&use=l&cat=p&typeid=i","cat":316003},{"id":200648,"n":"Escargot de Bourgogne surgelé L'origine du goût x12 - 110g","p":6.99,"u":"63,55 €/KG","img":"https://fd13-photos.leclercdrive.fr/image.ashx?id=2809885&use=l&cat=p&typeid=i","cat":319775},{"id":200709,"n":"Soupe liquide brique Liebig  Cèpes & Bolets - 2x30cl","p":3.05,"u":"5,08 €/L","img":"https://fd13-photos.leclercdrive.fr/image.ashx?id=2472204&use=l&cat=p&typeid=i","cat":284462},{"id":200711,"n":"Soupe liquide brique Liebig  Potiron Chataîgne - 2x30cl","p":2.55,"u":"4,25 €/L","img":"https://fd13-photos.leclercdrive.fr/image.ashx?id=2693485&use=l&cat=p&typeid=i","cat":284462},{"id":200713,"n":"Biscuits BN Choco Star Chocolat au lait - 195g","p":1.63,"u":"8,36 €/KG","img":"https://fd13-photos.leclercdrive.fr/image.ashx?id=2730487&use=l&cat=p&typeid=i","cat":284488},{"id":200714,"n":"Céréales Lion Nestlé   Triple Crunchy - 550g","p":4.37,"u":"7,95 €/KG","img":"https://fd13-photos.leclercdrive.fr/image.ashx?id=2893538&use=l&cat=p&typeid=i","cat":309513},{"id":200763,"n":"Gel lavant hydratant Sanytol Aloe vera Bio - 250ml","p":2.7,"u":"10,80 €/L","img":"https://fd13-photos.leclercdrive.fr/image.ashx?id=2905273&use=l&cat=p&typeid=i","cat":284597},{"id":200779,"n":"Nettoyant sol Vigor Désincrustant intense - 1L","p":3.18,"u":"3,18 €/L","img":"https://fd13-photos.leclercdrive.fr/image.ashx?id=2736160&use=l&cat=p&typeid=i","cat":284907},{"id":200780,"n":"Protège-lingerie Nana x30","p":1.74,"u":"0,06 €/P","img":"https://fd13-photos.leclercdrive.fr/image.ashx?id=3003432&use=l&cat=p&typeid=i","cat":284625},{"id":200994,"n":"Nouilles Soy Shrimps Nissin 63g","p":1.79,"u":"28,41 €/KG","img":"https://fd13-photos.leclercdrive.fr/image.ashx?id=2453640&use=l&cat=p&typeid=i","cat":288992},{"id":200995,"n":"Soupe Cup Noodles Nissin Saveur boeuf 5 épices - 64g","p":1.79,"u":"27,97 €/KG","img":"https://fd13-photos.leclercdrive.fr/image.ashx?id=2453643&use=l&cat=p&typeid=i","cat":288992},{"id":201017,"n":"Crêpes dentelles Bretagne NRT 120g","p":1.72,"u":"14,33 €/KG","img":"https://fd13-photos.leclercdrive.fr/image.ashx?id=2622359&use=l&cat=p&typeid=i","cat":284487},{"id":201107,"n":"Café dosettes Tassimo Café au Lait x21","p":5.7,"u":"23,55 €/KG","img":"https://fd13-photos.leclercdrive.fr/image.ashx?id=2457605&use=l&cat=p&typeid=i","cat":293240},{"id":201192,"n":"Boisson fermentée désalcoolisée Rouge - à base de raisin - 75cl","p":3.15,"u":"4,20 €/L","img":"https://fd13-photos.leclercdrive.fr/image.ashx?id=2477664&use=l&cat=p&typeid=i","cat":284549},{"id":201193,"n":"Boisson fermentée désalcoolisée Rosé - à base de raisin - 75cl","p":3.28,"u":"4,37 €/L","img":"https://fd13-photos.leclercdrive.fr/image.ashx?id=2477667&use=l&cat=p&typeid=i","cat":284549},{"id":201194,"n":"Boisson fermentée désalcoolisée Blanc - à base de raisin - 75cl","p":3.28,"u":"4,37 €/L","img":"https://fd13-photos.leclercdrive.fr/image.ashx?id=2477670&use=l&cat=p&typeid=i","cat":284549},{"id":201203,"n":"Préparation Pancakes Mapple Joe - 215g 8à10 pancakes","p":2.33,"u":"10,84 €/KG","img":"https://fd13-photos.leclercdrive.fr/image.ashx?id=2657394&use=l&cat=p&typeid=i","cat":284504},{"id":201243,"n":"AOP Vin blanc Monbazillac 37.5cl","p":3.99,"u":"10,64 €/L","img":"https://fd13-photos.leclercdrive.fr/image.ashx?id=2756894&use=l&cat=p&typeid=i","cat":289557},{"id":201298,"n":"Fromage enfant La Vache qui rit Original 12P à tartiner - 192g","p":2.47,"u":"12,86 €/KG","img":"https://fd13-photos.leclercdrive.fr/image.ashx?id=2945442&use=l&cat=p&typeid=i","cat":314030},{"id":201300,"n":"Fromage enfant La Vache qui rit Original 32P à tartiner - 512g","p":4.78,"u":"9,34 €/KG","img":"https://fd13-photos.leclercdrive.fr/image.ashx?id=2945448&use=l&cat=p&typeid=i","cat":314030},{"id":201341,"n":"Iceberg Eco+","p":0.99,"img":"https://fd13-photos.leclercdrive.fr/image.ashx?id=2715747&use=l&cat=p&typeid=i","cat":284352},{"id":201460,"n":"Terrine de campagne Côté Table Sel de guérande - 180g","p":1.47,"u":"8,17 €/KG","img":"https://fd13-photos.leclercdrive.fr/image.ashx?id=2460418&use=l&cat=p&typeid=i","cat":305149},{"id":201491,"n":"Shampooing micellaire purifiant Thé Vert Aloe Vera - 250ml","p":2.79,"u":"11,16 €/L","img":"https://fd13-photos.leclercdrive.fr/image.ashx?id=2461063&use=l&cat=p&typeid=i","cat":284606},{"id":201528,"n":"Porto ruby Dorrao 18%vol - 75cl","p":8.39,"u":"11,19 €/L","img":"https://fd13-photos.leclercdrive.fr/image.ashx?id=2869871&use=l&cat=p&typeid=i","cat":284913},{"id":201555,"n":"Gillette Mach3 Turbo - Lot de 3x4","p":38.57,"u":"3,21 €/P","img":"https://fd13-photos.leclercdrive.fr/image.ashx?id=2787947&use=l&cat=p&typeid=i","cat":284616},{"id":201571,"n":"Viande bovine Bourguignon ** à mijoter - 500g","p":6.79,"u":"13,58 €/KG","img":"https://fd13-photos.leclercdrive.fr/image.ashx?id=2930933&use=l&cat=p&typeid=i","cat":284328},{"id":201572,"n":"Sauté de porc Atelier Boucherie VPF - 500g","p":4.59,"u":"9,18 €/KG","img":"https://fd13-photos.leclercdrive.fr/image.ashx?id=2932707&use=l&cat=p&typeid=i","cat":284331},{"id":201600,"n":"Capsules Café Carte Noire  Puissant n°11 x30 - 165g","p":9.38,"u":"56,85 €/KG","img":"https://fd13-photos.leclercdrive.fr/image.ashx?id=2873444&use=l&cat=p&typeid=i","cat":284749},{"id":201607,"n":"Rasoirs jetables Wilkinson Extra 3 Essentials - x4","p":2.46,"u":"0,62 €/P","img":"https://fd13-photos.leclercdrive.fr/image.ashx?id=2462840&use=l&cat=p&typeid=i","cat":325352},{"id":201688,"n":"Beurre plaquette Eco+ Doux - 60% MG  - 200g","p":1.45,"u":"7,25 €/KG","img":"https://fd13-photos.leclercdrive.fr/image.ashx?id=2794187&use=l&cat=p&typeid=i","cat":284379},{"id":201690,"n":"Beurre plaquette Eco+ Demi-sel - 60% MG - 200g","p":1.47,"u":"7,35 €/KG","img":"https://fd13-photos.leclercdrive.fr/image.ashx?id=2794184&use=l&cat=p&typeid=i","cat":284379},{"id":201692,"n":"Frites Crousti Express Findus Micro-ondes Allumette 2x100g","p":1.62,"u":"8,10 €/KG","img":"https://fd13-photos.leclercdrive.fr/image.ashx?id=2648274&use=l&cat=p&typeid=i","cat":319791},{"id":201693,"n":"Frites Crousti Express Findus Micro-ondes Classique 2x100g","p":1.56,"u":"7,80 €/KG","img":"https://fd13-photos.leclercdrive.fr/image.ashx?id=2648271&use=l&cat=p&typeid=i","cat":319791},{"id":201695,"n":"Melatonine Flash Complément alimentaire - 1.9MG","p":5.28,"u":"0,09 €/P","img":"https://fd13-photos.leclercdrive.fr/image.ashx?id=2900890&use=l&cat=p&typeid=i","cat":313217},{"id":201702,"n":"Bière Leffe Ruby 5% - 6x25cl","p":5.56,"u":"3,71 €/L","img":"https://fd13-photos.leclercdrive.fr/image.ashx?id=2811581&use=l&cat=p&typeid=i","cat":334878},{"id":201706,"n":"Bière Leffe Ruby 5% - 12x25cl","p":9.45,"u":"3,15 €/L","img":"https://fd13-photos.leclercdrive.fr/image.ashx?id=2813008&use=l&cat=p&typeid=i","cat":334878},{"id":201745,"n":"Fondant Crousti Nat Choco-noisettes - 340g","p":3.41,"u":"10,03 €/KG","img":"https://fd13-photos.leclercdrive.fr/image.ashx?id=2463143&use=l&cat=p&typeid=i","cat":309513},{"id":201747,"n":"Thé vert Lipton Fleur d'oranger - x20 - 30g","p":2.56,"u":"85,33 €/KG","img":"https://fd13-photos.leclercdrive.fr/image.ashx?id=2463398&use=l&cat=p&typeid=i","cat":293233},{"id":201762,"n":"Complément alimentaire Vitavea Gummies cheveux sublimes","p":7.51,"u":"0,19 €/P","img":"https://fd13-photos.leclercdrive.fr/image.ashx?id=2695926&use=l&cat=p&typeid=i","cat":313217},{"id":201765,"n":"Ambre Solaire Sérum Garnier Super UV SPF50+ - 30ml","p":10.54,"u":"351,33 €/L","img":"https://fd13-photos.leclercdrive.fr/image.ashx?id=2735374&use=l&cat=p&typeid=i","cat":325355},{"id":201772,"n":"Dentifrice Elmex Sensitive Blancheur douce - 75ml","p":4.99,"u":"66,53 €/L","img":"https://fd13-photos.leclercdrive.fr/image.ashx?id=2721187&use=l&cat=p&typeid=i","cat":284612},{"id":201774,"n":"Sous-vêtements nuit DryNites® Garçons 4-7 ans (17-30 kg) x16","p":12.76,"u":"0,80 €/P","img":"https://fd13-photos.leclercdrive.fr/image.ashx?id=2844727&use=l&cat=p&typeid=i","cat":290633},{"id":201775,"n":"Sous-vêtements nuit DryNites® Garçons 8-13 ans (30-48 kg) x13","p":11.85,"u":"0,91 €/P","img":"https://fd13-photos.leclercdrive.fr/image.ashx?id=2971314&use=l&cat=p&typeid=i","cat":290633},{"id":201776,"n":"Sous-vêtements nuit DryNites® Filles 8-13 ans (30-48 kg) x13","p":11.85,"u":"0,91 €/P","img":"https://fd13-photos.leclercdrive.fr/image.ashx?id=2844736&use=l&cat=p&typeid=i","cat":290633},{"id":201792,"n":"Mousseline Purina Gourmet Thon nappé de sauce - 4x57g","p":3.02,"u":"13,25 €/KG","img":"https://fd13-photos.leclercdrive.fr/image.ashx?id=2899722&use=l&cat=p&typeid=i","cat":285601},{"id":201835,"n":"Pizza Crousti Moelleuse Marie Royale - 500g","p":3.78,"u":"7,56 €/KG","img":"https://fd13-photos.leclercdrive.fr/image.ashx?id=2996704&use=l&cat=p&typeid=i","cat":284256},{"id":201836,"n":"Pizza Crousti Moelleuse Marie 4 fromages - 500g","p":3.77,"u":"7,54 €/KG","img":"https://fd13-photos.leclercdrive.fr/image.ashx?id=2996701&use=l&cat=p&typeid=i","cat":284256},{"id":201837,"n":"Protège-slips Doulys Ultra-mince normal - x45","p":0.87,"u":"0,02 €/P","img":"https://fd13-photos.leclercdrive.fr/image.ashx?id=2849590&use=l&cat=p&typeid=i","cat":284625},{"id":201838,"n":"Fraizibus Haribo Sachet bonbons - 220g","p":1.62,"u":"7,36 €/KG","img":"https://fd13-photos.leclercdrive.fr/image.ashx?id=2984955&use=l&cat=p&typeid=i","cat":304250},{"id":201839,"n":"Sauce arrabbiata Turini 420g","p":1.14,"u":"2,71 €/KG","img":"https://fd13-photos.leclercdrive.fr/image.ashx?id=2465062&use=l&cat=p&typeid=i","cat":287599},{"id":201841,"n":"Bière Ninkasi Flower Lager 75cl 6.5%","p":4.68,"u":"6,24 €/L","img":"https://fd13-photos.leclercdrive.fr/image.ashx?id=2467919&use=l&cat=p&typeid=i","cat":334872},{"id":201915,"n":"Protège-slips Doulys Slip ou string - x45","p":1.61,"u":"0,04 €/P","img":"https://fd13-photos.leclercdrive.fr/image.ashx?id=2877466&use=l&cat=p&typeid=i","cat":284625},{"id":201934,"n":"Protège-slips Vania Confort Fresh - x56","p":2.28,"img":"https://fd13-photos.leclercdrive.fr/image.ashx?id=2735227&use=l&cat=p&typeid=i","cat":284625},{"id":201935,"n":"Protège-slips Confort Vania  Sans parfum - x56","p":2.17,"u":"0,04 €/P","img":"https://fd13-photos.leclercdrive.fr/image.ashx?id=2735230&use=l&cat=p&typeid=i","cat":284625},{"id":201937,"n":"Gel douche Mixa Bébé Bio  Très Doux Corps Cheveux - 300ml","p":6.1,"u":"20,33 €/L","img":"https://fd13-photos.leclercdrive.fr/image.ashx?id=2468548&use=l&cat=p&typeid=i","cat":284740},{"id":201942,"n":"Spray désinfectant Clair Multi-surfaces - 400ml","p":3.85,"u":"9,63 €/MT","img":"https://fd13-photos.leclercdrive.fr/image.ashx?id=2467682&use=l&cat=p&typeid=i","cat":325357},{"id":201945,"n":"Gel Douche Le Petit Marseillais  Lait de vanille - 250ml","p":1.56,"u":"6,24 €/L","img":"https://fd13-photos.leclercdrive.fr/image.ashx?id=2676096&use=l&cat=p&typeid=i","cat":284594},{"id":201946,"n":"Gel Douche Le Petit Marseillais Lait de vanille - 650 ml","p":3.24,"u":"4,98 €/L","img":"https://fd13-photos.leclercdrive.fr/image.ashx?id=2674794&use=l&cat=p&typeid=i","cat":284594},{"id":201948,"n":"Gel Douche Le Petit Marseillais Abricot et noisette - 650ml","p":3.22,"u":"4,95 €/MT","img":"https://fd13-photos.leclercdrive.fr/image.ashx?id=2676102&use=l&cat=p&typeid=i","cat":284594},{"id":201949,"n":"Gel Douche Le Petit Marseillais Fleur d'oranger - 250ml","p":1.7,"u":"6,80 €/MT","img":"https://fd13-photos.leclercdrive.fr/image.ashx?id=2963397&use=l&cat=p&typeid=i","cat":284594},{"id":201950,"n":"Gel Douche Le Petit Marseillais Amande douce - 250ml","p":1.58,"u":"6,32 €/MT","img":"https://fd13-photos.leclercdrive.fr/image.ashx?id=2946592&use=l&cat=p&typeid=i","cat":284594},{"id":201951,"n":"Gel Douche Le Petit Marseillais Lait - 250ml","p":1.74,"u":"6,96 €/MT","img":"https://fd13-photos.leclercdrive.fr/image.ashx?id=2676108&use=l&cat=p&typeid=i","cat":284594},{"id":201952,"n":"Gel Douche Le Petit Marseillais Lait - 650ml","p":3.26,"u":"5,02 €/L","img":"https://fd13-photos.leclercdrive.fr/image.ashx?id=2676111&use=l&cat=p&typeid=i","cat":284594},{"id":201953,"n":"Gel Douche Le Petit Marseillais Pêche nectarine - 250ml","p":1.69,"u":"6,76 €/L","img":"https://fd13-photos.leclercdrive.fr/image.ashx?id=2938761&use=l&cat=p&typeid=i","cat":284594},{"id":201954,"n":"Gel Douche Le Petit Marseillais  Peche nectarine - 650ml","p":3.28,"u":"5,05 €/L","img":"https://fd13-photos.leclercdrive.fr/image.ashx?id=2676114&use=l&cat=p&typeid=i","cat":284594},{"id":201955,"n":"Gel Douche Le Petit Marseillais Olivier Tillieul - 650ml","p":3.37,"u":"5,18 €/MT","img":"https://fd13-photos.leclercdrive.fr/image.ashx?id=2676117&use=l&cat=p&typeid=i","cat":284594},{"id":201956,"n":"Gel Douche Le Petit Marseillais Verveine citron - 250ml","p":1.71,"u":"6,84 €/MT","img":"https://fd13-photos.leclercdrive.fr/image.ashx?id=2941769&use=l&cat=p&typeid=i","cat":284594},{"id":201957,"n":"Gel douche pamplemousse orange  Le Petit marseillais - 650ml","p":3.28,"u":"5,05 €/L","img":"https://fd13-photos.leclercdrive.fr/image.ashx?id=2676123&use=l&cat=p&typeid=i","cat":284594},{"id":201967,"n":"Bière blonde Corona 12x33cl","p":15.12,"u":"3,82 €/L","img":"https://fd13-photos.leclercdrive.fr/image.ashx?id=2544521&use=l&cat=p&typeid=i","cat":334873},{"id":201968,"n":"Bière blonde Corona Extra 4,5% - 6x33cl","p":8.18,"u":"4,13 €/L","img":"https://fd13-photos.leclercdrive.fr/image.ashx?id=2865452&use=l&cat=p&typeid=i","cat":334873},{"id":202051,"n":"Crème glacée Trium Macadamia - 430g","p":4.3,"u":"10,00 €/KG","img":"https://fd13-photos.leclercdrive.fr/image.ashx?id=2469043&use=l&cat=p&typeid=i","cat":284725},{"id":202055,"n":"Crème glacée Trium Cookie Dough - 416g","p":3.24,"u":"7,79 €/KG","img":"https://fd13-photos.leclercdrive.fr/image.ashx?id=2469040&use=l&cat=p&typeid=i","cat":284725},{"id":202059,"n":"Salade pièmontaise poulet Menu Fraîcheur - 300g","p":2.29,"u":"7,63 €/KG","img":"https://fd13-photos.leclercdrive.fr/image.ashx?id=2646017&use=l&cat=p&typeid=i","cat":333657},{"id":202062,"n":"Yaourt Actifidus Délisse Vanille - 16x125g","p":3.43,"u":"1,72 €/KG","img":"https://fd13-photos.leclercdrive.fr/image.ashx?id=2713658&use=l&cat=p&typeid=i","cat":286006},{"id":202064,"n":"Fromage blanc nature Délisse 500g","p":1.29,"u":"2,58 €/KG","img":"https://fd13-photos.leclercdrive.fr/image.ashx?id=3012878&use=l&cat=p&typeid=i","cat":284409},{"id":202066,"n":"Fromage blanc nature Délisse 4x100g","p":0.97,"u":"2,43 €/KG","img":"https://fd13-photos.leclercdrive.fr/image.ashx?id=3012881&use=l&cat=p&typeid=i","cat":284409},{"id":202068,"n":"Yaourt à la Grecque Délisse  450g","p":1.29,"u":"2,87 €/KG","img":"https://fd13-photos.leclercdrive.fr/image.ashx?id=2885140&use=l&cat=p&typeid=i","cat":314999},{"id":202074,"n":"Poêlée de légumes Épeautre  Notre Jardin - 750g","p":2.89,"u":"3,85 €/KG","img":"https://fd13-photos.leclercdrive.fr/image.ashx?id=2771378&use=l&cat=p&typeid=i","cat":319823},{"id":202075,"n":"Poêlée jardinière quinoa Notre Jardin - 750g","p":3.29,"u":"4,39 €/KG","img":"https://fd13-photos.leclercdrive.fr/image.ashx?id=2771381&use=l&cat=p&typeid=i","cat":319823},{"id":202076,"n":"AOP rosé Côte de Provence Aimé Roquesanté  - 75cl","p":7.89,"u":"10,52 €/L","img":"https://fd13-photos.leclercdrive.fr/image.ashx?id=2941032&use=l&cat=p&typeid=i","cat":289558},{"id":202077,"n":"Crème semi-épaisse Soutenons Nos Agriculteurs - 3x20cl","p":2.89,"u":"4,82 €/L","img":"https://fd13-photos.leclercdrive.fr/image.ashx?id=2469067&use=l&cat=p&typeid=i","cat":284381},{"id":202081,"n":"Pizza moelleuse Turini 3 viandes - 590g","p":4.0,"u":"6,78 €/KG","img":"https://fd13-photos.leclercdrive.fr/image.ashx?id=2816609&use=l&cat=p&typeid=i","cat":284256},{"id":202114,"n":"Mangue tranches sirop St Mamet 235g","p":2.16,"u":"9,19 €/KG","img":"https://fd13-photos.leclercdrive.fr/image.ashx?id=2474212&use=l&cat=p&typeid=i","cat":284507},{"id":202350,"n":"Salade laitue verte 1p","p":0.99,"img":"https://fd13-photos.leclercdrive.fr/image.ashx?id=1633040&use=l&cat=p&typeid=i","cat":284352},{"id":202399,"n":"Pur jus de grenade Jardin Bio Bio - 75cl","p":5.29,"u":"7,05 €/L","img":"https://fd13-photos.leclercdrive.fr/image.ashx?id=2471856&use=l&cat=p&typeid=i","cat":284915},{"id":202403,"n":"Pur jus Jardin Bio Multifruits - 75cl","p":3.04,"u":"4,05 €/L","img":"https://fd13-photos.leclercdrive.fr/image.ashx?id=2471862&use=l&cat=p&typeid=i","cat":284915},{"id":202405,"n":"Pur jus bio Jardin Bio Pomme pressée - 75cl","p":2.57,"u":"3,43 €/L","img":"https://fd13-photos.leclercdrive.fr/image.ashx?id=2471859&use=l&cat=p&typeid=i","cat":284915},{"id":202480,"n":"Ossau Iraty 8 mois NRT AOP  L'Atelier Fromagerie - 180g","p":4.75,"u":"26,39 €/KG","img":"https://fd13-photos.leclercdrive.fr/image.ashx?id=2489209&use=l&cat=p&typeid=i","cat":314031},{"id":202481,"n":"Assortiment Raclette  600g","p":8.55,"u":"14,25 €/KG","img":"https://fd13-photos.leclercdrive.fr/image.ashx?id=2856374&use=l&cat=p&typeid=i","cat":314036},{"id":202482,"n":"Raclette nature 600g","p":7.79,"u":"12,98 €/KG","img":"https://fd13-photos.leclercdrive.fr/image.ashx?id=2856377&use=l&cat=p&typeid=i","cat":314036},{"id":202544,"n":"Gel douche Le Petit Marseillais Grenade - 250ml","p":1.65,"u":"6,60 €/L","img":"https://fd13-photos.leclercdrive.fr/image.ashx?id=2685126&use=l&cat=p&typeid=i","cat":284594},{"id":202545,"n":"Gel douche Le Petit Marseillais Fleur de Tiare - 250ml","p":1.6,"u":"6,40 €/L","img":"https://fd13-photos.leclercdrive.fr/image.ashx?id=2676093&use=l&cat=p&typeid=i","cat":284594},{"id":202547,"n":"Gel douche Le Petit Marseillais Mangue Passion - 250ml","p":1.75,"u":"7,00 €/L","img":"https://fd13-photos.leclercdrive.fr/image.ashx?id=2685189&use=l&cat=p&typeid=i","cat":284594},{"id":202549,"n":"Gel douche Le Petit Marseillais Argan et Karité - 250ml","p":1.58,"u":"6,32 €/L","img":"https://fd13-photos.leclercdrive.fr/image.ashx?id=2684539&use=l&cat=p&typeid=i","cat":284594},{"id":202620,"n":"Purée de tomate Panzani Tomacouli nature bio - 265g","p":1.05,"u":"3,96 €/KG","img":"https://fd13-photos.leclercdrive.fr/image.ashx?id=2890604&use=l&cat=p&typeid=i","cat":288384},{"id":202621,"n":"Galette de riz Bio Bjorg Bio Chocolat noir - 90g","p":3.08,"u":"34,22 €/KG","img":"https://fd13-photos.leclercdrive.fr/image.ashx?id=2905363&use=l&cat=p&typeid=i","cat":318651},{"id":202623,"n":"Lentilles blondes Eco  500g","p":0.89,"u":"1,78 €/KG","img":"https://fd13-photos.leclercdrive.fr/image.ashx?id=2630049&use=l&cat=p&typeid=i","cat":284430},{"id":202647,"n":"Bière blonde Jenlain Pack 6x25cl","p":5.5,"u":"3,67 €/L","img":"https://fd13-photos.leclercdrive.fr/image.ashx?id=2474380&use=l&cat=p&typeid=i","cat":334852},{"id":202649,"n":"Bière blonde Jenlain 75 cl","p":2.8,"u":"3,73 €/L","img":"https://fd13-photos.leclercdrive.fr/image.ashx?id=2732851&use=l&cat=p&typeid=i","cat":334852},{"id":202674,"n":"Gourde Good Goût Banane Abricot bio - 120g","p":1.65,"u":"13,75 €/KG","img":"https://fd13-photos.leclercdrive.fr/image.ashx?id=2639023&use=l&cat=p&typeid=i","cat":312393},{"id":202675,"n":"Pavé d'Affinois Extra gourmand - 200g","p":2.22,"u":"11,10 €/KG","img":"https://fd13-photos.leclercdrive.fr/image.ashx?id=3002072&use=l&cat=p&typeid=i","cat":314033},{"id":202870,"n":"Sucrines bicolores Panier du Primeur x3","p":1.29,"u":"0,43 €/P","img":"https://fd13-photos.leclercdrive.fr/image.ashx?id=2477544&use=l&cat=p&typeid=i","cat":284352},{"id":202872,"n":"Sucrine Eco+ x2","p":0.89,"u":"0,45 €/P","img":"https://fd13-photos.leclercdrive.fr/image.ashx?id=2477535&use=l&cat=p&typeid=i","cat":284352},{"id":202882,"n":"Filet de cabillaud MSC Eco+ Sans peau et sans arête - 200g","p":3.97,"u":"19,85 €/KG","img":"https://fd13-photos.leclercdrive.fr/image.ashx?id=2698558&use=l&cat=p&typeid=i","cat":284342},{"id":202886,"n":"Déodorant Fresh Adidas 150ml","p":2.65,"u":"17,67 €/L","img":"https://fd13-photos.leclercdrive.fr/image.ashx?id=2475813&use=l&cat=p&typeid=i","cat":284618},{"id":202888,"n":"Gel douche Adidas Active Start - 250ml","p":1.79,"u":"7,16 €/L","img":"https://fd13-photos.leclercdrive.fr/image.ashx?id=2990805&use=l&cat=p&typeid=i","cat":284619},{"id":202892,"n":"Filet de lieu noir Eco+ Sans peau et sans arête - 220g","p":2.97,"u":"13,50 €/KG","img":"https://fd13-photos.leclercdrive.fr/image.ashx?id=2966713&use=l&cat=p&typeid=i","cat":284342},{"id":202966,"n":"Plat individuel Pad thaï Garbit - 300g","p":2.78,"u":"9,27 €/KG","img":"https://fd13-photos.leclercdrive.fr/image.ashx?id=2901908&use=l&cat=p&typeid=i","cat":284953},{"id":202968,"n":"Fromage blanc Lindahls Protein  Fraise Citron vert - 2x160g","p":2.25,"u":"14,06 €/KG","img":"https://fd13-photos.leclercdrive.fr/image.ashx?id=2870191&use=l&cat=p&typeid=i","cat":315000},{"id":202971,"n":"Fromage blanc Lindahls Protein  Stracciatella - 2x160g","p":2.16,"u":"13,50 €/KG","img":"https://fd13-photos.leclercdrive.fr/image.ashx?id=3007957&use=l&cat=p&typeid=i","cat":314999},{"id":203013,"n":"Coeur de sucrine  Panier du Primeur x6","p":2.29,"u":"0,76 €/P","img":"https://fd13-photos.leclercdrive.fr/image.ashx?id=2477547&use=l&cat=p&typeid=i","cat":284352},{"id":203036,"n":"Gel douche Mixa Bébé  Très Doux Corps Cheveux - 300ml","p":3.05,"u":"10,17 €/L","img":"https://fd13-photos.leclercdrive.fr/image.ashx?id=2479318&use=l&cat=p&typeid=i","cat":284740},{"id":203037,"n":"Shampooing Mixa Bébé  Très Doux - 300ml","p":2.4,"u":"8,00 €/L","img":"https://fd13-photos.leclercdrive.fr/image.ashx?id=2479321&use=l&cat=p&typeid=i","cat":284740},{"id":203038,"n":"Shampooing démêlant Mixa Bébé Karité - 300ml","p":2.4,"u":"8,00 €/L","img":"https://fd13-photos.leclercdrive.fr/image.ashx?id=2478640&use=l&cat=p&typeid=i","cat":284740},{"id":203039,"n":"Shampooing Mixa Bébé Bio Très Doux - 300ml","p":4.14,"u":"13,80 €/L","img":"https://fd13-photos.leclercdrive.fr/image.ashx?id=2478643&use=l&cat=p&typeid=i","cat":284740},{"id":203041,"n":"Lait de toilette Mixa Bébé  Très Doux - 300ml","p":2.72,"u":"9,07 €/L","img":"https://fd13-photos.leclercdrive.fr/image.ashx?id=2479324&use=l&cat=p&typeid=i","cat":284741},{"id":203042,"n":"Gel Toilette Intime Extra Doux Intima Natural Hamamélis 200ml","p":3.08,"u":"15,40 €/L","img":"https://fd13-photos.leclercdrive.fr/image.ashx?id=2959871&use=l&cat=p&typeid=i","cat":284627},{"id":203050,"n":"Recharge Sense & Spray Glade Ocean Adventure - 18 ml","p":3.78,"u":"210,00 €/L","img":"https://fd13-photos.leclercdrive.fr/image.ashx?id=2634352&use=l&cat=p&typeid=i","cat":311629},{"id":203051,"n":"Recharge Sense & Spray Glade Relaxing Zen - 18 ml","p":3.58,"u":"198,89 €/L","img":"https://fd13-photos.leclercdrive.fr/image.ashx?id=2634355&use=l&cat=p&typeid=i","cat":311629},{"id":203052,"n":"Recharge pour diffuseur Glade  Bois de Santal & Jasmin - 18ml","p":2.92,"u":"162,22 €/L","img":"https://fd13-photos.leclercdrive.fr/image.ashx?id=2634358&use=l&cat=p&typeid=i","cat":311629},{"id":203055,"n":"Diffuseur Automatic Spray Glade Sandalwood & Jasmine - 269 ml","p":7.64,"img":"https://fd13-photos.leclercdrive.fr/image.ashx?id=2866007&use=l&cat=p&typeid=i","cat":311629},{"id":203056,"n":"Recharge Touch & Fresh Glade Marine - 10 ml","p":2.51,"u":"251,00 €/L","img":"https://fd13-photos.leclercdrive.fr/image.ashx?id=2506609&use=l&cat=p&typeid=i","cat":311629},{"id":203057,"n":"Recharge Touch & Fresh Glade Muguet - 10ml","p":3.14,"u":"314,00 €/L","img":"https://fd13-photos.leclercdrive.fr/image.ashx?id=2506612&use=l&cat=p&typeid=i","cat":311629},{"id":203059,"n":"Recharge Touch & Fresh Glade Sandalwood & Jasmine - 10 ml","p":3.0,"u":"300,00 €/L","img":"https://fd13-photos.leclercdrive.fr/image.ashx?id=2914744&use=l&cat=p&typeid=i","cat":311629},{"id":203060,"n":"Diffuseur Touch & Fresh Glade Relaxing Zen - 10 ml","p":4.35,"u":"435,00 €/L","img":"https://fd13-photos.leclercdrive.fr/image.ashx?id=2914753&use=l&cat=p&typeid=i","cat":311629},{"id":203062,"n":"Spray désodorisant Glade  Bois de Santal & Jasmin - 269ml","p":3.61,"u":"13,42 €/L","img":"https://fd13-photos.leclercdrive.fr/image.ashx?id=2864170&use=l&cat=p&typeid=i","cat":311629},{"id":203063,"n":"Gel désodorisant Glade  Longue durée - Muguet - x1","p":1.42,"img":"https://fd13-photos.leclercdrive.fr/image.ashx?id=2479429&use=l&cat=p&typeid=i","cat":311628},{"id":203089,"n":"Pizza au feu de bois Turini Chèvre et miel - 410g","p":2.65,"u":"6,46 €/KG","img":"https://fd13-photos.leclercdrive.fr/image.ashx?id=2816615&use=l&cat=p&typeid=i","cat":284256},{"id":203206,"n":"Mini oeufs Kinder Bueno Chocolat - 80g","p":3.36,"u":"42,00 €/KG","img":"https://fd13-photos.leclercdrive.fr/image.ashx?id=2866499&use=l&cat=p&typeid=i","cat":327592},{"id":203310,"n":"Diffuseur Touch & Fresh Glade Marine - 10 ml","p":4.25,"img":"https://fd13-photos.leclercdrive.fr/image.ashx?id=2914750&use=l&cat=p&typeid=i","cat":311629},{"id":203433,"n":"Gel douche Homme Adidas After Sport - 250ml","p":1.68,"u":"6,72 €/L","img":"https://fd13-photos.leclercdrive.fr/image.ashx?id=2990799&use=l&cat=p&typeid=i","cat":284619},{"id":203471,"n":"Banane Eco+ x4","p":0.79,"u":"0,20 €/P","img":"https://fd13-photos.leclercdrive.fr/image.ashx?id=2600252&use=l&cat=p&typeid=i","cat":284356},{"id":203476,"n":"Mâche Eco+ 125g","p":0.99,"img":"https://fd13-photos.leclercdrive.fr/image.ashx?id=2958305&use=l&cat=p&typeid=i","cat":284352},{"id":203596,"n":"Plat cuisiné Jardin Bio Bio Lentilles à l'indienne - 680g","p":4.34,"u":"6,38 €/KG","img":"https://fd13-photos.leclercdrive.fr/image.ashx?id=2811179&use=l&cat=p&typeid=i","cat":287600},{"id":203600,"n":"Craquant avoine Jardin Bio Equitable bio - 133g","p":1.95,"u":"14,66 €/KG","img":"https://fd13-photos.leclercdrive.fr/image.ashx?id=2967217&use=l&cat=p&typeid=i","cat":284954},{"id":203642,"n":"Porto Tawny Eco+ 75Cl","p":5.43,"u":"7,24 €/L","img":"https://fd13-photos.leclercdrive.fr/image.ashx?id=2869844&use=l&cat=p&typeid=i","cat":284913},{"id":203754,"n":"Sauce Pesto Barilla Basilic Pistache - 190g","p":2.89,"u":"15,21 €/KG","img":"https://fd13-photos.leclercdrive.fr/image.ashx?id=2486455&use=l&cat=p&typeid=i","cat":287599},{"id":203801,"n":"Dentifrice Parodontax Haleine gencives et Sensibilité 75ml","p":4.99,"u":"66,53 €/L","img":"https://fd13-photos.leclercdrive.fr/image.ashx?id=2487084&use=l&cat=p&typeid=i","cat":284612},{"id":203821,"n":"Boîte chien Pedigree  Cuisinés en sauce - 6x400g","p":8.45,"u":"3,52 €/KG","img":"https://fd13-photos.leclercdrive.fr/image.ashx?id=2849722&use=l&cat=p&typeid=i","cat":288578},{"id":203822,"n":"Boîte chien Pedigree Cuisinés en sauce - 4x400g","p":5.39,"u":"3,37 €/KG","img":"https://fd13-photos.leclercdrive.fr/image.ashx?id=2849719&use=l&cat=p&typeid=i","cat":288578},{"id":203823,"n":"Sachet fraicheur chat Whiskas Carte mixte en gelée - 48x85g","p":16.26,"u":"3,99 €/KG","img":"https://fd13-photos.leclercdrive.fr/image.ashx?id=2486916&use=l&cat=p&typeid=i","cat":285286},{"id":203826,"n":"Sachet fraicheur chat Whiskas Poissons en gelée - 12x85g","p":4.76,"u":"4,67 €/KG","img":"https://fd13-photos.leclercdrive.fr/image.ashx?id=2486910&use=l&cat=p&typeid=i","cat":285286},{"id":203828,"n":"Sachet repas chaton Whiskas Festins volaille gelée - 12x85g","p":5.56,"u":"5,45 €/KG","img":"https://fd13-photos.leclercdrive.fr/image.ashx?id=2487093&use=l&cat=p&typeid=i","cat":285286},{"id":203867,"n":"Essuie-tout Renova Max absorption Gigaroll Deco x1","p":3.99,"img":"https://fd13-photos.leclercdrive.fr/image.ashx?id=2488644&use=l&cat=p&typeid=i","cat":284635},{"id":203873,"n":"Culotte Feel Natural Menstruelles - x3 - Taille XL","p":8.95,"u":"2,98 €/P","img":"https://fd13-photos.leclercdrive.fr/image.ashx?id=2795240&use=l&cat=p&typeid=i","cat":291524},{"id":204050,"n":"Haricots vert Bio Village Bio 220g","p":1.49,"u":"6,77 €/KG","img":"https://fd13-photos.leclercdrive.fr/image.ashx?id=3002716&use=l&cat=p&typeid=i","cat":312606},{"id":204056,"n":"Céréales Spécial K Kellogg's Fruits rouges - 450g","p":3.82,"u":"8,49 €/KG","img":"https://fd13-photos.leclercdrive.fr/image.ashx?id=2775029&use=l&cat=p&typeid=i","cat":309512},{"id":204057,"n":"Céréales Spécial K Kellogg's Chocolat noir - 500g","p":4.48,"u":"8,96 €/KG","img":"https://fd13-photos.leclercdrive.fr/image.ashx?id=2692710&use=l&cat=p&typeid=i","cat":309512},{"id":204058,"n":"Céréales Special K Kellogg's Chocolat au Lait - 500g","p":4.48,"u":"8,96 €/KG","img":"https://fd13-photos.leclercdrive.fr/image.ashx?id=2692713&use=l&cat=p&typeid=i","cat":309512},{"id":204061,"n":"Mais Bio Village Bio - 285g","p":1.09,"u":"3,82 €/KG","img":"https://fd13-photos.leclercdrive.fr/image.ashx?id=3002719&use=l&cat=p&typeid=i","cat":312611},{"id":204065,"n":"Bouillon Knorr Saveur boeuf - 150g","p":1.19,"u":"7,93 €/KG","img":"https://fd13-photos.leclercdrive.fr/image.ashx?id=2866846&use=l&cat=p&typeid=i","cat":288379},{"id":204072,"n":"Compotes douceur du Verger Pomme Vanille - 4x100g","p":1.36,"u":"3,40 €/KG","img":"https://fd13-photos.leclercdrive.fr/image.ashx?id=2487401&use=l&cat=p&typeid=i","cat":284416},{"id":204073,"n":"Fromage Fouetté Ail Fines Herbe à tartiner Les Croisés - 150g","p":1.53,"u":"10,20 €/KG","img":"https://fd13-photos.leclercdrive.fr/image.ashx?id=2933455&use=l&cat=p&typeid=i","cat":314029},{"id":204131,"n":"Nettoyant four Decapfour  Express - 500ml","p":3.45,"u":"6,90 €/L","img":"https://fd13-photos.leclercdrive.fr/image.ashx?id=2489719&use=l&cat=p&typeid=i","cat":325363},{"id":204135,"n":"Bière 1664 blonde  5.5%vol 25cl","p":0.69,"u":"2,76 €/L","img":"https://fd13-photos.leclercdrive.fr/image.ashx?id=2668323&use=l&cat=p&typeid=i","cat":334873},{"id":204153,"n":"Gel douche des Îles Naturé Moi Fleur de tiaré - 500ml","p":4.1,"u":"8,20 €/L","img":"https://fd13-photos.leclercdrive.fr/image.ashx?id=2753656&use=l&cat=p&typeid=i","cat":284594},{"id":204157,"n":"Pâte feuilletée Herta Trésor de Grand-Mère  280g","p":1.65,"u":"5,89 €/KG","img":"https://fd13-photos.leclercdrive.fr/image.ashx?id=2833303&use=l&cat=p&typeid=i","cat":333681},{"id":204158,"n":"Pâte brisée Herta Trésor de Grand-Mère - 280g","p":1.71,"u":"6,11 €/KG","img":"https://fd13-photos.leclercdrive.fr/image.ashx?id=2833306&use=l&cat=p&typeid=i","cat":333681},{"id":204162,"n":"Boîte chien Pedigree Terrine - 6x400g","p":8.73,"img":"https://fd13-photos.leclercdrive.fr/image.ashx?id=2849725&use=l&cat=p&typeid=i","cat":288578},{"id":204164,"n":"Sachet fraicheur chat Whiskas Poissons en gelée - 24x85g","p":10.29,"u":"5,04 €/KG","img":"https://fd13-photos.leclercdrive.fr/image.ashx?id=2490200&use=l&cat=p&typeid=i","cat":285286},{"id":204169,"n":"Sachet fraicheur chat Whiskas Festins volaille gelée - 12x85g","p":4.86,"u":"4,76 €/KG","img":"https://fd13-photos.leclercdrive.fr/image.ashx?id=2490329&use=l&cat=p&typeid=i","cat":285286},{"id":204179,"n":"Sachet fraicheur chat Whiskas Tasty Mix en sauce - 40x85g","p":16.08,"u":"4,73 €/KG","img":"https://fd13-photos.leclercdrive.fr/image.ashx?id=2589488&use=l&cat=p&typeid=i","cat":285286},{"id":204181,"n":"Dentifrice Aquafresh Triple Protection - Blancheur- 2x125ml","p":3.25,"u":"13,00 €/L","img":"https://fd13-photos.leclercdrive.fr/image.ashx?id=2895199&use=l&cat=p&typeid=i","cat":284612},{"id":204184,"n":"Shampooing Gliss Utimate repair - 2x250ml","p":5.2,"u":"10,40 €/L","img":"https://fd13-photos.leclercdrive.fr/image.ashx?id=2490224&use=l&cat=p&typeid=i","cat":284606},{"id":204247,"n":"Protège-slip Vania Confort Multiformes - 1p","p":2.11,"img":"https://fd13-photos.leclercdrive.fr/image.ashx?id=2735224&use=l&cat=p&typeid=i","cat":284625},{"id":204248,"n":"Galettes St Michel Fourrées Chocolat au lait 240g","p":1.95,"u":"8,13 €/KG","img":"https://fd13-photos.leclercdrive.fr/image.ashx?id=2950000&use=l&cat=p&typeid=i","cat":284487},{"id":204249,"n":"Galettes Moelleuses St Michel  Tigrées Chocolat - 180g","p":1.78,"u":"9,89 €/KG","img":"https://fd13-photos.leclercdrive.fr/image.ashx?id=2950006&use=l&cat=p&typeid=i","cat":284495},{"id":204302,"n":"Shampoing nutrition Ultra Doux Lait de coco - 300ml","p":3.05,"u":"10,17 €/L","img":"https://fd13-photos.leclercdrive.fr/image.ashx?id=2492788&use=l&cat=p&typeid=i","cat":284606},{"id":204303,"n":"Shampoing purifiant Ultra Doux Cheveux gras - 300ml","p":2.92,"u":"9,73 €/L","img":"https://fd13-photos.leclercdrive.fr/image.ashx?id=2492791&use=l&cat=p&typeid=i","cat":284606},{"id":204304,"n":"Shampoing Illuminant Ultra Doux Camomille - 300ml","p":2.66,"u":"8,87 €/L","img":"https://fd13-photos.leclercdrive.fr/image.ashx?id=2926596&use=l&cat=p&typeid=i","cat":284606},{"id":204305,"n":"Shampoing nutrition Ultra Doux Argan et camélia - 300ml","p":2.65,"u":"8,83 €/L","img":"https://fd13-photos.leclercdrive.fr/image.ashx?id=2492797&use=l&cat=p&typeid=i","cat":284606},{"id":204306,"n":"Shampoing nutrition Ultra Doux Cheveu Bouclé à Frisé - 300ml","p":2.57,"u":"8,57 €/L","img":"https://fd13-photos.leclercdrive.fr/image.ashx?id=2926599&use=l&cat=p&typeid=i","cat":284606},{"id":204307,"n":"Shampoing Couleur Ultra Doux Cheveux colorés - 300ml","p":2.65,"u":"8,83 €/L","img":"https://fd13-photos.leclercdrive.fr/image.ashx?id=2492803&use=l&cat=p&typeid=i","cat":284606},{"id":204308,"n":"Shampoing Enfants Ultra Doux Abricot - 300ml","p":2.69,"u":"8,97 €/L","img":"https://fd13-photos.leclercdrive.fr/image.ashx?id=2851093&use=l&cat=p&typeid=i","cat":284606},{"id":204310,"n":"Shampoing Hydratant Ultra Doux Cheveux délicats - 300ml","p":2.69,"u":"8,97 €/L","img":"https://fd13-photos.leclercdrive.fr/image.ashx?id=2492812&use=l&cat=p&typeid=i","cat":284606},{"id":204311,"n":"Shampoing doux Ultra Doux Extrait de tilleul - 300ml","p":2.8,"u":"9,33 €/L","img":"https://fd13-photos.leclercdrive.fr/image.ashx?id=2492815&use=l&cat=p&typeid=i","cat":284606},{"id":204313,"n":"Après-shampooing karité Garnier Cheveu bouclé à Frisé - 250ml","p":2.64,"u":"10,56 €/L","img":"https://fd13-photos.leclercdrive.fr/image.ashx?id=2986651&use=l&cat=p&typeid=i","cat":284607},{"id":204314,"n":"Après-shampoing Ultra doux Cheveux fragiles - 250ml","p":2.73,"u":"10,92 €/L","img":"https://fd13-photos.leclercdrive.fr/image.ashx?id=2646569&use=l&cat=p&typeid=i","cat":284607},{"id":204315,"n":"Démêlant nourrissant Garnier Cheveu sec à très sec - 250ml","p":2.89,"u":"11,56 €/L","img":"https://fd13-photos.leclercdrive.fr/image.ashx?id=2492827&use=l&cat=p&typeid=i","cat":284607},{"id":204316,"n":"Shampoing réparateur Ultra Doux Cheveux fragiles - 300ml","p":2.69,"u":"8,97 €/L","img":"https://fd13-photos.leclercdrive.fr/image.ashx?id=2646572&use=l&cat=p&typeid=i","cat":284606},{"id":204320,"n":"Crème fraîche épaisse Président Entière 30%MG - 20cl","p":1.19,"u":"5,95 €/L","img":"https://fd13-photos.leclercdrive.fr/image.ashx?id=2973574&use=l&cat=p&typeid=i","cat":284381},{"id":204323,"n":"Chips Vico Paprika - 125g","p":1.25,"u":"10,00 €/KG","img":"https://fd13-photos.leclercdrive.fr/image.ashx?id=2921298&use=l&cat=p&typeid=i","cat":284447},{"id":204327,"n":"Soupe instantanée Royco  Velouté Tomates - 4x200ml","p":1.38,"u":"1,73 €/L","img":"https://fd13-photos.leclercdrive.fr/image.ashx?id=2650991&use=l&cat=p&typeid=i","cat":293527},{"id":204328,"n":"Soupe instantanée Royco  Mouliné 12 Légumes - 4x200ml","p":1.6,"u":"2,00 €/L","img":"https://fd13-photos.leclercdrive.fr/image.ashx?id=2650994&use=l&cat=p&typeid=i","cat":293527},{"id":204329,"n":"Soupe liquide Liebig  Façon napolitaine - 1L","p":3.05,"u":"3,05 €/L","img":"https://fd13-photos.leclercdrive.fr/image.ashx?id=2493133&use=l&cat=p&typeid=i","cat":284462},{"id":204330,"n":"Soupe liquide brique Liebig  Poule Vermicelles - 1L","p":2.55,"u":"2,55 €/L","img":"https://fd13-photos.leclercdrive.fr/image.ashx?id=2493136&use=l&cat=p&typeid=i","cat":284462},{"id":204386,"n":"Mini pizzas Piccolinis Buitoni Bolognaise x9 - 270g","p":2.75,"u":"10,19 €/KG","img":"https://fd13-photos.leclercdrive.fr/image.ashx?id=2493655&use=l&cat=p&typeid=i","cat":319774},{"id":204438,"n":"Oignon rouge Bio  Bio Village - 500g","p":2.49,"u":"4,98 €/KG","img":"https://fd13-photos.leclercdrive.fr/image.ashx?id=2922460&use=l&cat=p&typeid=i","cat":284352},{"id":204476,"n":"Pâtes Blé complet Barilla Linguine Integrale - 500g","p":1.28,"u":"2,56 €/KG","img":"https://fd13-photos.leclercdrive.fr/image.ashx?id=2968535&use=l&cat=p&typeid=i","cat":284427},{"id":204488,"n":"Dentifrice Aquafresh Triple Protection Blancheur - 125ml","p":1.76,"u":"14,08 €/L","img":"https://fd13-photos.leclercdrive.fr/image.ashx?id=2546755&use=l&cat=p&typeid=i","cat":284612},{"id":204496,"n":"Cotons démaquillants Demakup Sensitive - 6x64","p":6.1,"u":"0,02 €/P","img":"https://fd13-photos.leclercdrive.fr/image.ashx?id=2745283&use=l&cat=p&typeid=i","cat":285593},{"id":204621,"n":"Purée de courgette Céleri  Brocoli Notre Jardin - 750g","p":2.24,"u":"2,99 €/KG","img":"https://fd13-photos.leclercdrive.fr/image.ashx?id=2860031&use=l&cat=p&typeid=i","cat":319805},{"id":204700,"n":"BB crème soin 5en1 Garnier Anti-âge teinte medium - 50ml","p":7.38,"u":"147,60 €/L","img":"https://fd13-photos.leclercdrive.fr/image.ashx?id=2494974&use=l&cat=p&typeid=i","cat":325345},{"id":204701,"n":"BB Crème Soin Tout en 1 Garnier Teinte claire - 50ml","p":7.36,"u":"147,20 €/L","img":"https://fd13-photos.leclercdrive.fr/image.ashx?id=2495746&use=l&cat=p&typeid=i","cat":325345},{"id":204702,"n":"BB Crème Soin tout en 1 Garnier Teinte medium - 50ml","p":7.35,"u":"147,00 €/L","img":"https://fd13-photos.leclercdrive.fr/image.ashx?id=2494977&use=l&cat=p&typeid=i","cat":325345},{"id":204717,"n":"Soda Schweppes Saveur Agrumes Zero - 1,5L","p":1.75,"u":"1,17 €/L","img":"https://fd13-photos.leclercdrive.fr/image.ashx?id=2852444&use=l&cat=p&typeid=i","cat":284532},{"id":204718,"n":"Soda Schweppes Saveur Agrumes - 1,5L","p":1.67,"u":"1,11 €/L","img":"https://fd13-photos.leclercdrive.fr/image.ashx?id=2852447&use=l&cat=p&typeid=i","cat":284532},{"id":204719,"n":"Soda Schweppes Indian Tonic - 1,5L","p":1.7,"u":"1,13 €/L","img":"https://fd13-photos.leclercdrive.fr/image.ashx?id=2852456&use=l&cat=p&typeid=i","cat":284531},{"id":204731,"n":"Sachet fraîcheur chat Whiskas  Sélection en sauce - 12x85g","p":5.2,"u":"5,10 €/KG","img":"https://fd13-photos.leclercdrive.fr/image.ashx?id=2495764&use=l&cat=p&typeid=i","cat":285286},{"id":204742,"n":"Sainte-Marguerite Les Croisés 200g","p":2.37,"u":"11,85 €/KG","img":"https://fd13-photos.leclercdrive.fr/image.ashx?id=2523534&use=l&cat=p&typeid=i","cat":329558},{"id":204747,"n":"Dentifrice Aquafresh Menthe fraîche - 125ml","p":1.79,"u":"14,32 €/L","img":"https://fd13-photos.leclercdrive.fr/image.ashx?id=2546752&use=l&cat=p&typeid=i","cat":284612},{"id":204748,"n":"Boisson énergisante Red Bull Goût Abricot-Fraise, 250ml","p":1.27,"u":"5,08 €/L","img":"https://fd13-photos.leclercdrive.fr/image.ashx?id=3011995&use=l&cat=p&typeid=i","cat":284533},{"id":204788,"n":"Gnocchi à poêler Lustucru 325g","p":1.5,"u":"4,62 €/KG","img":"https://fd13-photos.leclercdrive.fr/image.ashx?id=2975218&use=l&cat=p&typeid=i","cat":333682},{"id":204789,"n":"Gnocchi à poêler Lustucru 520g","p":2.24,"u":"4,31 €/KG","img":"https://fd13-photos.leclercdrive.fr/image.ashx?id=2792423&use=l&cat=p&typeid=i","cat":333682},{"id":204791,"n":"Gnocchi à poêler Lustucru  Format XXL - 720g","p":2.84,"u":"3,94 €/KG","img":"https://fd13-photos.leclercdrive.fr/image.ashx?id=2788556&use=l&cat=p&typeid=i","cat":333682},{"id":204796,"n":"Tortellini Lustucru Jambon cru - 250g","p":2.38,"u":"9,52 €/KG","img":"https://fd13-photos.leclercdrive.fr/image.ashx?id=2974360&use=l&cat=p&typeid=i","cat":333682},{"id":204898,"n":"Hachés spécial burger 100% végétal Accro - 2x100g","p":3.85,"u":"19,25 €/KG","img":"https://fd13-photos.leclercdrive.fr/image.ashx?id=2529081&use=l&cat=p&typeid=i","cat":316036},{"id":204952,"n":"Thon Sauce Catalane Petit Navire - 140g","p":1.61,"u":"11,50 €/KG","img":"https://fd13-photos.leclercdrive.fr/image.ashx?id=2989072&use=l&cat=p&typeid=i","cat":303867},{"id":205011,"n":"Lasagnes au saumon d'aucy 300g","p":3.22,"u":"10,73 €/KG","img":"https://fd13-photos.leclercdrive.fr/image.ashx?id=2522539&use=l&cat=p&typeid=i","cat":284953},{"id":205117,"n":"Litière chats Tranquille Cristalite - 4L","p":4.46,"u":"1,12 €/L","img":"https://fd13-photos.leclercdrive.fr/image.ashx?id=2536032&use=l&cat=p&typeid=i","cat":284683},{"id":205171,"n":"Soupe instantanée Royco  Velouté 12 Légumes - 4x200ml","p":1.61,"u":"2,01 €/L","img":"https://fd13-photos.leclercdrive.fr/image.ashx?id=2650997&use=l&cat=p&typeid=i","cat":293527},{"id":205182,"n":"Soupe liquide brique Liebig  Poule Vermicelles - 2x30cl","p":3.35,"u":"5,58 €/KG","img":"https://fd13-photos.leclercdrive.fr/image.ashx?id=2693488&use=l&cat=p&typeid=i","cat":284462},{"id":205233,"n":"Serviettes Always Ultra Long - T2 - x12","p":2.07,"u":"0,17 €/P","img":"https://fd13-photos.leclercdrive.fr/image.ashx?id=2851324&use=l&cat=p&typeid=i","cat":284624},{"id":205236,"n":"Protège-slip Always Fresh & Protect - Normal - x30","p":1.63,"u":"0,05 €/P","img":"https://fd13-photos.leclercdrive.fr/image.ashx?id=2949070&use=l&cat=p&typeid=i","cat":284625},{"id":205237,"n":"Sérum anti-âge L'Oréal Paris Revitalift Vitamine C - 30ml","p":14.16,"u":"472,00 €/L","img":"https://fd13-photos.leclercdrive.fr/image.ashx?id=3003351&use=l&cat=p&typeid=i","cat":325345},{"id":205238,"n":"Savon Eco+ Amande douce - 150g","p":0.61,"u":"4,07 €/KG","img":"https://fd13-photos.leclercdrive.fr/image.ashx?id=2499058&use=l&cat=p&typeid=i","cat":284597},{"id":205239,"n":"Nettoyant four Decapfour Confort - 500ml","p":3.75,"u":"7,50 €/L","img":"https://fd13-photos.leclercdrive.fr/image.ashx?id=2499669&use=l&cat=p&typeid=i","cat":325363},{"id":205281,"n":"Huile d'olive vierge extra Terra Delyssa - 75cl","p":8.51,"u":"11,35 €/L","img":"https://fd13-photos.leclercdrive.fr/image.ashx?id=2679356&use=l&cat=p&typeid=i","cat":284453},{"id":205288,"n":"Déboucheur canalisation liquide A la soude - Mieuxa - 1L","p":2.65,"u":"2,65 €/L","img":"https://fd13-photos.leclercdrive.fr/image.ashx?id=2500081&use=l&cat=p&typeid=i","cat":300576},{"id":205289,"n":"Déboucheur canalisation gel A la soude - Mieuxa - 1L","p":5.9,"u":"5,90 €/L","img":"https://fd13-photos.leclercdrive.fr/image.ashx?id=2500087&use=l&cat=p&typeid=i","cat":300576},{"id":205292,"n":"Alcool ménager pomme agrumes Mieuxa - 1L","p":4.2,"u":"4,20 €/L","img":"https://fd13-photos.leclercdrive.fr/image.ashx?id=2500114&use=l&cat=p&typeid=i","cat":300576},{"id":205293,"n":"Vinaigre ménager parfum pomme Mieuxa - 1L","p":3.72,"u":"3,72 €/L","img":"https://fd13-photos.leclercdrive.fr/image.ashx?id=2500084&use=l&cat=p&typeid=i","cat":300576},{"id":205302,"n":"Gel lavant Sanytol Nourrisant Bio - 250ml","p":2.62,"u":"10,48 €/L","img":"https://fd13-photos.leclercdrive.fr/image.ashx?id=2904658&use=l&cat=p&typeid=i","cat":284597},{"id":205303,"n":"Gel lavant Sanytol Désinfectant cuisine - 250ml","p":2.74,"u":"10,96 €/L","img":"https://fd13-photos.leclercdrive.fr/image.ashx?id=2904661&use=l&cat=p&typeid=i","cat":284597},{"id":205304,"n":"Bandes de cire froide Expert Veet Corps Peaux sensibles x40","p":8.8,"u":"0,22 €/P","img":"https://fd13-photos.leclercdrive.fr/image.ashx?id=2964959&use=l&cat=p&typeid=i","cat":325351},{"id":205305,"n":"Bandes de cire froide Expert Veet Visage Peaux sensibles x20","p":5.38,"u":"0,27 €/P","img":"https://fd13-photos.leclercdrive.fr/image.ashx?id=2915440&use=l&cat=p&typeid=i","cat":325351},{"id":205311,"n":"Masque Remède Garnier Cheveux normaux à gras - 340ml","p":5.09,"u":"14,97 €/L","img":"https://fd13-photos.leclercdrive.fr/image.ashx?id=2500171&use=l&cat=p&typeid=i","cat":284608},{"id":205312,"n":"Coloration Permanente Olia 4.0 Châtain cacao","p":11.54,"img":"https://fd13-photos.leclercdrive.fr/image.ashx?id=2518718&use=l&cat=p&typeid=i","cat":288899},{"id":205313,"n":"Coloration Permanente Olia 5.0 Châtain Clair Café","p":11.48,"img":"https://fd13-photos.leclercdrive.fr/image.ashx?id=2521167&use=l&cat=p&typeid=i","cat":288899},{"id":205314,"n":"Coloration Permanente Olia 6.0 Châtain Très Clair","p":11.52,"img":"https://fd13-photos.leclercdrive.fr/image.ashx?id=2521170&use=l&cat=p&typeid=i","cat":288899},{"id":205315,"n":"Coloration Permanente Olia 8.0 Blond miel sans ammoniaque","p":10.71,"u":"10,71 €/TRC","img":"https://fd13-photos.leclercdrive.fr/image.ashx?id=2521173&use=l&cat=p&typeid=i","cat":288899},{"id":205317,"n":"Après-Shampooing Garnier Cheveux normaux à gras - 200ml","p":2.64,"u":"13,20 €/L","img":"https://fd13-photos.leclercdrive.fr/image.ashx?id=2500174&use=l&cat=p&typeid=i","cat":284607},{"id":205318,"n":"Shampoing charbon Ultra Doux Equilibrant - 250ml","p":2.6,"u":"10,40 €/L","img":"https://fd13-photos.leclercdrive.fr/image.ashx?id=2500177&use=l&cat=p&typeid=i","cat":284606},{"id":205319,"n":"Coloration Garnier Good 3.12 Châtain foncé Myrtille","p":11.47,"img":"https://fd13-photos.leclercdrive.fr/image.ashx?id=2521176&use=l&cat=p&typeid=i","cat":288899},{"id":205320,"n":"Masque Assouplissant Garnier Cheveu sec à très sec - 340ml","p":5.08,"u":"14,94 €/L","img":"https://fd13-photos.leclercdrive.fr/image.ashx?id=2500162&use=l&cat=p&typeid=i","cat":284608},{"id":205321,"n":"Masque Merveilleux Garnier Cheveux Secs, Ternes - 340ml","p":5.05,"u":"14,85 €/L","img":"https://fd13-photos.leclercdrive.fr/image.ashx?id=2500165&use=l&cat=p&typeid=i","cat":284608},{"id":205322,"n":"Masque remède Nutrition Garnier Avocat karité - 340ml","p":4.67,"u":"13,74 €/L","img":"https://fd13-photos.leclercdrive.fr/image.ashx?id=2875453&use=l&cat=p&typeid=i","cat":284608},{"id":205327,"n":"Pâte Nocciolata Bio cacao 250g","p":3.47,"u":"13,88 €/KG","img":"https://fd13-photos.leclercdrive.fr/image.ashx?id=2807897&use=l&cat=p&typeid=i","cat":284481},{"id":205344,"n":"Pâte à tartiner Nocciolata  Bio cacao Noisettes - 650g","p":7.61,"u":"11,71 €/KG","img":"https://fd13-photos.leclercdrive.fr/image.ashx?id=2883248&use=l&cat=p&typeid=i","cat":284481},{"id":205347,"n":"Pâte à Nocciolata  Bio Cacao - 250g","p":3.24,"u":"12,96 €/KG","img":"https://fd13-photos.leclercdrive.fr/image.ashx?id=2883251&use=l&cat=p&typeid=i","cat":284481},{"id":205520,"n":"Crème glacée La Laitière Rhum Raisins - 490g","p":3.24,"pp":2.27,"u":"4,63 €/KG","img":"https://fd13-photos.leclercdrive.fr/image.ashx?id=2877877&use=l&cat=p&typeid=i","cat":284263},{"id":205522,"n":"Shampoing Réparateur Elsève Pro Bond Repair - 200ml","p":5.83,"u":"29,15 €/L","img":"https://fd13-photos.leclercdrive.fr/image.ashx?id=3008779&use=l&cat=p&typeid=i","cat":284606},{"id":205525,"n":"Démêlant Intense Elsève Pro Bond Repair - 150ml","p":5.59,"u":"37,27 €/L","img":"https://fd13-photos.leclercdrive.fr/image.ashx?id=3008782&use=l&cat=p&typeid=i","cat":284607},{"id":205594,"n":"IGP Pruneaux d'Agen dénoyautés Nos Régions ont du Talent 375g","p":3.11,"u":"8,29 €/KG","img":"https://fd13-photos.leclercdrive.fr/image.ashx?id=2583837&use=l&cat=p&typeid=i","cat":284357},{"id":205876,"n":"Nettoyant dilué Mr Propre Bicarbonate - 1L","p":2.75,"u":"2,75 €/L","img":"https://fd13-photos.leclercdrive.fr/image.ashx?id=2867842&use=l&cat=p&typeid=i","cat":284907},{"id":205892,"n":"Nettoyant multi-usages Mr Propre - Savon noir - 1L","p":2.89,"u":"2,89 €/L","img":"https://fd13-photos.leclercdrive.fr/image.ashx?id=2889976&use=l&cat=p&typeid=i","cat":284907},{"id":205920,"n":"Cracotte Lu Briochée - 240g","p":2.15,"u":"8,96 €/KG","img":"https://fd13-photos.leclercdrive.fr/image.ashx?id=2645408&use=l&cat=p&typeid=i","cat":284479},{"id":205921,"n":"Glace à la Crème de Marrons  Clément Faugier - 320g","p":5.69,"u":"17,78 €/KG","img":"https://fd13-photos.leclercdrive.fr/image.ashx?id=2867113&use=l&cat=p&typeid=i","cat":284725},{"id":205922,"n":"Sauce Panzani Carbonara - 370g","p":2.68,"u":"7,24 €/KG","img":"https://fd13-photos.leclercdrive.fr/image.ashx?id=2918568&use=l&cat=p&typeid=i","cat":287599},{"id":205957,"n":"Fromage Persillée Bresse Bleu Le véritable - 300g","p":3.94,"u":"13,13 €/KG","img":"https://fd13-photos.leclercdrive.fr/image.ashx?id=2926515&use=l&cat=p&typeid=i","cat":314032},{"id":206022,"n":"Loctite Super glue 3 Original - 2x3g","p":6.3,"img":"https://fd13-photos.leclercdrive.fr/image.ashx?id=2507853&use=l&cat=p&typeid=i","cat":300576},{"id":206024,"n":"Loctite Super glue 3 Gel control - 3g","p":6.4,"img":"https://fd13-photos.leclercdrive.fr/image.ashx?id=2507847&use=l&cat=p&typeid=i","cat":300576},{"id":206026,"n":"Loctite Super glue 3 Power gel tube - 2x3g","p":7.3,"img":"https://fd13-photos.leclercdrive.fr/image.ashx?id=2507856&use=l&cat=p&typeid=i","cat":300576},{"id":206033,"n":"Biscuits Mots Doux P'tit Déli Chocolat noisettes - 180g","p":1.89,"u":"10,50 €/KG","img":"https://fd13-photos.leclercdrive.fr/image.ashx?id=2771136&use=l&cat=p&typeid=i","cat":284488},{"id":206050,"n":"Thé glacé Fuze Tea Framboise Menthe  Sans sucres - 1.25L","p":1.65,"u":"1,32 €/L","img":"https://fd13-photos.leclercdrive.fr/image.ashx?id=2997217&use=l&cat=p&typeid=i","cat":295019},{"id":206105,"n":"Gel Nettoyant Visage Nivea Peaux à Imperfections - 150ml","p":3.92,"u":"26,13 €/L","img":"https://fd13-photos.leclercdrive.fr/image.ashx?id=2878243&use=l&cat=p&typeid=i","cat":284603},{"id":206106,"n":"Crème Visage Nuit Nivea Peaux à Imperfections - 40ml","p":6.77,"u":"169,25 €/L","img":"https://fd13-photos.leclercdrive.fr/image.ashx?id=2894999&use=l&cat=p&typeid=i","cat":325345},{"id":206109,"n":"Papier toilette Le Trèfle Maxi douceur - x4 maxi rouleaux","p":3.31,"u":"0,83 €/P","img":"https://fd13-photos.leclercdrive.fr/image.ashx?id=2790288&use=l&cat=p&typeid=i","cat":284634},{"id":206117,"n":"Gel lavant hydratant Sanytol Aloe Vera & Thé Vert Bio-500ml","p":4.85,"u":"9,70 €/L","img":"https://fd13-photos.leclercdrive.fr/image.ashx?id=2512131&use=l&cat=p&typeid=i","cat":284597},{"id":206120,"n":"Crème dépilatoire Expert Veet Corps Peaux sensibles 200ml","p":4.99,"u":"24,95 €/L","img":"https://fd13-photos.leclercdrive.fr/image.ashx?id=2970804&use=l&cat=p&typeid=i","cat":325351},{"id":206122,"n":"Liquide vaisselle Rainett Concentré - Framboise - 500ml","p":1.95,"u":"3,90 €/L","img":"https://fd13-photos.leclercdrive.fr/image.ashx?id=2508792&use=l&cat=p&typeid=i","cat":284655},{"id":206123,"n":"Liquide vaisselle Paic Bi Activ Vinaigre et Sel minéral - 750ml","p":2.61,"u":"3,48 €/L","img":"https://fd13-photos.leclercdrive.fr/image.ashx?id=2508843&use=l&cat=p&typeid=i","cat":284655},{"id":206125,"n":"Riz parfumé  1kg","p":2.29,"u":"2,29 €/KG","img":"https://fd13-photos.leclercdrive.fr/image.ashx?id=2515521&use=l&cat=p&typeid=i","cat":284428},{"id":206126,"n":"Infusion La Tisanière Nuit calme - x20 - 28g","p":2.67,"u":"95,36 €/KG","img":"https://fd13-photos.leclercdrive.fr/image.ashx?id=2907863&use=l&cat=p&typeid=i","cat":293234},{"id":206128,"n":"Pâte à tartiner Nocciolata Bio Praliné Noisettes - 250g","p":3.5,"u":"14,00 €/KG","img":"https://fd13-photos.leclercdrive.fr/image.ashx?id=2883254&use=l&cat=p&typeid=i","cat":284481},{"id":206135,"n":"Infusion La Tisanière Fleur de camomille - x20  - 30g","p":2.73,"u":"91,00 €/KG","img":"https://fd13-photos.leclercdrive.fr/image.ashx?id=2880700&use=l&cat=p&typeid=i","cat":293234},{"id":206136,"n":"Cookies La Biscuiterie Delacre Pépites de chocolat - 136g","p":2.68,"u":"19,71 €/KG","img":"https://fd13-photos.leclercdrive.fr/image.ashx?id=2674086&use=l&cat=p&typeid=i","cat":325066},{"id":206137,"n":"Cookies La Biscuiterie Delacre Chocolat noir lait blanc -136g","p":2.64,"u":"19,41 €/KG","img":"https://fd13-photos.leclercdrive.fr/image.ashx?id=2673151&use=l&cat=p&typeid=i","cat":325066},{"id":206138,"n":"Boisson concentrée Teisseire Grenadine zéro sucres - 1,3L","p":7.55,"u":"5,81 €/L","img":"https://fd13-photos.leclercdrive.fr/image.ashx?id=2508585&use=l&cat=p&typeid=i","cat":295020},{"id":206139,"n":"Sirop Teisseire Cassis - 60cl","p":3.3,"u":"5,50 €/L","img":"https://fd13-photos.leclercdrive.fr/image.ashx?id=2508588&use=l&cat=p&typeid=i","cat":295020},{"id":206140,"n":"Sirop concentré Teisseire Citron vert - 60cl","p":3.3,"u":"5,50 €/L","img":"https://fd13-photos.leclercdrive.fr/image.ashx?id=2508591&use=l&cat=p&typeid=i","cat":295020},{"id":206142,"n":"Sirop Teisseire  Fraise - 60cl","p":3.3,"u":"5,50 €/L","img":"https://fd13-photos.leclercdrive.fr/image.ashx?id=2771750&use=l&cat=p&typeid=i","cat":295020},{"id":206143,"n":"Sirop Teisseire  Pêche - 60cl","p":3.3,"u":"5,50 €/L","img":"https://fd13-photos.leclercdrive.fr/image.ashx?id=2508597&use=l&cat=p&typeid=i","cat":295020},{"id":206144,"n":"Boisson concentrée Teisseire A diluer grenadine Zéro - 60cl","p":2.45,"u":"4,08 €/L","img":"https://fd13-photos.leclercdrive.fr/image.ashx?id=2508600&use=l&cat=p&typeid=i","cat":295020},{"id":206147,"n":"Boisson concentrée Teisseire Menthe verte sans sucres - 60cl","p":2.73,"u":"4,55 €/L","img":"https://fd13-photos.leclercdrive.fr/image.ashx?id=2508603&use=l&cat=p&typeid=i","cat":295020},{"id":206149,"n":"Boisson concentrée Teisseire Citron sans sucres - 60cl","p":2.88,"u":"4,80 €/L","img":"https://fd13-photos.leclercdrive.fr/image.ashx?id=2508606&use=l&cat=p&typeid=i","cat":295020},{"id":206154,"n":"Saucisson Herta  Fuet - 180g","p":2.97,"u":"16,50 €/KG","img":"https://fd13-photos.leclercdrive.fr/image.ashx?id=2767648&use=l&cat=p&typeid=i","cat":316006},{"id":206163,"n":"Sirop Teisseire  Menthe verte - 60cl","p":2.25,"u":"3,75 €/L","img":"https://fd13-photos.leclercdrive.fr/image.ashx?id=2772726&use=l&cat=p&typeid=i","cat":295020},{"id":206169,"n":"Sirop Tesseire Citron - 60cl","p":2.25,"u":"3,75 €/L","img":"https://fd13-photos.leclercdrive.fr/image.ashx?id=2771747&use=l&cat=p&typeid=i","cat":295020},{"id":206170,"n":"Sirop Teisseire Framboise - 60cl","p":3.46,"u":"5,77 €/L","img":"https://fd13-photos.leclercdrive.fr/image.ashx?id=2509331&use=l&cat=p&typeid=i","cat":295020},{"id":206172,"n":"Biscuits Kinder Tronky fourrés Cacao et au lait  - 90g","p":2.0,"u":"22,22 €/KG","img":"https://fd13-photos.leclercdrive.fr/image.ashx?id=2916462&use=l&cat=p&typeid=i","cat":284488},{"id":206187,"n":"Coeur de palmier d'Aucy 2x220g","p":5.54,"u":"12,59 €/KG","img":"https://fd13-photos.leclercdrive.fr/image.ashx?id=2509262&use=l&cat=p&typeid=i","cat":312611},{"id":206192,"n":"Soda Schweppes Saveur Agrumes - 4x1,5L","p":6.65,"u":"1,11 €/L","img":"https://fd13-photos.leclercdrive.fr/image.ashx?id=2852453&use=l&cat=p&typeid=i","cat":284532},{"id":206298,"n":"Sirop Teisseire  Abricot - 60cl","p":2.52,"u":"4,20 €/L","img":"https://fd13-photos.leclercdrive.fr/image.ashx?id=2510774&use=l&cat=p&typeid=i","cat":295020},{"id":206299,"n":"Sirop Teisseire  Cerise - 60cl","p":3.75,"u":"6,25 €/L","img":"https://fd13-photos.leclercdrive.fr/image.ashx?id=2510777&use=l&cat=p&typeid=i","cat":295020},{"id":206300,"n":"Sirop Teisseire  Fruit de la passion - 60cl","p":3.58,"u":"5,97 €/L","img":"https://fd13-photos.leclercdrive.fr/image.ashx?id=2510780&use=l&cat=p&typeid=i","cat":295020},{"id":206312,"n":"Litière chats Tous mes Amis Minérale absorbante - 13L","p":3.5,"u":"0,27 €/L","img":"https://fd13-photos.leclercdrive.fr/image.ashx?id=2517830&use=l&cat=p&typeid=i","cat":284683},{"id":206315,"n":"Boisson énergisante  Monster - Juiced khaotic 50cl","p":1.85,"u":"3,70 €/L","img":"https://fd13-photos.leclercdrive.fr/image.ashx?id=2511047&use=l&cat=p&typeid=i","cat":284533},{"id":206439,"n":"Pâte à tartiner Nocciolata  Bio - Crunchy - 250g","p":3.32,"u":"13,28 €/KG","img":"https://fd13-photos.leclercdrive.fr/image.ashx?id=2905078&use=l&cat=p&typeid=i","cat":284481},{"id":206443,"n":"Sirop Teisseire  Violette - 60cl","p":3.3,"u":"5,50 €/L","img":"https://fd13-photos.leclercdrive.fr/image.ashx?id=2510786&use=l&cat=p&typeid=i","cat":295020},{"id":206445,"n":"Sirop Tropical  Teisseire Zéro sucres - 60cl","p":2.28,"u":"3,80 €/L","img":"https://fd13-photos.leclercdrive.fr/image.ashx?id=2510792&use=l&cat=p&typeid=i","cat":295020},{"id":206530,"n":"Mini Génoises Balconi Chocolat & Lait - 300g","p":1.52,"u":"5,07 €/KG","img":"https://fd13-photos.leclercdrive.fr/image.ashx?id=2964057&use=l&cat=p&typeid=i","cat":284495},{"id":206537,"n":"Cookies La Biscuiterie Delacre Chocolat et noisette - 136g","p":2.64,"u":"19,41 €/KG","img":"https://fd13-photos.leclercdrive.fr/image.ashx?id=2784752&use=l&cat=p&typeid=i","cat":325066},{"id":206538,"n":"Cookies La Biscuiterie Delacre Chocolat noir et lait - 136g","p":2.64,"u":"19,41 €/KG","img":"https://fd13-photos.leclercdrive.fr/image.ashx?id=2661667&use=l&cat=p&typeid=i","cat":325066},{"id":206551,"n":"Serviettes hygiéniques Always Ultra Long Taille 2 - x26","p":3.95,"u":"0,15 €/P","img":"https://fd13-photos.leclercdrive.fr/image.ashx?id=2846493&use=l&cat=p&typeid=i","cat":284624},{"id":206553,"n":"Serviettes hygiéniques Always Ultra Jour&Nuit Taille 3 - x22","p":3.95,"u":"0,18 €/P","img":"https://fd13-photos.leclercdrive.fr/image.ashx?id=2849433&use=l&cat=p&typeid=i","cat":284624},{"id":206577,"n":"Crème fluide UHT Président Secret de Crème - 3x20cl","p":3.59,"u":"5,98 €/L","img":"https://fd13-photos.leclercdrive.fr/image.ashx?id=2678999&use=l&cat=p&typeid=i","cat":284381},{"id":206582,"n":"Liquide vaiselle Paic Bi Activ Vinaigre et citron - 750ml","p":3.0,"u":"4,00 €/L","img":"https://fd13-photos.leclercdrive.fr/image.ashx?id=2966797&use=l&cat=p&typeid=i","cat":284655},{"id":206583,"n":"Liquide vaiselle Paic Bi Activ Vinaigre et menthol - 750ml","p":2.91,"u":"3,88 €/L","img":"https://fd13-photos.leclercdrive.fr/image.ashx?id=2512075&use=l&cat=p&typeid=i","cat":284655},{"id":206606,"n":"Bâtonnets Trium Vanille chocolat blanc x4 314g","p":2.8,"u":"8,92 €/KG","img":"https://fd13-photos.leclercdrive.fr/image.ashx?id=2791392&use=l&cat=p&typeid=i","cat":284265},{"id":206613,"n":"Thé glacé Oasis Ice Tea Saveur Framboise Cassis - 1,5L","p":1.9,"u":"1,27 €/L","img":"https://fd13-photos.leclercdrive.fr/image.ashx?id=2681730&use=l&cat=p&typeid=i","cat":295019},{"id":206617,"n":"Lessive liquide Arbre Vert Recharge x34 - 1.53L","p":6.08,"u":"3,97 €/L","img":"https://fd13-photos.leclercdrive.fr/image.ashx?id=2680209&use=l&cat=p&typeid=i","cat":284640},{"id":206725,"n":"Bâtonnet Magnum Double Sunlover x4 - 300g","p":3.7,"u":"12,33 €/KG","img":"https://fd13-photos.leclercdrive.fr/image.ashx?id=2886397&use=l&cat=p&typeid=i","cat":284265},{"id":206726,"n":"Glace Bâtonnet MAGNUM Double Caramel 4x85ml","p":3.08,"u":"10,85 €/KG","img":"https://fd13-photos.leclercdrive.fr/image.ashx?id=2770626&use=l&cat=p&typeid=i","cat":284265},{"id":206727,"n":"Bâtonnet Magnum Double Chocolat x4 - 284g","p":3.08,"u":"10,85 €/KG","img":"https://fd13-photos.leclercdrive.fr/image.ashx?id=3009284&use=l&cat=p&typeid=i","cat":284265},{"id":206921,"n":"Lessive en poudre L'Arbre Vert 1.8kg","p":7.95,"u":"4,42 €/KG","img":"https://fd13-photos.leclercdrive.fr/image.ashx?id=2794445&use=l&cat=p&typeid=i","cat":284642},{"id":206922,"n":"Soupe liquide brique Liebig  Façon napolitaine - 2x30cl","p":2.48,"u":"4,13 €/L","img":"https://fd13-photos.leclercdrive.fr/image.ashx?id=2517887&use=l&cat=p&typeid=i","cat":284462},{"id":206924,"n":"White Spirit Mieuxa 1L","p":4.98,"u":"4,98 €/L","img":"https://fd13-photos.leclercdrive.fr/image.ashx?id=2563553&use=l&cat=p&typeid=i","cat":300576},{"id":206934,"n":"Soupe liquide Bio Liebig  Velouté de Potiron - 2x30cl","p":2.74,"u":"4,57 €/L","img":"https://fd13-photos.leclercdrive.fr/image.ashx?id=2643704&use=l&cat=p&typeid=i","cat":284462},{"id":206935,"n":"Thon entier Eco+ 140g","p":1.33,"u":"9,50 €/KG","img":"https://fd13-photos.leclercdrive.fr/image.ashx?id=2755004&use=l&cat=p&typeid=i","cat":303867},{"id":206950,"n":"Gaufrettes P'tit Déli Fourrés - 128g","p":1.59,"u":"12,42 €/KG","img":"https://fd13-photos.leclercdrive.fr/image.ashx?id=2842522&use=l&cat=p&typeid=i","cat":284488},{"id":206953,"n":"Tortilla chips chili Eco+ 300g","p":1.14,"u":"3,80 €/KG","img":"https://fd13-photos.leclercdrive.fr/image.ashx?id=2839818&use=l&cat=p&typeid=i","cat":287899},{"id":206963,"n":"Morceaux et coeurs de palmier  250g","p":1.99,"u":"7,96 €/KG","img":"https://fd13-photos.leclercdrive.fr/image.ashx?id=2670365&use=l&cat=p&typeid=i","cat":312611},{"id":206985,"n":"Haché de jambon Fleury Michon À poêler x2 - 190g","p":1.84,"u":"9,68 €/KG","img":"https://fd13-photos.leclercdrive.fr/image.ashx?id=2518649&use=l&cat=p&typeid=i","cat":316009},{"id":206987,"n":"Haché jambon fromage  Fleury Michon x2 - 180g","p":2.0,"u":"11,11 €/KG","img":"https://fd13-photos.leclercdrive.fr/image.ashx?id=2522164&use=l&cat=p&typeid=i","cat":316009},{"id":206994,"n":"Allumettes de poulet  Fleury Michon x2 - 150g","p":1.73,"u":"11,53 €/KG","img":"https://fd13-photos.leclercdrive.fr/image.ashx?id=2659647&use=l&cat=p&typeid=i","cat":316011},{"id":207010,"n":"Aiguillettes de poulet rôti Fleury Michon - CSN - 150g","p":2.37,"u":"15,80 €/KG","img":"https://fd13-photos.leclercdrive.fr/image.ashx?id=2642555&use=l&cat=p&typeid=i","cat":316011},{"id":207019,"n":"Monster Aussie Lemonade Boite - 50cl","p":1.67,"u":"3,34 €/L","img":"https://fd13-photos.leclercdrive.fr/image.ashx?id=2519552&use=l&cat=p&typeid=i","cat":284533},{"id":207042,"n":"Sirop Teisseire Grenadine Bidon mega - 1.3L","p":5.18,"u":"3,98 €/L","img":"https://fd13-photos.leclercdrive.fr/image.ashx?id=2519480&use=l&cat=p&typeid=i","cat":295020},{"id":207043,"n":"Lessive Liquide L'Arbre Vert Savon végétal 45 lavages 2,025L","p":7.1,"u":"3,51 €/L","img":"https://fd13-photos.leclercdrive.fr/image.ashx?id=3008542&use=l&cat=p&typeid=i","cat":284640},{"id":207044,"n":"Recharge Lessive l'Arbre Vert Amande Douce 34 lavages 1,53L","p":5.98,"u":"3,91 €/L","img":"https://fd13-photos.leclercdrive.fr/image.ashx?id=2684503&use=l&cat=p&typeid=i","cat":284640},{"id":207046,"n":"Cacahuètes Menguy's Grillées à sec - 800g","p":6.49,"u":"8,11 €/KG","img":"https://fd13-photos.leclercdrive.fr/image.ashx?id=2979806&use=l&cat=p&typeid=i","cat":284448},{"id":207047,"n":"Beurre de cacahuètes Menguy's 454g","p":4.06,"u":"8,94 €/KG","img":"https://fd13-photos.leclercdrive.fr/image.ashx?id=2844088&use=l&cat=p&typeid=i","cat":284481},{"id":207052,"n":"Cracky's Soufflés de maïs tomates 180g Menguy's","p":1.55,"u":"8,61 €/KG","img":"https://fd13-photos.leclercdrive.fr/image.ashx?id=2845383&use=l&cat=p&typeid=i","cat":284449},{"id":207069,"n":"Glace Extrême Mini Fraise Vanille - x8 - 312g","p":3.58,"u":"11,47 €/KG","img":"https://fd13-photos.leclercdrive.fr/image.ashx?id=2732941&use=l&cat=p&typeid=i","cat":284264},{"id":207073,"n":"Tablette lave vaiselle L'Arbre Vert Tout-en-1 - x32","p":4.99,"u":"8,54 €/KG","img":"https://fd13-photos.leclercdrive.fr/image.ashx?id=2672332&use=l&cat=p&typeid=i","cat":284656},{"id":207074,"n":"Vaisselle mains L'Arbre Vert Peaux sensibles - 500ml","p":1.62,"u":"3,24 €/L","img":"https://fd13-photos.leclercdrive.fr/image.ashx?id=2845428&use=l&cat=p&typeid=i","cat":284655},{"id":207075,"n":"Vaisselle Main L'Arbre Vert Amande - 500ml","p":1.54,"u":"3,08 €/L","img":"https://fd13-photos.leclercdrive.fr/image.ashx?id=2845431&use=l&cat=p&typeid=i","cat":284655},{"id":207101,"n":"Boîte Cotons tiges Feel Natural Blanc - Bambou - x200","p":0.91,"pp":0.55,"img":"https://fd13-photos.leclercdrive.fr/image.ashx?id=2544888&use=l&cat=p&typeid=i","cat":284636},{"id":207137,"n":"Assouplissant Minidou Vent de fraîcheur - 1L - x50","p":4.22,"u":"4,22 €/L","img":"https://fd13-photos.leclercdrive.fr/image.ashx?id=2795887&use=l&cat=p&typeid=i","cat":284650},{"id":207139,"n":"Serviettes hygiéniques Always  Ultra - Secure night - x18","p":4.67,"u":"0,26 €/P","img":"https://fd13-photos.leclercdrive.fr/image.ashx?id=2849436&use=l&cat=p&typeid=i","cat":284624},{"id":207140,"n":"Serviettes hygiéniques Always Ultra - Secure night extra- x16","p":4.0,"u":"0,25 €/P","img":"https://fd13-photos.leclercdrive.fr/image.ashx?id=3000878&use=l&cat=p&typeid=i","cat":284624},{"id":207141,"n":"Préservatifs Durex Nude Extra Fins Peau contre Peau x10","p":6.59,"u":"0,66 €/P","img":"https://fd13-photos.leclercdrive.fr/image.ashx?id=2962017&use=l&cat=p&typeid=i","cat":284631},{"id":207142,"n":"Gel Lubrifiant Intime Durex Sensitive base Eau 100ml","p":8.29,"u":"82,90 €/L","img":"https://fd13-photos.leclercdrive.fr/image.ashx?id=2961203&use=l&cat=p&typeid=i","cat":285160},{"id":207154,"n":"Thon naturel Petit Navire 112g","p":2.21,"u":"19,73 €/KG","img":"https://fd13-photos.leclercdrive.fr/image.ashx?id=3003092&use=l&cat=p&typeid=i","cat":303867},{"id":207162,"n":"Sauce rouleaux de printemps Tanoshi - 250ml","p":2.53,"u":"10,12 €/L","img":"https://fd13-photos.leclercdrive.fr/image.ashx?id=2913229&use=l&cat=p&typeid=i","cat":288992},{"id":207173,"n":"Sauce nems Tanoshi 150ml","p":1.91,"u":"12,73 €/L","img":"https://fd13-photos.leclercdrive.fr/image.ashx?id=2921615&use=l&cat=p&typeid=i","cat":288992},{"id":207174,"n":"Nouilles vermicelles de riz Tanoshi Vietnam 250g","p":1.8,"u":"7,20 €/KG","img":"https://fd13-photos.leclercdrive.fr/image.ashx?id=2732290&use=l&cat=p&typeid=i","cat":288992},{"id":207181,"n":"Sucre Saint Louis Spécial Espresso - 1kg","p":2.06,"u":"2,06 €/KG","img":"https://fd13-photos.leclercdrive.fr/image.ashx?id=2521413&use=l&cat=p&typeid=i","cat":284502},{"id":207198,"n":"Recharge lessive liquide  Rainette Aloe vera - 1.6L","p":5.99,"u":"3,74 €/L","img":"https://fd13-photos.leclercdrive.fr/image.ashx?id=2858684&use=l&cat=p&typeid=i","cat":284640},{"id":207199,"n":"Recharge lessive liquide  Rainett Savon de Marseille 1.6L","p":6.42,"u":"4,01 €/L","img":"https://fd13-photos.leclercdrive.fr/image.ashx?id=2842129&use=l&cat=p&typeid=i","cat":284640},{"id":207210,"n":"Fromage à tartiner Kiri Délicieusement fouetté - 125g","p":2.25,"u":"18,00 €/KG","img":"https://fd13-photos.leclercdrive.fr/image.ashx?id=2686591&use=l&cat=p&typeid=i","cat":314029},{"id":207226,"n":"Bâtonnet Magnum Mini Double Caramel x6 - 282g","p":4.29,"u":"15,21 €/KG","img":"https://fd13-photos.leclercdrive.fr/image.ashx?id=2805648&use=l&cat=p&typeid=i","cat":284265},{"id":207262,"n":"Capsules Nescafé Dolce Gusto  Grande - x16","p":5.01,"u":"36,84 €/KG","img":"https://fd13-photos.leclercdrive.fr/image.ashx?id=2964153&use=l&cat=p&typeid=i","cat":293239},{"id":207308,"n":"Cuisse de poulet  1kg","p":4.36,"u":"4,36 €/KG","img":"https://fd13-photos.leclercdrive.fr/image.ashx?id=2524811&use=l&cat=p&typeid=i","cat":284336},{"id":207388,"n":"Cornichon Français  Hugo Aigre-doux - 360g","p":3.39,"u":"9,42 €/KG","img":"https://fd13-photos.leclercdrive.fr/image.ashx?id=2524377&use=l&cat=p&typeid=i","cat":284458},{"id":207389,"n":"Cornichon Français Vinaigre 210g","p":3.79,"u":"18,05 €/KG","img":"https://fd13-photos.leclercdrive.fr/image.ashx?id=2899033&use=l&cat=p&typeid=i","cat":284458},{"id":207390,"n":"Cornichon Français Hugo Aigre-doux - 210g","p":2.8,"u":"13,33 €/KG","img":"https://fd13-photos.leclercdrive.fr/image.ashx?id=2969103&use=l&cat=p&typeid=i","cat":284458},{"id":207392,"n":"Cornichon Français Hugo Vinaigre - 360g","p":6.23,"u":"17,31 €/KG","img":"https://fd13-photos.leclercdrive.fr/image.ashx?id=2524380&use=l&cat=p&typeid=i","cat":284458},{"id":207393,"n":"Rondelles de cornichon Français Aigre-doux - 42,5cl","p":2.84,"u":"6,68 €/L","img":"https://fd13-photos.leclercdrive.fr/image.ashx?id=2524383&use=l&cat=p&typeid=i","cat":284458},{"id":207396,"n":"Galettes moelleuses St Michel Marbrée Chocolat - 180g","p":1.64,"u":"9,11 €/KG","img":"https://fd13-photos.leclercdrive.fr/image.ashx?id=2936263&use=l&cat=p&typeid=i","cat":284487},{"id":207401,"n":"Adoucissant Soupline  Éclat de Fraîcheur - 28p","p":6.12,"u":"0,22 €/P","img":"https://fd13-photos.leclercdrive.fr/image.ashx?id=2583509&use=l&cat=p&typeid=i","cat":284650},{"id":207402,"n":"Adoucissant Soupline  Hypoallergénique - 28p","p":6.03,"u":"0,22 €/P","img":"https://fd13-photos.leclercdrive.fr/image.ashx?id=2818827&use=l&cat=p&typeid=i","cat":284650},{"id":207438,"n":"Complément alimentaire Juvamine Passiflore 30 comprimés","p":4.92,"u":"0,16 €/P","img":"https://fd13-photos.leclercdrive.fr/image.ashx?id=2744719&use=l&cat=p&typeid=i","cat":313217},{"id":207450,"n":"Capsules Nescafé Dolce Gusto  Grande Intenso - x16","p":5.2,"u":"39,39 €/KG","img":"https://fd13-photos.leclercdrive.fr/image.ashx?id=2525962&use=l&cat=p&typeid=i","cat":293239},{"id":207456,"n":"Purée de fruits Eco+ x8 - 800g","p":1.79,"u":"2,24 €/KG","img":"https://fd13-photos.leclercdrive.fr/image.ashx?id=2523507&use=l&cat=p&typeid=i","cat":284416},{"id":207460,"n":"Crème glacée La Laitière Vanille bourbon - 490g","p":3.24,"pp":2.27,"u":"4,63 €/KG","img":"https://fd13-photos.leclercdrive.fr/image.ashx?id=3000009&use=l&cat=p&typeid=i","cat":284263},{"id":207467,"n":"Moutarde Forte Amora 430g","p":1.49,"u":"3,47 €/KG","img":"https://fd13-photos.leclercdrive.fr/image.ashx?id=2526079&use=l&cat=p&typeid=i","cat":288850},{"id":207469,"n":"Moutarde Forte Amora 185g","p":1.56,"u":"8,43 €/KG","img":"https://fd13-photos.leclercdrive.fr/image.ashx?id=2526082&use=l&cat=p&typeid=i","cat":288850},{"id":207471,"n":"Moutarde Mi-forte Amora 415g","p":1.5,"u":"3,61 €/KG","img":"https://fd13-photos.leclercdrive.fr/image.ashx?id=2993176&use=l&cat=p&typeid=i","cat":288850},{"id":207476,"n":"Moutarde de Dijon Fine MAILLE L'Original Bocal - 360g","p":1.47,"u":"4,08 €/KG","img":"https://fd13-photos.leclercdrive.fr/image.ashx?id=2945841&use=l&cat=p&typeid=i","cat":288850},{"id":207477,"n":"Moutarde Maille Fins Gourmets - 320g","p":2.51,"u":"7,84 €/KG","img":"https://fd13-photos.leclercdrive.fr/image.ashx?id=2526091&use=l&cat=p&typeid=i","cat":288850},{"id":207478,"n":"Moutarde à l'Ancienne MAILLE Bocal - 360g","p":2.53,"u":"7,03 €/KG","img":"https://fd13-photos.leclercdrive.fr/image.ashx?id=2664307&use=l&cat=p&typeid=i","cat":288850},{"id":207479,"n":"Bière Ninkasi Blanche Flower 75cl","p":4.85,"u":"6,47 €/L","img":"https://fd13-photos.leclercdrive.fr/image.ashx?id=2525189&use=l&cat=p&typeid=i","cat":334872},{"id":207480,"n":"Crème glacée La Laitière Caramel Beurre salé - 490g","p":3.24,"pp":2.27,"u":"4,63 €/KG","img":"https://fd13-photos.leclercdrive.fr/image.ashx?id=2877883&use=l&cat=p&typeid=i","cat":284263},{"id":207481,"n":"Bâtonnets de glace Nuii Chocolat et noisettes - 272g","p":4.3,"u":"15,81 €/KG","img":"https://fd13-photos.leclercdrive.fr/image.ashx?id=2525546&use=l&cat=p&typeid=i","cat":284265},{"id":207489,"n":"Pizza Feu de bois Turini Saisonnière - 450g","p":2.99,"u":"6,64 €/KG","img":"https://fd13-photos.leclercdrive.fr/image.ashx?id=2816618&use=l&cat=p&typeid=i","cat":284256},{"id":207491,"n":"Cône Extrême Nestle Coco  Mangue - x6 - 414g","p":3.94,"u":"9,52 €/KG","img":"https://fd13-photos.leclercdrive.fr/image.ashx?id=2844579&use=l&cat=p&typeid=i","cat":284264},{"id":207492,"n":"Crème glacée La Laitière Vanille pécan - 490g","p":3.24,"pp":2.27,"u":"4,63 €/KG","img":"https://fd13-photos.leclercdrive.fr/image.ashx?id=3000015&use=l&cat=p&typeid=i","cat":284263},{"id":207507,"n":"Piles Boutons Lithium Duracell CR 2430 - x2","p":7.5,"img":"https://fd13-photos.leclercdrive.fr/image.ashx?id=2525396&use=l&cat=p&typeid=i","cat":300572},{"id":207508,"n":"Piles Boutons Lithium Duracell CR 2450 - x2","p":7.95,"img":"https://fd13-photos.leclercdrive.fr/image.ashx?id=2594542&use=l&cat=p&typeid=i","cat":300572},{"id":207528,"n":"Lessive liquide L'Arbre Vert Peaux sensibles - x34 - 1.53L","p":6.98,"u":"4,56 €/L","img":"https://fd13-photos.leclercdrive.fr/image.ashx?id=3008536&use=l&cat=p&typeid=i","cat":284640},{"id":207529,"n":"Recharge lessive L'Arbre Vert Peaux sensibles - x34 - 1.53L","p":6.5,"u":"4,25 €/L","img":"https://fd13-photos.leclercdrive.fr/image.ashx?id=2680212&use=l&cat=p&typeid=i","cat":284640},{"id":207530,"n":"Vaisselle mains L'Arbre Vert Peaux sensibles - 750ml","p":1.75,"u":"2,33 €/L","img":"https://fd13-photos.leclercdrive.fr/image.ashx?id=2850575&use=l&cat=p&typeid=i","cat":284655},{"id":207533,"n":"Préservatifs Durex Feeling  Extra Fins Extra Lubrifiés x12","p":6.89,"img":"https://fd13-photos.leclercdrive.fr/image.ashx?id=2962014&use=l&cat=p&typeid=i","cat":284631},{"id":207536,"n":"Préservatifs Durex Nude Sans Latex Extra Lubrifié x10","p":8.19,"img":"https://fd13-photos.leclercdrive.fr/image.ashx?id=2730478&use=l&cat=p&typeid=i","cat":284631},{"id":207540,"n":"Croûtons Tipiak Ail - 75g","p":1.52,"u":"20,27 €/KG","img":"https://fd13-photos.leclercdrive.fr/image.ashx?id=2684461&use=l&cat=p&typeid=i","cat":284464},{"id":207545,"n":"Bandes de cire froide Aiselles Veet Expert Peaux sensibles x16","p":5.55,"u":"0,35 €/P","img":"https://fd13-photos.leclercdrive.fr/image.ashx?id=2970801&use=l&cat=p&typeid=i","cat":325351},{"id":207549,"n":"Shampoing purifiant Ultra Doux Force et Brillance - 300ml","p":2.96,"u":"9,87 €/L","img":"https://fd13-photos.leclercdrive.fr/image.ashx?id=2878072&use=l&cat=p&typeid=i","cat":284606},{"id":207551,"n":"Dentifrice Naturals Aquafresh Blancheur charbon - 75ml","p":1.72,"u":"22,93 €/L","img":"https://fd13-photos.leclercdrive.fr/image.ashx?id=2527079&use=l&cat=p&typeid=i","cat":284612},{"id":207553,"n":"Dentifrice Sensodyne  Junior - 6-12 ans - 50ml","p":3.71,"u":"74,20 €/L","img":"https://fd13-photos.leclercdrive.fr/image.ashx?id=2968920&use=l&cat=p&typeid=i","cat":288898},{"id":207557,"n":"Préservatifs Durex Feeling  Extra Lubrifié Extra Fins x20","p":10.71,"u":"0,54 €/P","img":"https://fd13-photos.leclercdrive.fr/image.ashx?id=2964965&use=l&cat=p&typeid=i","cat":284631},{"id":207559,"n":"Préservatifs Durex Pleasure me Perlés et Nervurés x12","p":7.6,"u":"0,63 €/P","img":"https://fd13-photos.leclercdrive.fr/image.ashx?id=2730466&use=l&cat=p&typeid=i","cat":284631},{"id":207561,"n":"Recharge Savon Mains Dettol Miel et Beurre de Karité 250ml","p":3.11,"u":"12,44 €/L","img":"https://fd13-photos.leclercdrive.fr/image.ashx?id=2971751&use=l&cat=p&typeid=i","cat":284597},{"id":207588,"n":"Soupe de nouilles Oyakata Ramen miso et legumes - 89g","p":0.77,"u":"8,65 €/KG","img":"https://fd13-photos.leclercdrive.fr/image.ashx?id=2537252&use=l&cat=p&typeid=i","cat":288992},{"id":207590,"n":"Soupe de nouilles Oyakata Poulet Shio - 83g","p":0.99,"u":"11,93 €/KG","img":"https://fd13-photos.leclercdrive.fr/image.ashx?id=2536167&use=l&cat=p&typeid=i","cat":288992},{"id":207591,"n":"Soupe de nouilles Oyakata Sauce soja - 83g","p":1.01,"u":"12,17 €/KG","img":"https://fd13-photos.leclercdrive.fr/image.ashx?id=2536170&use=l&cat=p&typeid=i","cat":288992},{"id":207604,"n":"Bandes de cire froide Maillot Veet Expert Peaux sensibles x16","p":5.24,"u":"0,33 €/P","img":"https://fd13-photos.leclercdrive.fr/image.ashx?id=2970798&use=l&cat=p&typeid=i","cat":325351},{"id":207607,"n":"Dentifrice Elmex Anti-caries - 75ml","p":4.49,"u":"59,87 €/L","img":"https://fd13-photos.leclercdrive.fr/image.ashx?id=2721184&use=l&cat=p&typeid=i","cat":284612},{"id":207609,"n":"Masque reconstituant Ultra doux Cheveu fragile cassant - 340ml","p":4.67,"u":"13,74 €/L","img":"https://fd13-photos.leclercdrive.fr/image.ashx?id=2646924&use=l&cat=p&typeid=i","cat":284608},{"id":207613,"n":"Bandes extensibles Mercurochrome - x3","p":3.24,"u":"135,00 €/KG","img":"https://fd13-photos.leclercdrive.fr/image.ashx?id=2921531&use=l&cat=p&typeid=i","cat":284630},{"id":207615,"n":"Lessive capsule L'Arbre Vert Savon végétal - x24","p":7.4,"u":"11,69 €/KG","img":"https://fd13-photos.leclercdrive.fr/image.ashx?id=2742126&use=l&cat=p&typeid=i","cat":284641},{"id":207621,"n":"Carrés démaquillant Feel Natural - +Filet de lavage - x6","p":8.69,"pp":5.21,"img":"https://fd13-photos.leclercdrive.fr/image.ashx?id=2528066&use=l&cat=p&typeid=i","cat":285593},{"id":207627,"n":"ST MARC Pistolet Antibactérien - 750ml","p":2.02,"u":"2,69 €/L","img":"https://fd13-photos.leclercdrive.fr/image.ashx?id=2528054&use=l&cat=p&typeid=i","cat":325357},{"id":208019,"n":"Porte-mine Bic  Fun x4 + Pastel x4 +Grip Fun x2","p":2.52,"img":"https://fd13-photos.leclercdrive.fr/image.ashx?id=2544092&use=l&cat=p&typeid=i","cat":284696},{"id":208088,"n":"Pochettes perforées Esquisse Premium - x50","p":2.89,"u":"0,06 €/P","img":"https://fd13-photos.leclercdrive.fr/image.ashx?id=2531575&use=l&cat=p&typeid=i","cat":284696},{"id":208251,"n":"Pauline Nectar Pêche Blanche 1L","p":3.78,"u":"3,78 €/L","img":"https://fd13-photos.leclercdrive.fr/image.ashx?id=2733871&use=l&cat=p&typeid=i","cat":284915},{"id":208252,"n":"Pauline Nectar Pêche Jaune 1L","p":2.49,"u":"2,49 €/L","img":"https://fd13-photos.leclercdrive.fr/image.ashx?id=2733874&use=l&cat=p&typeid=i","cat":284915},{"id":208257,"n":"Arcens Eau des Monts d'Ardeche Finement Petillante 1L","p":0.53,"u":"0,53 €/L","img":"https://fd13-photos.leclercdrive.fr/image.ashx?id=2528898&use=l&cat=p&typeid=i","cat":284536},{"id":208258,"n":"Arcens Eau des Monts d'Ardeche Finement Petillante 1L","p":0.53,"u":"0,53 €/L","img":"https://fd13-photos.leclercdrive.fr/image.ashx?id=2528901&use=l&cat=p&typeid=i","cat":284536},{"id":208259,"n":"Arcens Eau des Monts d'Ardeche Finement Petillante 1L","p":0.53,"u":"0,53 €/L","img":"https://fd13-photos.leclercdrive.fr/image.ashx?id=2528904&use=l&cat=p&typeid=i","cat":284536},{"id":208260,"n":"Arcens Eau des Monts d'Ardeche  Finement Petillante 1L","p":0.53,"u":"0,53 €/L","img":"https://fd13-photos.leclercdrive.fr/image.ashx?id=2528907&use=l&cat=p&typeid=i","cat":284536},{"id":208271,"n":"Capsules café L'Or Espresso Forza N°9 x50","p":14.37,"u":"55,27 €/KG","img":"https://fd13-photos.leclercdrive.fr/image.ashx?id=3000471&use=l&cat=p&typeid=i","cat":284749},{"id":208273,"n":"Doc Prosecco Vilaveroni Blanc Brut 150cl","p":13.18,"u":"8,79 €/L","img":"https://fd13-photos.leclercdrive.fr/image.ashx?id=2540499&use=l&cat=p&typeid=i","cat":289461},{"id":208278,"n":"Biere Blonde Dock's Beer 75cl","p":4.7,"u":"6,27 €/L","img":"https://fd13-photos.leclercdrive.fr/image.ashx?id=2537053&use=l&cat=p&typeid=i","cat":334873},{"id":208288,"n":"100% Pur Jus Tropicana Samba Goyave Ananas Citron Vert 1L","p":2.9,"u":"2,90 €/L","img":"https://fd13-photos.leclercdrive.fr/image.ashx?id=2586678&use=l&cat=p&typeid=i","cat":284916},{"id":208330,"n":"Lait Corps nourrissant Mixa Effet Soleil Karité - 250ml","p":4.95,"u":"19,80 €/L","img":"https://fd13-photos.leclercdrive.fr/image.ashx?id=2530017&use=l&cat=p&typeid=i","cat":325349},{"id":208385,"n":"Capsules café L'Or Espresso Delizioso N°5 x50","p":14.37,"u":"55,27 €/KG","img":"https://fd13-photos.leclercdrive.fr/image.ashx?id=2788064&use=l&cat=p&typeid=i","cat":284749},{"id":208417,"n":"Capsules café L'Or Espresso Ristretto N°11 x50","p":14.37,"u":"55,27 €/KG","img":"https://fd13-photos.leclercdrive.fr/image.ashx?id=3000474&use=l&cat=p&typeid=i","cat":284749},{"id":208419,"n":"Infusion Elephant Mure Myrtille vanille 40g","p":2.68,"u":"67,00 €/KG","img":"https://fd13-photos.leclercdrive.fr/image.ashx?id=2530278&use=l&cat=p&typeid=i","cat":293234},{"id":208421,"n":"Infusion fruits rouges Elephant Touche de menthe - 40g","p":2.86,"u":"71,50 €/KG","img":"https://fd13-photos.leclercdrive.fr/image.ashx?id=2813104&use=l&cat=p&typeid=i","cat":293234},{"id":208426,"n":"Infusion Eléphant Tilleul Citron  - x20 - 28g","p":2.84,"u":"101,43 €/KG","img":"https://fd13-photos.leclercdrive.fr/image.ashx?id=2530284&use=l&cat=p&typeid=i","cat":293234},{"id":208477,"n":"Chips paysanne Lay's Saveur Fromage du Jura - 120g","p":1.37,"u":"11,42 €/KG","img":"https://fd13-photos.leclercdrive.fr/image.ashx?id=2810774&use=l&cat=p&typeid=i","cat":284447},{"id":208484,"n":"Chips paysanne Lay's Saveur Oignon de Roscoff - 120g","p":1.37,"u":"11,42 €/KG","img":"https://fd13-photos.leclercdrive.fr/image.ashx?id=2810777&use=l&cat=p&typeid=i","cat":284447},{"id":208507,"n":"AOC Rosé d'Anjou rosé Plessis-Duval - 75cl","p":3.97,"u":"5,29 €/L","img":"https://fd13-photos.leclercdrive.fr/image.ashx?id=2731789&use=l&cat=p&typeid=i","cat":289558},{"id":208616,"n":"Biscuits Bonne Maman La pause choco - 235g","p":2.47,"u":"10,51 €/KG","img":"https://fd13-photos.leclercdrive.fr/image.ashx?id=2533022&use=l&cat=p&typeid=i","cat":284488},{"id":208632,"n":"Crème glacée La Laitière Crème brulée - 490g","p":3.24,"pp":2.27,"u":"4,63 €/KG","img":"https://fd13-photos.leclercdrive.fr/image.ashx?id=2877880&use=l&cat=p&typeid=i","cat":284263},{"id":208633,"n":"Compotes Pom'Potes Gourdes  Pomme Brugnon - 4x90g","p":2.27,"u":"6,31 €/KG","img":"https://fd13-photos.leclercdrive.fr/image.ashx?id=3010903&use=l&cat=p&typeid=i","cat":284508},{"id":208636,"n":"Purée Mousline Crème et noix de muscade - 500g","p":3.17,"u":"6,34 €/KG","img":"https://fd13-photos.leclercdrive.fr/image.ashx?id=3011728&use=l&cat=p&typeid=i","cat":284431},{"id":208638,"n":"Purée Mousline x3 sachets - 195g","p":1.41,"u":"7,23 €/KG","img":"https://fd13-photos.leclercdrive.fr/image.ashx?id=3004414&use=l&cat=p&typeid=i","cat":284431},{"id":208642,"n":"Purée Mousline x4 - 520g","p":2.39,"u":"4,60 €/KG","img":"https://fd13-photos.leclercdrive.fr/image.ashx?id=3011734&use=l&cat=p&typeid=i","cat":284431},{"id":208651,"n":"Purée Mousline  x8 - 1.04 kg","p":4.37,"u":"4,20 €/KG","img":"https://fd13-photos.leclercdrive.fr/image.ashx?id=2986780&use=l&cat=p&typeid=i","cat":284431},{"id":208658,"n":"Biscuit P'tit Deli Chocolat lait blanc - 150g","p":1.75,"u":"11,67 €/KG","img":"https://fd13-photos.leclercdrive.fr/image.ashx?id=2684835&use=l&cat=p&typeid=i","cat":284488},{"id":208750,"n":"Purée Mousline x3 - 375g","p":2.56,"u":"6,83 €/KG","img":"https://fd13-photos.leclercdrive.fr/image.ashx?id=2940135&use=l&cat=p&typeid=i","cat":284431},{"id":208751,"n":"Riz long grain 10 min Lustucru x5 - 450g","p":1.57,"u":"3,49 €/KG","img":"https://fd13-photos.leclercdrive.fr/image.ashx?id=2955830&use=l&cat=p&typeid=i","cat":284428},{"id":208753,"n":"Bâtonnet Ferrero Rocher White x4 - 200g","p":3.78,"u":"18,90 €/KG","img":"https://fd13-photos.leclercdrive.fr/image.ashx?id=2759074&use=l&cat=p&typeid=i","cat":284265},{"id":208755,"n":"Crème dessert Mont Blanc Chocolat Noir Extra - 4x125g","p":2.92,"u":"5,84 €/KG","img":"https://fd13-photos.leclercdrive.fr/image.ashx?id=3011617&use=l&cat=p&typeid=i","cat":284506},{"id":208759,"n":"Purée Mousline  Presse purée - 375g","p":2.79,"u":"7,44 €/KG","img":"https://fd13-photos.leclercdrive.fr/image.ashx?id=2940117&use=l&cat=p&typeid=i","cat":284431},{"id":208761,"n":"Purée Mousline x4 - 125g","p":1.19,"u":"9,52 €/KG","img":"https://fd13-photos.leclercdrive.fr/image.ashx?id=2940126&use=l&cat=p&typeid=i","cat":284431},{"id":208762,"n":"Vinaigre balsamique Modene IGP - 50cl","p":3.14,"u":"6,28 €/L","img":"https://fd13-photos.leclercdrive.fr/image.ashx?id=2645390&use=l&cat=p&typeid=i","cat":298543},{"id":208764,"n":"Gel douche Sanex Natural Prebiotic hydratant - 700ml","p":4.59,"u":"6,56 €/L","img":"https://fd13-photos.leclercdrive.fr/image.ashx?id=2802842&use=l&cat=p&typeid=i","cat":284594},{"id":208773,"n":"Thon Petit Navire À la sauce Catalane - 3x140g","p":4.99,"u":"11,88 €/KG","img":"https://fd13-photos.leclercdrive.fr/image.ashx?id=2999216&use=l&cat=p&typeid=i","cat":303867},{"id":208774,"n":"Crème corps nourrissante Mixa Peaux extra sèches - 400ml","p":4.58,"u":"11,45 €/L","img":"https://fd13-photos.leclercdrive.fr/image.ashx?id=2533862&use=l&cat=p&typeid=i","cat":325350},{"id":208776,"n":"Gel douche Tahiti Vanille et huile de coco 250ml","p":1.95,"u":"7,80 €/L","img":"https://fd13-photos.leclercdrive.fr/image.ashx?id=2533130&use=l&cat=p&typeid=i","cat":284594},{"id":208778,"n":"Thon Petit Navire  Mayonnaise - 3x140g","p":4.99,"u":"11,88 €/KG","img":"https://fd13-photos.leclercdrive.fr/image.ashx?id=2835854&use=l&cat=p&typeid=i","cat":303867},{"id":208779,"n":"Miettes de thon Petit Navire Sauce tomate - 3x140g","p":4.99,"u":"11,88 €/KG","img":"https://fd13-photos.leclercdrive.fr/image.ashx?id=2835857&use=l&cat=p&typeid=i","cat":303867},{"id":208786,"n":"Thé glacé Lipton Ice Tea Pêche La bouteille de 1.25L","p":1.45,"u":"1,16 €/L","img":"https://fd13-photos.leclercdrive.fr/image.ashx?id=2731567&use=l&cat=p&typeid=i","cat":295019},{"id":208788,"n":"Thé glacé Lipton Ice Tea Pêche  Sans sucres bouteille de 1.25L","p":1.55,"u":"1,24 €/L","img":"https://fd13-photos.leclercdrive.fr/image.ashx?id=2731570&use=l&cat=p&typeid=i","cat":295019},{"id":208806,"n":"Grilletine blé complet Pasquier Sans sucre ajouté - 255g","p":2.55,"u":"10,00 €/KG","img":"https://fd13-photos.leclercdrive.fr/image.ashx?id=2533559&use=l&cat=p&typeid=i","cat":284479},{"id":208855,"n":"Brosse à dent Colgate Deep Clean - Souple - x1","p":3.12,"img":"https://fd13-photos.leclercdrive.fr/image.ashx?id=2968938&use=l&cat=p&typeid=i","cat":284614},{"id":208857,"n":"Soin Revitalisant L'Oréal Paris Men Expert Anti-Âge - 50ml","p":9.05,"u":"181,00 €/L","img":"https://fd13-photos.leclercdrive.fr/image.ashx?id=3008776&use=l&cat=p&typeid=i","cat":284622},{"id":208859,"n":"Sérum Colgate Max White Blancheur - Nuit - 3ml","p":13.77,"img":"https://fd13-photos.leclercdrive.fr/image.ashx?id=2834095&use=l&cat=p&typeid=i","cat":284612},{"id":208867,"n":"Serum physiologique Prorhinel 30x5ml","p":2.98,"u":"19,87 €/L","img":"https://fd13-photos.leclercdrive.fr/image.ashx?id=2878303&use=l&cat=p&typeid=i","cat":284741},{"id":208885,"n":"Biscuits mini roulés Balconi Cacao - 180g","p":1.02,"u":"5,67 €/KG","img":"https://fd13-photos.leclercdrive.fr/image.ashx?id=2540076&use=l&cat=p&typeid=i","cat":284495},{"id":208927,"n":"Cidou un amour de fruits Orange Mangue - 1L","p":1.84,"u":"1,84 €/L","img":"https://fd13-photos.leclercdrive.fr/image.ashx?id=2535052&use=l&cat=p&typeid=i","cat":284915},{"id":208937,"n":"Barre protéinée Joyfuel Cookie Dough 55g","p":2.41,"u":"43,82 €/KG","img":"https://fd13-photos.leclercdrive.fr/image.ashx?id=2662057&use=l&cat=p&typeid=i","cat":318652},{"id":209054,"n":"Wraps Old El Paso Extra fins x6 - 192g","p":2.79,"u":"14,53 €/KG","img":"https://fd13-photos.leclercdrive.fr/image.ashx?id=2737693&use=l&cat=p&typeid=i","cat":288993},{"id":209057,"n":"Céréales bébé P'TITE CEREALE chocolat biscuit 12M+ - 415g","p":3.23,"u":"7,78 €/KG","img":"https://fd13-photos.leclercdrive.fr/image.ashx?id=2537303&use=l&cat=p&typeid=i","cat":312225},{"id":209058,"n":"Collagène marin Juvamine Acide Hyaluronique x60 - 31g","p":8.93,"u":"288,06 €/KG","img":"https://fd13-photos.leclercdrive.fr/image.ashx?id=2785856&use=l&cat=p&typeid=i","cat":313217},{"id":209059,"n":"P'tite céréale Nestlé Noisettes Biscuit - 12M+ - 415g","p":2.92,"u":"7,04 €/KG","img":"https://fd13-photos.leclercdrive.fr/image.ashx?id=2679389&use=l&cat=p&typeid=i","cat":312225},{"id":209060,"n":"Chips nature Lay's Sel - 6x25g","p":2.02,"u":"13,47 €/KG","img":"https://fd13-photos.leclercdrive.fr/image.ashx?id=3011143&use=l&cat=p&typeid=i","cat":284447},{"id":209061,"n":"Sauce pesto Florelli A la genovese - 190g","p":1.77,"u":"9,32 €/KG","img":"https://fd13-photos.leclercdrive.fr/image.ashx?id=2787452&use=l&cat=p&typeid=i","cat":299047},{"id":209064,"n":"Céréales bébé BABICAO Cacao 10M+ - 400g","p":3.47,"u":"8,68 €/KG","img":"https://fd13-photos.leclercdrive.fr/image.ashx?id=2537294&use=l&cat=p&typeid=i","cat":312225},{"id":209066,"n":"Céréales bébé P'TITE CEREALE Vanille Biscuit 12M+ - 415g","p":3.23,"u":"7,78 €/KG","img":"https://fd13-photos.leclercdrive.fr/image.ashx?id=2537297&use=l&cat=p&typeid=i","cat":312225},{"id":209093,"n":"Adoucissant Soupline Magnolia & lavande - x60 1.28L","p":6.03,"u":"4,64 €/L","img":"https://fd13-photos.leclercdrive.fr/image.ashx?id=2832569&use=l&cat=p&typeid=i","cat":284650},{"id":209094,"n":"Adoucissant Soupline Concentré Mandarine Vanille x60 - 1.28ml","p":5.69,"u":"4,45 €/L","img":"https://fd13-photos.leclercdrive.fr/image.ashx?id=2832572&use=l&cat=p&typeid=i","cat":284650},{"id":209113,"n":"Pâtes Collezione Barilla Farfalle Generose - 500g","p":1.73,"u":"3,46 €/KG","img":"https://fd13-photos.leclercdrive.fr/image.ashx?id=2654122&use=l&cat=p&typeid=i","cat":284427},{"id":209137,"n":"Blanc de poulet Tradilège Doré au four - 240g","p":1.97,"u":"8,21 €/KG","img":"https://fd13-photos.leclercdrive.fr/image.ashx?id=2925759&use=l&cat=p&typeid=i","cat":316010},{"id":209151,"n":"Pâtes Torti Legumes Panzani 3 Minutes - 500G","p":1.37,"u":"2,74 €/KG","img":"https://fd13-photos.leclercdrive.fr/image.ashx?id=2896117&use=l&cat=p&typeid=i","cat":284427},{"id":209154,"n":"Compotes Pom'Potes  Assortiment x64 - 5.76kg","p":28.39,"pp":19.94,"u":"3,46 €/KG","img":"https://fd13-photos.leclercdrive.fr/image.ashx?id=2977261&use=l&cat=p&typeid=i","cat":284508},{"id":209156,"n":"Capsules lave-vaisselle Finish  Ultimate Plus Citron - x25","p":7.3,"u":"23,93 €/KG","img":"https://fd13-photos.leclercdrive.fr/image.ashx?id=2735554&use=l&cat=p&typeid=i","cat":284656},{"id":209157,"n":"Hibiscus à infuser Esprit Bio Bio - 100g","p":5.7,"u":"57,00 €/KG","img":"https://fd13-photos.leclercdrive.fr/image.ashx?id=2537436&use=l&cat=p&typeid=i","cat":313217},{"id":209159,"n":"Capsules lave-vaisselle Finish  Ultimate Plus - x25","p":7.48,"u":"24,52 €/KG","img":"https://fd13-photos.leclercdrive.fr/image.ashx?id=2749398&use=l&cat=p&typeid=i","cat":284656},{"id":209160,"n":"Capsules lave-vaisselle Finish  Ultimate - x30","p":7.08,"u":"18,29 €/KG","img":"https://fd13-photos.leclercdrive.fr/image.ashx?id=2749401&use=l&cat=p&typeid=i","cat":284656},{"id":209161,"n":"Capsules lave-vaisselle Finish  Ultimate Citron - x30","p":7.25,"u":"18,73 €/KG","img":"https://fd13-photos.leclercdrive.fr/image.ashx?id=2749404&use=l&cat=p&typeid=i","cat":284656},{"id":209163,"n":"Capsules lave-vaisselle Finish  Quantum - x33","p":7.48,"u":"21,81 €/KG","img":"https://fd13-photos.leclercdrive.fr/image.ashx?id=2749548&use=l&cat=p&typeid=i","cat":284656},{"id":209179,"n":"Crème dépilatoire Expert Veet Bikini Maillot Intégral 200ml","p":8.49,"u":"84,90 €/L","img":"https://fd13-photos.leclercdrive.fr/image.ashx?id=2964968&use=l&cat=p&typeid=i","cat":325351},{"id":209196,"n":"Pur jus Tropicana Réveil fruité - 90cl","p":3.03,"u":"3,37 €/L","img":"https://fd13-photos.leclercdrive.fr/image.ashx?id=2538431&use=l&cat=p&typeid=i","cat":285435},{"id":209208,"n":"Sauce soja Suzi Wan Sucrée - 135ml","p":2.02,"u":"14,96 €/KG","img":"https://fd13-photos.leclercdrive.fr/image.ashx?id=2892931&use=l&cat=p&typeid=i","cat":288992},{"id":209209,"n":"Sauce soja Suzi Wan 250ml","p":2.69,"u":"10,76 €/L","img":"https://fd13-photos.leclercdrive.fr/image.ashx?id=2990880&use=l&cat=p&typeid=i","cat":288992},{"id":209210,"n":"Goûter laitier Récré O'Lé Gourdes Saveur Biscuit - 4x85g","p":2.47,"u":"7,26 €/KG","img":"https://fd13-photos.leclercdrive.fr/image.ashx?id=2563799&use=l&cat=p&typeid=i","cat":284506},{"id":209212,"n":"Graines de sésame doré Ducros  45g","p":1.86,"u":"41,33 €/KG","img":"https://fd13-photos.leclercdrive.fr/image.ashx?id=2538605&use=l&cat=p&typeid=i","cat":298297},{"id":209218,"n":"Lait de croissance NIDAL 3  dès 1 an - 2x600g","p":14.29,"u":"11,91 €/KG","img":"https://fd13-photos.leclercdrive.fr/image.ashx?id=2899773&use=l&cat=p&typeid=i","cat":290219},{"id":209241,"n":"Mélange de noix non salées Vico Avec raisins secs - 180g","p":3.74,"u":"20,78 €/KG","img":"https://fd13-photos.leclercdrive.fr/image.ashx?id=2916893&use=l&cat=p&typeid=i","cat":284448},{"id":209245,"n":"Origan Ducros 12g","p":1.66,"u":"138,33 €/KG","img":"https://fd13-photos.leclercdrive.fr/image.ashx?id=2559517&use=l&cat=p&typeid=i","cat":298297},{"id":209246,"n":"Oignon de France Ducros 42g","p":1.98,"u":"47,14 €/KG","img":"https://fd13-photos.leclercdrive.fr/image.ashx?id=2538593&use=l&cat=p&typeid=i","cat":298297},{"id":209293,"n":"Spiruline bio Esprit Bio 200g","p":9.42,"u":"47,10 €/KG","img":"https://fd13-photos.leclercdrive.fr/image.ashx?id=2538578&use=l&cat=p&typeid=i","cat":313217},{"id":209296,"n":"Camomille bio Esprit Bio 40g","p":5.2,"u":"130,00 €/KG","img":"https://fd13-photos.leclercdrive.fr/image.ashx?id=2538581&use=l&cat=p&typeid=i","cat":313217},{"id":209301,"n":"Thé vert glacé Lipton Ice Tea Citron vert menthe - 1.25L","p":1.59,"u":"1,27 €/L","img":"https://fd13-photos.leclercdrive.fr/image.ashx?id=2731579&use=l&cat=p&typeid=i","cat":295019},{"id":209302,"n":"Thé glacé Lipton Ice Tea Citron/citron vert - 1.25L","p":1.55,"u":"1,24 €/L","img":"https://fd13-photos.leclercdrive.fr/image.ashx?id=2731573&use=l&cat=p&typeid=i","cat":295019},{"id":209304,"n":"Thé vert glacé Lipton Ice Tea Pêche blanche - 1.25L","p":2.08,"u":"1,66 €/L","img":"https://fd13-photos.leclercdrive.fr/image.ashx?id=2538623&use=l&cat=p&typeid=i","cat":295019},{"id":209306,"n":"Thé glacé Lipton Ice Tea Mangue - 1.25L","p":2.02,"u":"1,62 €/L","img":"https://fd13-photos.leclercdrive.fr/image.ashx?id=2731585&use=l&cat=p&typeid=i","cat":295019},{"id":209309,"n":"Thé glacé Lipton Ice Tea Framboise - 1.25L","p":1.55,"u":"1,24 €/L","img":"https://fd13-photos.leclercdrive.fr/image.ashx?id=2731588&use=l&cat=p&typeid=i","cat":295019},{"id":209311,"n":"Thé glacé Lipton Ice Tea Pêche abricot - 1,25L","p":1.79,"u":"1,43 €/L","img":"https://fd13-photos.leclercdrive.fr/image.ashx?id=2731576&use=l&cat=p&typeid=i","cat":295019},{"id":209350,"n":"Cœurs de palmiers Géant Vert coupés - 125g","p":3.25,"u":"26,00 €/KG","img":"https://fd13-photos.leclercdrive.fr/image.ashx?id=2840569&use=l&cat=p&typeid=i","cat":312611},{"id":209353,"n":"Ratatouille provençale d'aucy 42,5cl","p":2.25,"u":"5,92 €/KG","img":"https://fd13-photos.leclercdrive.fr/image.ashx?id=2539512&use=l&cat=p&typeid=i","cat":312612},{"id":209354,"n":"Courgettes cuisinées D'Aucy Provencale - 380g","p":2.35,"u":"6,18 €/KG","img":"https://fd13-photos.leclercdrive.fr/image.ashx?id=2570088&use=l&cat=p&typeid=i","cat":312612},{"id":209355,"n":"Aubergines cuisinées D'Aucy 380g","p":2.35,"u":"6,18 €/KG","img":"https://fd13-photos.leclercdrive.fr/image.ashx?id=2539509&use=l&cat=p&typeid=i","cat":312612},{"id":209357,"n":"Mijote de lentilles d'aucy  42,5cl","p":2.35,"u":"6,18 €/KG","img":"https://fd13-photos.leclercdrive.fr/image.ashx?id=2592219&use=l&cat=p&typeid=i","cat":312612},{"id":209362,"n":"Ravioli pur boeuf 650 g","p":4.69,"u":"7,22 €/KG","img":"https://fd13-photos.leclercdrive.fr/image.ashx?id=2540259&use=l&cat=p&typeid=i","cat":284442},{"id":209367,"n":"Sauce pesto rouge Florelli 190g","p":2.04,"u":"10,74 €/KG","img":"https://fd13-photos.leclercdrive.fr/image.ashx?id=2787455&use=l&cat=p&typeid=i","cat":289010},{"id":209368,"n":"Thé glacé Lipton Ice Tea Pêche La bouteille de 1.75L","p":1.87,"u":"1,07 €/L","img":"https://fd13-photos.leclercdrive.fr/image.ashx?id=2731594&use=l&cat=p&typeid=i","cat":295019},{"id":209371,"n":"Aneth Ducros 13g","p":1.72,"u":"132,31 €/KG","img":"https://fd13-photos.leclercdrive.fr/image.ashx?id=2538599&use=l&cat=p&typeid=i","cat":298297},{"id":209372,"n":"Gingembre Ducros 29g","p":1.59,"u":"54,83 €/KG","img":"https://fd13-photos.leclercdrive.fr/image.ashx?id=2983216&use=l&cat=p&typeid=i","cat":298297},{"id":209430,"n":"Skyr Danone Citron 0%mg - 2x140g","p":2.36,"u":"8,43 €/KG","img":"https://fd13-photos.leclercdrive.fr/image.ashx?id=2851728&use=l&cat=p&typeid=i","cat":315000},{"id":209431,"n":"Skyr Danone Fraise 0%mg - 2x140g","p":2.18,"u":"7,79 €/KG","img":"https://fd13-photos.leclercdrive.fr/image.ashx?id=2755270&use=l&cat=p&typeid=i","cat":315000},{"id":209438,"n":"Crème dessert protéinée Hipro  Vanille 0%mg- 180g","p":1.66,"u":"9,22 €/KG","img":"https://fd13-photos.leclercdrive.fr/image.ashx?id=2800291&use=l&cat=p&typeid=i","cat":285041},{"id":209465,"n":"Sirop Teisseire Ice Tea Pêche Bidon - 60cl","p":3.3,"u":"5,50 €/L","img":"https://fd13-photos.leclercdrive.fr/image.ashx?id=2539710&use=l&cat=p&typeid=i","cat":295020},{"id":209491,"n":"Couscous moyen Ferrero sachet -500g","p":1.75,"u":"3,50 €/KG","img":"https://fd13-photos.leclercdrive.fr/image.ashx?id=2869561&use=l&cat=p&typeid=i","cat":284429},{"id":209494,"n":"Salade & Cie Sodebo Roma Jambon Speck - 320g","p":3.03,"u":"9,47 €/KG","img":"https://fd13-photos.leclercdrive.fr/image.ashx?id=2732413&use=l&cat=p&typeid=i","cat":333657},{"id":209495,"n":"Salade & Cie Sodebo Manhattan Poulet rôti - 320g","p":2.89,"u":"9,03 €/KG","img":"https://fd13-photos.leclercdrive.fr/image.ashx?id=2732407&use=l&cat=p&typeid=i","cat":333657},{"id":209496,"n":"Salade & Cie Sodebo Montmartre Jambon supérieur - 320g","p":3.09,"u":"9,66 €/KG","img":"https://fd13-photos.leclercdrive.fr/image.ashx?id=2868945&use=l&cat=p&typeid=i","cat":333657},{"id":209510,"n":"Chips nature Lay's Sel - 250g","p":2.26,"u":"9,04 €/KG","img":"https://fd13-photos.leclercdrive.fr/image.ashx?id=2995073&use=l&cat=p&typeid=i","cat":284447},{"id":209514,"n":"Chips Lay's Nature - 135g","p":1.29,"u":"9,56 €/KG","img":"https://fd13-photos.leclercdrive.fr/image.ashx?id=2994482&use=l&cat=p&typeid=i","cat":284447},{"id":209557,"n":"Litière chats Eco+ Minérale agglomérante - 5L","p":1.77,"img":"https://fd13-photos.leclercdrive.fr/image.ashx?id=2545479&use=l&cat=p&typeid=i","cat":284683},{"id":209591,"n":"Pains Pita La Boulangère x4  -320g","p":2.19,"u":"6,84 €/KG","img":"https://fd13-photos.leclercdrive.fr/image.ashx?id=2912311&use=l&cat=p&typeid=i","cat":284985},{"id":209597,"n":"Compote Allégée en sucres Eco+ Bocal pomme poire - 720g","p":1.13,"u":"1,57 €/KG","img":"https://fd13-photos.leclercdrive.fr/image.ashx?id=2953206&use=l&cat=p&typeid=i","cat":284508},{"id":209598,"n":"Compote Allégée en sucres Eco+ Bocal pomme banane - 720g","p":1.03,"u":"1,43 €/KG","img":"https://fd13-photos.leclercdrive.fr/image.ashx?id=2953209&use=l&cat=p&typeid=i","cat":284508},{"id":209599,"n":"Capsules café L'Or Espresso Lungo Profondo N°8 x50","p":15.98,"u":"61,46 €/KG","img":"https://fd13-photos.leclercdrive.fr/image.ashx?id=2540898&use=l&cat=p&typeid=i","cat":284749},{"id":209600,"n":"Capsules café L'Or Espresso Splendente N°7 x50","p":14.37,"u":"55,27 €/KG","img":"https://fd13-photos.leclercdrive.fr/image.ashx?id=3000477&use=l&cat=p&typeid=i","cat":284749},{"id":209601,"n":"Thé vert Lipton Menthe intense - x20 - 32g","p":1.61,"u":"50,31 €/KG","img":"https://fd13-photos.leclercdrive.fr/image.ashx?id=2540907&use=l&cat=p&typeid=i","cat":293233},{"id":209648,"n":"Briochettes pépites de chocolat Pasquier - 400g","p":2.93,"u":"7,33 €/KG","img":"https://fd13-photos.leclercdrive.fr/image.ashx?id=2541196&use=l&cat=p&typeid=i","cat":296366},{"id":209686,"n":"Thé vert Lipton Myrtille et mure - x20 - 32g","p":2.32,"u":"72,50 €/KG","img":"https://fd13-photos.leclercdrive.fr/image.ashx?id=2542816&use=l&cat=p&typeid=i","cat":293233},{"id":209688,"n":"Thé vert menthe Lipton Asie - x30s - 48g","p":2.68,"u":"55,83 €/KG","img":"https://fd13-photos.leclercdrive.fr/image.ashx?id=2542819&use=l&cat=p&typeid=i","cat":293233},{"id":209691,"n":"Thé vert Lipton x30s - 39g","p":2.63,"u":"67,44 €/KG","img":"https://fd13-photos.leclercdrive.fr/image.ashx?id=2542822&use=l&cat=p&typeid=i","cat":293233},{"id":209722,"n":"Dessert Glacé Viennetta Caramel beurre salé - 320g","p":2.07,"u":"6,47 €/KG","img":"https://fd13-photos.leclercdrive.fr/image.ashx?id=2802836&use=l&cat=p&typeid=i","cat":284266},{"id":209724,"n":"Dessert Glacé Viennetta Chocolat -  320g","p":2.59,"u":"8,09 €/KG","img":"https://fd13-photos.leclercdrive.fr/image.ashx?id=3009287&use=l&cat=p&typeid=i","cat":284266},{"id":209733,"n":"Dessert Glacé Viennetta Vanille -  320g","p":2.23,"u":"6,97 €/KG","img":"https://fd13-photos.leclercdrive.fr/image.ashx?id=3009182&use=l&cat=p&typeid=i","cat":284266},{"id":209739,"n":"Adoucissant concentré Soupline Hypoallergénique 64 lav. 1,35L","p":5.48,"u":"4,06 €/L","img":"https://fd13-photos.leclercdrive.fr/image.ashx?id=2831185&use=l&cat=p&typeid=i","cat":284650},{"id":209795,"n":"Mascara L'Oréal Paris  Telescopic Lift longueur","p":11.95,"img":"https://fd13-photos.leclercdrive.fr/image.ashx?id=2543969&use=l&cat=p&typeid=i","cat":287029},{"id":209801,"n":"Rasoirs jetables Wilkinson Xtreme 3 - Pure sensitive - x12","p":11.74,"u":"0,98 €/P","img":"https://fd13-photos.leclercdrive.fr/image.ashx?id=2861719&use=l&cat=p&typeid=i","cat":284616},{"id":209804,"n":"Rasoirs jetables Wilkinson Xtreme 3 Ultimate confort - x8","p":9.48,"img":"https://fd13-photos.leclercdrive.fr/image.ashx?id=2846478&use=l&cat=p&typeid=i","cat":284616},{"id":209806,"n":"Rasoirs Extra 3 Essentials Plastique recyclé - x8","p":5.21,"u":"0,65 €/P","img":"https://fd13-photos.leclercdrive.fr/image.ashx?id=2846481&use=l&cat=p&typeid=i","cat":284616},{"id":209843,"n":"Thé vert menthe Lipton x50 - 80g","p":4.35,"u":"54,38 €/KG","img":"https://fd13-photos.leclercdrive.fr/image.ashx?id=2544629&use=l&cat=p&typeid=i","cat":293233},{"id":209850,"n":"Thé vert Lipton  Classique Asie  - x50 - 65g","p":4.48,"u":"68,92 €/KG","img":"https://fd13-photos.leclercdrive.fr/image.ashx?id=2544632&use=l&cat=p&typeid=i","cat":293233},{"id":209854,"n":"Thé vert citron Lipton Asie - x30 - 48g","p":2.61,"u":"54,38 €/KG","img":"https://fd13-photos.leclercdrive.fr/image.ashx?id=2544635&use=l&cat=p&typeid=i","cat":293233},{"id":209855,"n":"Thé vert Tchae menthe x20 - 40g","p":2.76,"u":"69,00 €/KG","img":"https://fd13-photos.leclercdrive.fr/image.ashx?id=2544638&use=l&cat=p&typeid=i","cat":293233},{"id":209856,"n":"Thé vert Tchaé orient  Lipton  x20 - 35g","p":2.58,"u":"73,71 €/KG","img":"https://fd13-photos.leclercdrive.fr/image.ashx?id=2544641&use=l&cat=p&typeid=i","cat":293233},{"id":209857,"n":"Thé vert Lipton Pamplemousse Mandarine x20 32g","p":2.49,"u":"77,81 €/KG","img":"https://fd13-photos.leclercdrive.fr/image.ashx?id=2544623&use=l&cat=p&typeid=i","cat":293233},{"id":209859,"n":"Déboucheur Liquide Destop  4 doses - 950ml","p":3.37,"u":"3,55 €/L","img":"https://fd13-photos.leclercdrive.fr/image.ashx?id=2832161&use=l&cat=p&typeid=i","cat":284908},{"id":209860,"n":"Déboucheur Gel Destop  Express - 4 doses - 950ml","p":2.85,"u":"3,00 €/L","img":"https://fd13-photos.leclercdrive.fr/image.ashx?id=2832164&use=l&cat=p&typeid=i","cat":284908},{"id":209862,"n":"Thé vert Lipton Mangue abricot - x20 32g","p":2.47,"u":"77,19 €/KG","img":"https://fd13-photos.leclercdrive.fr/image.ashx?id=2544626&use=l&cat=p&typeid=i","cat":293233},{"id":209863,"n":"Gel anti-calcaire Calgon  4 en 1 - 750ml","p":4.69,"u":"6,25 €/L","img":"https://fd13-photos.leclercdrive.fr/image.ashx?id=2963475&use=l&cat=p&typeid=i","cat":284653},{"id":209865,"n":"Gel anti-calcaire Calgon  4 en 1 - 2,25L","p":13.85,"u":"6,16 €/L","img":"https://fd13-photos.leclercdrive.fr/image.ashx?id=2953932&use=l&cat=p&typeid=i","cat":284653},{"id":209866,"n":"Infusion Elephant  Pêche Abricot - x20 38g","p":2.68,"u":"70,53 €/KG","img":"https://fd13-photos.leclercdrive.fr/image.ashx?id=2544617&use=l&cat=p&typeid=i","cat":293234},{"id":209867,"n":"AIRWICK Recharge diffuseur Fres hmatic Purefresh Agrumes 250ml","p":3.96,"u":"15,84 €/L","img":"https://fd13-photos.leclercdrive.fr/image.ashx?id=2963478&use=l&cat=p&typeid=i","cat":311629},{"id":209868,"n":"AIRWICK Recharge Freshmatic Vanille et Caramel - 250ml","p":3.7,"u":"14,80 €/L","img":"https://fd13-photos.leclercdrive.fr/image.ashx?id=2896348&use=l&cat=p&typeid=i","cat":311629},{"id":209869,"n":"Infusion Elephant Pomme cannelle - 36g","p":1.95,"u":"54,17 €/KG","img":"https://fd13-photos.leclercdrive.fr/image.ashx?id=2544614&use=l&cat=p&typeid=i","cat":293234},{"id":209872,"n":"Infusion Elephant  Pamplemousse Mandarine x20 38g","p":2.83,"u":"74,47 €/KG","img":"https://fd13-photos.leclercdrive.fr/image.ashx?id=2544620&use=l&cat=p&typeid=i","cat":293234},{"id":209875,"n":"Gel WC 100% Détartrant Harpic 5 min Chrono - 750ml","p":1.45,"u":"1,93 €/L","img":"https://fd13-photos.leclercdrive.fr/image.ashx?id=2864687&use=l&cat=p&typeid=i","cat":284662},{"id":209876,"n":"Infusion mangue passion  x20 - 36g","p":2.69,"u":"74,72 €/KG","img":"https://fd13-photos.leclercdrive.fr/image.ashx?id=2544611&use=l&cat=p&typeid=i","cat":293234},{"id":209877,"n":"Aérosol Fabulon  Pressing express - 400ml","p":3.68,"u":"9,20 €/L","img":"https://fd13-photos.leclercdrive.fr/image.ashx?id=2544410&use=l&cat=p&typeid=i","cat":284652},{"id":209878,"n":"Spray vitres Ajax Triple action - 750ml","p":2.01,"u":"2,68 €/L","img":"https://fd13-photos.leclercdrive.fr/image.ashx?id=2544581&use=l&cat=p&typeid=i","cat":325363},{"id":209889,"n":"Capsules lave-vaisselle Finish  Quantum Citron - x33","p":7.48,"u":"21,81 €/KG","img":"https://fd13-photos.leclercdrive.fr/image.ashx?id=2749551&use=l&cat=p&typeid=i","cat":284656},{"id":209891,"n":"Nettoyant lave-vaisselle Finish  Intégral Anti-Odeurs - 250ml","p":3.19,"u":"12,76 €/L","img":"https://fd13-photos.leclercdrive.fr/image.ashx?id=2659735&use=l&cat=p&typeid=i","cat":284657},{"id":209893,"n":"Détachant poudre Vanish  940g","p":9.93,"u":"10,56 €/KG","img":"https://fd13-photos.leclercdrive.fr/image.ashx?id=2680308&use=l&cat=p&typeid=i","cat":284651},{"id":209894,"n":"Adoucissant concentré Soupline  Lavande 60 lavages 1,35 L","p":5.69,"u":"4,21 €/L","img":"https://fd13-photos.leclercdrive.fr/image.ashx?id=2912716&use=l&cat=p&typeid=i","cat":284650},{"id":209896,"n":"Beurre gastronomique Président Doux - 82% MG - 500g","p":5.44,"u":"10,88 €/KG","img":"https://fd13-photos.leclercdrive.fr/image.ashx?id=2740556&use=l&cat=p&typeid=i","cat":284379},{"id":209902,"n":"Nettoyant lave linge protection complète Dr Beckmann 50cl","p":5.25,"u":"10,50 €/L","img":"https://fd13-photos.leclercdrive.fr/image.ashx?id=2897291&use=l&cat=p&typeid=i","cat":284653},{"id":209912,"n":"Yaourt Bifidus Activia Saveur vanille coco - 16x125g","p":4.51,"u":"2,26 €/KG","img":"https://fd13-photos.leclercdrive.fr/image.ashx?id=2748197&use=l&cat=p&typeid=i","cat":286006},{"id":209941,"n":"Bavette d'Aloyau *** limousine L'atelier Boucherie - 120G","p":5.99,"u":"49,92 €/KG","img":"https://fd13-photos.leclercdrive.fr/image.ashx?id=2546905&use=l&cat=p&typeid=i","cat":284328},{"id":209993,"n":"Démaquillant Yeux Nivea Sensibles Doux - 125 ml","p":2.82,"u":"22,56 €/L","img":"https://fd13-photos.leclercdrive.fr/image.ashx?id=2953941&use=l&cat=p&typeid=i","cat":284603},{"id":209996,"n":"Détachant Gel Vanish  750ml","p":5.39,"u":"7,19 €/L","img":"https://fd13-photos.leclercdrive.fr/image.ashx?id=2878108&use=l&cat=p&typeid=i","cat":284651},{"id":210011,"n":"Détachant poudre Vanish  Blanc - 940g","p":9.93,"u":"10,56 €/KG","img":"https://fd13-photos.leclercdrive.fr/image.ashx?id=2680311&use=l&cat=p&typeid=i","cat":284651},{"id":210012,"n":"Adoucissant concentré Soupline Moments magiques - x52 - 1.2L","p":5.34,"u":"4,45 €/L","img":"https://fd13-photos.leclercdrive.fr/image.ashx?id=2545207&use=l&cat=p&typeid=i","cat":284650},{"id":210014,"n":"Adoucissant concentré Soupline Soin expert - x52 - 1.2L","p":5.93,"u":"4,94 €/L","img":"https://fd13-photos.leclercdrive.fr/image.ashx?id=2545210&use=l&cat=p&typeid=i","cat":284650},{"id":210015,"n":"Nettoyant ménager La Croix Spray - Ultra cuisine - 500ml","p":1.83,"u":"3,66 €/L","img":"https://fd13-photos.leclercdrive.fr/image.ashx?id=2545216&use=l&cat=p&typeid=i","cat":325357},{"id":210017,"n":"Mascara Maybelline Falsies Surreal Noir","p":8.8,"img":"https://fd13-photos.leclercdrive.fr/image.ashx?id=2545099&use=l&cat=p&typeid=i","cat":287029},{"id":210024,"n":"Lingettes désinfectantes St  Marc Soleil de Corse - x80","p":2.58,"u":"0,03 €/P","img":"https://fd13-photos.leclercdrive.fr/image.ashx?id=2757440&use=l&cat=p&typeid=i","cat":325358},{"id":210047,"n":"Gel douche Sanex Natural Prebiotic - Enfants - 425m","p":4.19,"u":"9,86 €/L","img":"https://fd13-photos.leclercdrive.fr/image.ashx?id=2545219&use=l&cat=p&typeid=i","cat":284594},{"id":210052,"n":"Pop up Smarties 4x52g","p":3.76,"u":"18,08 €/KG","img":"https://fd13-photos.leclercdrive.fr/image.ashx?id=2557734&use=l&cat=p&typeid=i","cat":285250},{"id":210067,"n":"Riz Lustucru 900g","p":2.49,"u":"2,77 €/KG","img":"https://fd13-photos.leclercdrive.fr/image.ashx?id=2963742&use=l&cat=p&typeid=i","cat":284428},{"id":210069,"n":"Lait Démaquillant apaisant Mixa Peaux sensibles - 200ml","p":3.24,"u":"16,20 €/L","img":"https://fd13-photos.leclercdrive.fr/image.ashx?id=2546632&use=l&cat=p&typeid=i","cat":284603},{"id":210071,"n":"Eyeliner feutre Maybelline Ink Pen ultra-pigmenté","p":9.16,"img":"https://fd13-photos.leclercdrive.fr/image.ashx?id=2546629&use=l&cat=p&typeid=i","cat":287029},{"id":210075,"n":"Lait de Brushing Dessange Thermo-protecteur 230°C - 125ml","p":7.75,"u":"62,00 €/L","img":"https://fd13-photos.leclercdrive.fr/image.ashx?id=2870695&use=l&cat=p&typeid=i","cat":284608},{"id":210120,"n":"Thé glacé Lipton Ice Tea Pastèque menthe - 1.25L","p":1.68,"u":"1,34 €/L","img":"https://fd13-photos.leclercdrive.fr/image.ashx?id=2731591&use=l&cat=p&typeid=i","cat":295019},{"id":210123,"n":"Gel douche Sanex Dermoprotection - 400ml","p":3.07,"u":"7,68 €/L","img":"https://fd13-photos.leclercdrive.fr/image.ashx?id=2757851&use=l&cat=p&typeid=i","cat":284594},{"id":210208,"n":"Brossettes Oral-B Pro Sensitive Clean - x4","p":20.37,"u":"5,09 €/P","img":"https://fd13-photos.leclercdrive.fr/image.ashx?id=2737552&use=l&cat=p&typeid=i","cat":297133},{"id":210214,"n":"Farine multi-usages Chaque jour sans gluten - 1kg","p":4.93,"u":"4,93 €/KG","img":"https://fd13-photos.leclercdrive.fr/image.ashx?id=2872460&use=l&cat=p&typeid=i","cat":284503},{"id":210221,"n":"Pain aux céréales  Chaque jour sans gluten - 300g","p":2.96,"u":"9,87 €/KG","img":"https://fd13-photos.leclercdrive.fr/image.ashx?id=2545708&use=l&cat=p&typeid=i","cat":284477},{"id":210254,"n":"Brossettes Oral-B Pro Cross Action - x4","p":20.98,"img":"https://fd13-photos.leclercdrive.fr/image.ashx?id=2743643&use=l&cat=p&typeid=i","cat":297133},{"id":210321,"n":"Bonbons Tic Tac  Menthe - x200 - 98g","p":3.95,"u":"40,31 €/KG","img":"https://fd13-photos.leclercdrive.fr/image.ashx?id=2674231&use=l&cat=p&typeid=i","cat":304256},{"id":210520,"n":"Smarties Fun Cônes x6 -  234g","p":3.59,"u":"15,34 €/KG","img":"https://fd13-photos.leclercdrive.fr/image.ashx?id=2557737&use=l&cat=p&typeid=i","cat":285250},{"id":210611,"n":"Pomelos à jus  Panier du Primeur Sachet 1.5kg","p":3.49,"u":"2,33 €/KG","img":"https://fd13-photos.leclercdrive.fr/image.ashx?id=2994713&use=l&cat=p&typeid=i","cat":284356},{"id":210703,"n":"Terrine Tous mes amis Volaille carottes - 1.2kg","p":1.95,"u":"1,63 €/KG","img":"https://fd13-photos.leclercdrive.fr/image.ashx?id=2815758&use=l&cat=p&typeid=i","cat":288578},{"id":210705,"n":"Dragées chocolatées M&M's Cacahuètes - 250g","p":3.08,"u":"12,32 €/KG","img":"https://fd13-photos.leclercdrive.fr/image.ashx?id=3003393&use=l&cat=p&typeid=i","cat":304238},{"id":210717,"n":"Boulettes de boeuf Eco+ 1.2kg","p":1.53,"img":"https://fd13-photos.leclercdrive.fr/image.ashx?id=2815740&use=l&cat=p&typeid=i","cat":288578},{"id":210727,"n":"Poivre noir Ducros Bresil - 32g","p":2.95,"u":"92,19 €/KG","img":"https://fd13-photos.leclercdrive.fr/image.ashx?id=2552580&use=l&cat=p&typeid=i","cat":284457},{"id":210728,"n":"Sirop de glucose 250g","p":3.56,"u":"14,24 €/KG","img":"https://fd13-photos.leclercdrive.fr/image.ashx?id=2876308&use=l&cat=p&typeid=i","cat":284504},{"id":210803,"n":"Adoucissant Hyperdou Douceur de pêche - 1.9L - x27","p":2.42,"u":"1,27 €/L","img":"https://fd13-photos.leclercdrive.fr/image.ashx?id=2603015&use=l&cat=p&typeid=i","cat":284650},{"id":210806,"n":"Adoucissant Hyperdou Senstive - 1.9L - x27","p":2.38,"u":"1,25 €/L","img":"https://fd13-photos.leclercdrive.fr/image.ashx?id=2603024&use=l&cat=p&typeid=i","cat":284650},{"id":210821,"n":"Pommes rissolées Findus 590g","p":2.27,"u":"3,85 €/KG","img":"https://fd13-photos.leclercdrive.fr/image.ashx?id=2790099&use=l&cat=p&typeid=i","cat":319792},{"id":210823,"n":"Pommes noisette Findus 500g","p":2.21,"u":"4,42 €/KG","img":"https://fd13-photos.leclercdrive.fr/image.ashx?id=2865866&use=l&cat=p&typeid=i","cat":319792},{"id":210824,"n":"Pommes noisette Findus 900g","p":3.63,"u":"4,03 €/KG","img":"https://fd13-photos.leclercdrive.fr/image.ashx?id=2899500&use=l&cat=p&typeid=i","cat":319792},{"id":210946,"n":"Margarine Planta Fin  Demi-sel 100% végétal - 450g","p":2.57,"u":"5,71 €/KG","img":"https://fd13-photos.leclercdrive.fr/image.ashx?id=2989474&use=l&cat=p&typeid=i","cat":315229},{"id":210948,"n":"Margarine Planta Fin Doux 100% végétal - 450g","p":2.49,"u":"5,53 €/KG","img":"https://fd13-photos.leclercdrive.fr/image.ashx?id=2989477&use=l&cat=p&typeid=i","cat":315229},{"id":210951,"n":"Mousse au chocolat Eco+ 4x60g","p":0.84,"u":"3,50 €/KG","img":"https://fd13-photos.leclercdrive.fr/image.ashx?id=2552493&use=l&cat=p&typeid=i","cat":284417},{"id":210960,"n":"Bouchées Tous les Amis 1.2kg","p":2.15,"u":"1,79 €/KG","img":"https://fd13-photos.leclercdrive.fr/image.ashx?id=2815767&use=l&cat=p&typeid=i","cat":288578},{"id":210962,"n":"Emincés en sauce Tous les Amis Assortiment - 6x400g","p":5.28,"u":"2,20 €/KG","img":"https://fd13-photos.leclercdrive.fr/image.ashx?id=2815761&use=l&cat=p&typeid=i","cat":285601},{"id":210963,"n":"Boulettes de bœuf Eco+ 400g","p":0.66,"u":"1,65 €/KG","img":"https://fd13-photos.leclercdrive.fr/image.ashx?id=2815731&use=l&cat=p&typeid=i","cat":285601},{"id":210964,"n":"Cœurs en sucre Vahiné 20g","p":2.45,"u":"122,50 €/KG","img":"https://fd13-photos.leclercdrive.fr/image.ashx?id=2890875&use=l&cat=p&typeid=i","cat":284504},{"id":211041,"n":"Fromage à tartiner Kiri Délicieusement fouetté - 210g","p":3.27,"u":"15,57 €/KG","img":"https://fd13-photos.leclercdrive.fr/image.ashx?id=2686594&use=l&cat=p&typeid=i","cat":314029},{"id":211044,"n":"Gel Toilette Intime Extra Doux Intima Natural Hamamélis 500ml","p":6.6,"u":"13,20 €/L","img":"https://fd13-photos.leclercdrive.fr/image.ashx?id=2959877&use=l&cat=p&typeid=i","cat":284627},{"id":211054,"n":"Croûtons Tipiak Nature - 75g","p":1.05,"u":"14,00 €/KG","img":"https://fd13-photos.leclercdrive.fr/image.ashx?id=2812726&use=l&cat=p&typeid=i","cat":284464},{"id":211079,"n":"Terrine Tous Mes Amis 3x1.2kg","p":5.85,"u":"1,63 €/KG","img":"https://fd13-photos.leclercdrive.fr/image.ashx?id=2815770&use=l&cat=p&typeid=i","cat":288578},{"id":211084,"n":"Apéritif Apérol 12.5° - 1.5L","p":22.55,"u":"15,03 €/L","img":"https://fd13-photos.leclercdrive.fr/image.ashx?id=2554463&use=l&cat=p&typeid=i","cat":286032},{"id":211085,"n":"Thé glacé Lipton Ice Tea pêche Le lot de 4x1.25L","p":5.83,"u":"1,17 €/L","img":"https://fd13-photos.leclercdrive.fr/image.ashx?id=2554133&use=l&cat=p&typeid=i","cat":295019},{"id":211089,"n":"Pâte à sucre rose Vahiné  250g","p":2.87,"u":"11,48 €/KG","img":"https://fd13-photos.leclercdrive.fr/image.ashx?id=2554154&use=l&cat=p&typeid=i","cat":284504},{"id":211091,"n":"Porto blanc Eco+ 18% vol - 75cl","p":5.87,"u":"7,83 €/L","img":"https://fd13-photos.leclercdrive.fr/image.ashx?id=2869850&use=l&cat=p&typeid=i","cat":284913},{"id":211095,"n":"Dessert végétal Alpro Fraise - 500g","p":1.99,"u":"3,98 €/KG","img":"https://fd13-photos.leclercdrive.fr/image.ashx?id=2976071&use=l&cat=p&typeid=i","cat":316071},{"id":211096,"n":"Ciboulette Ducros 11g","p":2.5,"u":"227,27 €/KG","img":"https://fd13-photos.leclercdrive.fr/image.ashx?id=2554115&use=l&cat=p&typeid=i","cat":298297},{"id":211098,"n":"Emincée Tous Mes Amis Poissons - 4x400g","p":4.02,"u":"2,51 €/KG","img":"https://fd13-photos.leclercdrive.fr/image.ashx?id=2815764&use=l&cat=p&typeid=i","cat":285601},{"id":211114,"n":"Bigarreaux confits Vahiné Provence - 150g","p":3.02,"u":"20,13 €/KG","img":"https://fd13-photos.leclercdrive.fr/image.ashx?id=2554136&use=l&cat=p&typeid=i","cat":284504},{"id":211117,"n":"Paprika fumé Ducros 40g","p":2.23,"u":"55,75 €/KG","img":"https://fd13-photos.leclercdrive.fr/image.ashx?id=2559484&use=l&cat=p&typeid=i","cat":298297},{"id":211122,"n":"Curry Ducros 100g","p":2.66,"u":"26,60 €/KG","img":"https://fd13-photos.leclercdrive.fr/image.ashx?id=2554118&use=l&cat=p&typeid=i","cat":298297},{"id":211123,"n":"Paprika doux Ducros 100g","p":3.03,"u":"30,30 €/KG","img":"https://fd13-photos.leclercdrive.fr/image.ashx?id=2554121&use=l&cat=p&typeid=i","cat":298297},{"id":211125,"n":"Curry Ducros 47g","p":1.95,"u":"41,49 €/KG","img":"https://fd13-photos.leclercdrive.fr/image.ashx?id=2559496&use=l&cat=p&typeid=i","cat":298297},{"id":211127,"n":"Pignons de pin Vahiné  150g","p":9.71,"u":"64,73 €/KG","img":"https://fd13-photos.leclercdrive.fr/image.ashx?id=2554142&use=l&cat=p&typeid=i","cat":284357},{"id":211128,"n":"Cerneaux de noix 50g","p":3.2,"u":"64,00 €/KG","img":"https://fd13-photos.leclercdrive.fr/image.ashx?id=2554148&use=l&cat=p&typeid=i","cat":284357},{"id":211178,"n":"Papier cuisson Alfapac Rouleau 12m","p":2.72,"img":"https://fd13-photos.leclercdrive.fr/image.ashx?id=2887737&use=l&cat=p&typeid=i","cat":334134},{"id":211221,"n":"Huile d'olive AOP Melfor Terra Creta 75cl","p":11.39,"u":"15,19 €/L","img":"https://fd13-photos.leclercdrive.fr/image.ashx?id=2902304&use=l&cat=p&typeid=i","cat":284453},{"id":211223,"n":"Piment d'Espelette Ducros et origan - 25g","p":9.49,"u":"379,60 €/KG","img":"https://fd13-photos.leclercdrive.fr/image.ashx?id=2555340&use=l&cat=p&typeid=i","cat":298297},{"id":211225,"n":"Poivre blanc Ducros Grains 100g","p":4.46,"u":"44,60 €/KG","img":"https://fd13-photos.leclercdrive.fr/image.ashx?id=2555334&use=l&cat=p&typeid=i","cat":284457},{"id":211228,"n":"Pralines concassées Vahiné 100g","p":2.75,"u":"27,50 €/KG","img":"https://fd13-photos.leclercdrive.fr/image.ashx?id=2569434&use=l&cat=p&typeid=i","cat":284504},{"id":211300,"n":"Chips ancienne nature Lay's Sel maxi format  - 365g","p":2.96,"u":"8,11 €/KG","img":"https://fd13-photos.leclercdrive.fr/image.ashx?id=2996602&use=l&cat=p&typeid=i","cat":284447},{"id":211302,"n":"Chips paysanne nature Lay's Sel maxi format  - 365g","p":3.29,"u":"9,01 €/KG","img":"https://fd13-photos.leclercdrive.fr/image.ashx?id=2818605&use=l&cat=p&typeid=i","cat":284447},{"id":211320,"n":"Sirop Oasis Grenadine - 75cl","p":2.88,"u":"3,84 €/L","img":"https://fd13-photos.leclercdrive.fr/image.ashx?id=2555418&use=l&cat=p&typeid=i","cat":295020},{"id":211398,"n":"Amandes  Tokapi 200g","p":2.78,"u":"13,90 €/KG","img":"https://fd13-photos.leclercdrive.fr/image.ashx?id=2793326&use=l&cat=p&typeid=i","cat":284448},{"id":211402,"n":"Melange non salé Tokapi 150g","p":2.3,"u":"15,33 €/KG","img":"https://fd13-photos.leclercdrive.fr/image.ashx?id=2793323&use=l&cat=p&typeid=i","cat":284448},{"id":211412,"n":"Gommes acacia Confiseo Citron miel - 250g","p":1.89,"u":"7,56 €/KG","img":"https://fd13-photos.leclercdrive.fr/image.ashx?id=2934772&use=l&cat=p&typeid=i","cat":304250},{"id":211413,"n":"Céréales Kit Kat 330g","p":3.7,"u":"11,21 €/KG","img":"https://fd13-photos.leclercdrive.fr/image.ashx?id=2989453&use=l&cat=p&typeid=i","cat":309513},{"id":211414,"n":"Céréales Miel Pops Kellogg's 330g","p":2.27,"u":"6,88 €/KG","img":"https://fd13-photos.leclercdrive.fr/image.ashx?id=3003423&use=l&cat=p&typeid=i","cat":309513},{"id":211415,"n":"Poules aux vermicelles Maggi 3x59g","p":1.36,"u":"7,68 €/KG","img":"https://fd13-photos.leclercdrive.fr/image.ashx?id=2556345&use=l&cat=p&typeid=i","cat":284463},{"id":211428,"n":"Céréales Special K Kellogg's Nature - 500g","p":3.1,"u":"6,20 €/KG","img":"https://fd13-photos.leclercdrive.fr/image.ashx?id=2583996&use=l&cat=p&typeid=i","cat":309512},{"id":211431,"n":"Oignon Ducros 9g","p":2.66,"u":"295,56 €/KG","img":"https://fd13-photos.leclercdrive.fr/image.ashx?id=2557332&use=l&cat=p&typeid=i","cat":298297},{"id":211432,"n":"Court bouillon Maggi Legumes et vin blanc 150g","p":1.53,"u":"10,20 €/KG","img":"https://fd13-photos.leclercdrive.fr/image.ashx?id=2557740&use=l&cat=p&typeid=i","cat":288379},{"id":211436,"n":"Weetabix crispy  Minis choco - 500g","p":3.9,"u":"7,80 €/KG","img":"https://fd13-photos.leclercdrive.fr/image.ashx?id=2971311&use=l&cat=p&typeid=i","cat":309512},{"id":211437,"n":"Céréales Kellogg's Rice Krispies - 360g","p":2.85,"u":"7,92 €/KG","img":"https://fd13-photos.leclercdrive.fr/image.ashx?id=3003420&use=l&cat=p&typeid=i","cat":309513},{"id":211470,"n":"Dentifrice Signal Professionnel Action Sensibilité Complet 75ml","p":3.0,"u":"40,00 €/L","img":"https://fd13-photos.leclercdrive.fr/image.ashx?id=2961326&use=l&cat=p&typeid=i","cat":284612},{"id":211481,"n":"Biscottes Pasquier Sans sel et sucre ajoutés - 300","p":1.89,"u":"6,30 €/KG","img":"https://fd13-photos.leclercdrive.fr/image.ashx?id=2899407&use=l&cat=p&typeid=i","cat":284479},{"id":211512,"n":"Dentifrice Blancheur Signal White Now Original 75ml","p":2.41,"u":"32,13 €/L","img":"https://fd13-photos.leclercdrive.fr/image.ashx?id=2832590&use=l&cat=p&typeid=i","cat":284612},{"id":211514,"n":"Déodorant bille Rexona Men Cobalt 72h - 50ml","p":3.17,"u":"63,40 €/L","img":"https://fd13-photos.leclercdrive.fr/image.ashx?id=2849662&use=l&cat=p&typeid=i","cat":284618},{"id":211520,"n":"Dentifrice Signal Professionnel Sensibilité Gencives 75ml","p":3.11,"u":"41,47 €/L","img":"https://fd13-photos.leclercdrive.fr/image.ashx?id=2961329&use=l&cat=p&typeid=i","cat":284612},{"id":211522,"n":"Dentifrice Signal Professionnel Sensibilité Blancheur 75ml","p":3.0,"u":"40,00 €/L","img":"https://fd13-photos.leclercdrive.fr/image.ashx?id=2961332&use=l&cat=p&typeid=i","cat":284612},{"id":211525,"n":"Lessive tablettes Persil Bouquet de Provence - x32","p":5.39,"u":"5,61 €/KG","img":"https://fd13-photos.leclercdrive.fr/image.ashx?id=2557809&use=l&cat=p&typeid=i","cat":284641},{"id":211537,"n":"Céréales Miel Pops Loops Kellogg's 330g","p":2.47,"u":"7,48 €/KG","img":"https://fd13-photos.leclercdrive.fr/image.ashx?id=2561353&use=l&cat=p&typeid=i","cat":309513},{"id":211547,"n":"Adoucissant Cajoline Rose & Lilas blanc - 1.035L x45","p":4.95,"u":"4,78 €/L","img":"https://fd13-photos.leclercdrive.fr/image.ashx?id=2960273&use=l&cat=p&typeid=i","cat":284650},{"id":211549,"n":"Déodorant bille homme Axe Blue lavender - 50ml","p":4.5,"u":"90,00 €/L","img":"https://fd13-photos.leclercdrive.fr/image.ashx?id=2850826&use=l&cat=p&typeid=i","cat":284618},{"id":211550,"n":"Sel Regénérant Sun Lave Vaisselle Standard 1Kg","p":1.08,"u":"1,08 €/KG","img":"https://fd13-photos.leclercdrive.fr/image.ashx?id=2729434&use=l&cat=p&typeid=i","cat":284657},{"id":211551,"n":"Déodorant bille homme Axe Aqua bergamot - 50ml","p":4.68,"u":"93,60 €/L","img":"https://fd13-photos.leclercdrive.fr/image.ashx?id=2850829&use=l&cat=p&typeid=i","cat":284618},{"id":211555,"n":"Sun Capsules Lave-Vaisselle Tout en 1 Absolu Brillance x28","p":7.9,"u":"18,81 €/KG","img":"https://fd13-photos.leclercdrive.fr/image.ashx?id=2961350&use=l&cat=p&typeid=i","cat":284656},{"id":211556,"n":"Sun Capsules Lave-Vaisselle Tout en1 Absolu Dégraissant x28","p":7.9,"u":"18,81 €/KG","img":"https://fd13-photos.leclercdrive.fr/image.ashx?id=2961353&use=l&cat=p&typeid=i","cat":284656},{"id":211561,"n":"Déodorant Spray Dove Anti- Transpirant Invisible Dry 100ml","p":3.14,"u":"31,40 €/L","img":"https://fd13-photos.leclercdrive.fr/image.ashx?id=2905711&use=l&cat=p&typeid=i","cat":284595},{"id":211562,"n":"Déodorant Spray Compressé Dove Anti-Transpirant Original 100ml","p":3.17,"u":"31,70 €/L","img":"https://fd13-photos.leclercdrive.fr/image.ashx?id=2793098&use=l&cat=p&typeid=i","cat":284595},{"id":211563,"n":"Déodorant Spray Dove Anti- Transpirant Invisible Dry 200ml","p":2.99,"u":"14,95 €/L","img":"https://fd13-photos.leclercdrive.fr/image.ashx?id=2877244&use=l&cat=p&typeid=i","cat":284595},{"id":211564,"n":"Adoucissant concentré Soupline Coco fleurs blanches - 1.28L","p":5.73,"u":"4,48 €/L","img":"https://fd13-photos.leclercdrive.fr/image.ashx?id=2832566&use=l&cat=p&typeid=i","cat":284650},{"id":211573,"n":"Déodorant Spray Dove Anti- Transpirant Original 200ml","p":3.3,"u":"16,50 €/L","img":"https://fd13-photos.leclercdrive.fr/image.ashx?id=2878486&use=l&cat=p&typeid=i","cat":284595},{"id":211578,"n":"Déodorant bille Rexona Invisible aqua 72h - 50ml","p":3.31,"u":"66,20 €/L","img":"https://fd13-photos.leclercdrive.fr/image.ashx?id=2849674&use=l&cat=p&typeid=i","cat":284595},{"id":211628,"n":"Arrangé Isautier Mangue 37%vol - 50cl","p":16.15,"u":"32,30 €/L","img":"https://fd13-photos.leclercdrive.fr/image.ashx?id=2741469&use=l&cat=p&typeid=i","cat":284551},{"id":211631,"n":"Desserts Lactés P'TIT BRASSE   Abricot vanille -6m+ - 4x90g","p":2.04,"u":"5,67 €/KG","img":"https://fd13-photos.leclercdrive.fr/image.ashx?id=2600072&use=l&cat=p&typeid=i","cat":312392},{"id":211632,"n":"Desserts Lactés P'TIT ONCTUEUX Nature 6M+ - 8x90g","p":4.07,"u":"5,65 €/KG","img":"https://fd13-photos.leclercdrive.fr/image.ashx?id=2559161&use=l&cat=p&typeid=i","cat":312392},{"id":211633,"n":"Ravioli Lustucru Carbonara - 300g","p":2.62,"u":"8,73 €/KG","img":"https://fd13-photos.leclercdrive.fr/image.ashx?id=2975215&use=l&cat=p&typeid=i","cat":333682},{"id":211634,"n":"Ravioli Lustucru  Chèvre épinard - 250g","p":2.33,"u":"9,32 €/KG","img":"https://fd13-photos.leclercdrive.fr/image.ashx?id=2974357&use=l&cat=p&typeid=i","cat":333682},{"id":211723,"n":"Gel douche Adidas Active Skin & Mind- Deep Care - 250ml","p":2.71,"u":"10,84 €/L","img":"https://fd13-photos.leclercdrive.fr/image.ashx?id=2990778&use=l&cat=p&typeid=i","cat":284594},{"id":211808,"n":"Olives Noires Confites Tramier  Dénoyautées 150g","p":1.6,"u":"10,67 €/KG","img":"https://fd13-photos.leclercdrive.fr/image.ashx?id=2840829&use=l&cat=p&typeid=i","cat":284450},{"id":211827,"n":"Céréales bébé BABIVANILLE Vanille 10M+ - 400g","p":3.14,"u":"7,85 €/KG","img":"https://fd13-photos.leclercdrive.fr/image.ashx?id=2562651&use=l&cat=p&typeid=i","cat":312225},{"id":211844,"n":"Pur jus Tropicana Orange sans pulpe - 4x1,5L","p":13.5,"pp":11.67,"u":"1,94 €/L","img":"https://fd13-photos.leclercdrive.fr/image.ashx?id=2562546&use=l&cat=p&typeid=i","cat":284521},{"id":211864,"n":"Nouilles de blé Tien Shan Canard - 2x85g+85g offerts","p":1.7,"u":"6,67 €/KG","img":"https://fd13-photos.leclercdrive.fr/image.ashx?id=2562435&use=l&cat=p&typeid=i","cat":288992},{"id":211865,"n":"Nouilles de blé Tien Shan Crevette - 2x85g+85g offerts","p":1.7,"u":"6,67 €/KG","img":"https://fd13-photos.leclercdrive.fr/image.ashx?id=2562438&use=l&cat=p&typeid=i","cat":288992},{"id":212107,"n":"Brosse à dents Colgate Extra-clean médium - x4","p":1.83,"u":"0,46 €/P","img":"https://fd13-photos.leclercdrive.fr/image.ashx?id=2564309&use=l&cat=p&typeid=i","cat":284614},{"id":212112,"n":"Céréales Frosties Kellogg's  330g","p":2.32,"u":"7,03 €/KG","img":"https://fd13-photos.leclercdrive.fr/image.ashx?id=2565362&use=l&cat=p&typeid=i","cat":309513},{"id":212248,"n":"Crème glacée La Laitière Chocolat avec copeaux - 490g","p":3.24,"pp":2.27,"u":"4,63 €/KG","img":"https://fd13-photos.leclercdrive.fr/image.ashx?id=3000012&use=l&cat=p&typeid=i","cat":284263},{"id":212383,"n":"Barres de céréales Spécial K Protein Coco cacao cajou -4x28g","p":2.89,"u":"25,80 €/KG","img":"https://fd13-photos.leclercdrive.fr/image.ashx?id=3011809&use=l&cat=p&typeid=i","cat":300032},{"id":212463,"n":"Gel douche Le Petit Marseillais Homme - Orange/Argan - 250ml","p":1.83,"u":"7,32 €/L","img":"https://fd13-photos.leclercdrive.fr/image.ashx?id=2684554&use=l&cat=p&typeid=i","cat":284619},{"id":212465,"n":"Protège-slip Confort Vania Coton Bio - x30","p":2.84,"img":"https://fd13-photos.leclercdrive.fr/image.ashx?id=2735215&use=l&cat=p&typeid=i","cat":284625},{"id":212466,"n":"Protège-slip Protection Vania Long voile Bio - x24","p":3.58,"img":"https://fd13-photos.leclercdrive.fr/image.ashx?id=2735218&use=l&cat=p&typeid=i","cat":284625},{"id":212467,"n":"Protège-slip Protection Vania Large Fresh - x36","p":3.28,"img":"https://fd13-photos.leclercdrive.fr/image.ashx?id=2735233&use=l&cat=p&typeid=i","cat":284625},{"id":212468,"n":"Protège-slips Confort Vania Aloe vera - x56","p":2.32,"img":"https://fd13-photos.leclercdrive.fr/image.ashx?id=2735236&use=l&cat=p&typeid=i","cat":284625},{"id":212469,"n":"Protège-slip Protection Vania Long Fresh - x40","p":2.4,"img":"https://fd13-photos.leclercdrive.fr/image.ashx?id=2735239&use=l&cat=p&typeid=i","cat":284625},{"id":212486,"n":"Film étirable Elembal 50m","p":1.8,"u":"0,04 €/MT","img":"https://fd13-photos.leclercdrive.fr/image.ashx?id=2566146&use=l&cat=p&typeid=i","cat":285194},{"id":212504,"n":"Crème hyaluronique Mixa 400ml","p":5.15,"u":"12,88 €/L","img":"https://fd13-photos.leclercdrive.fr/image.ashx?id=2585810&use=l&cat=p&typeid=i","cat":325350},{"id":212505,"n":"Fromage apéritif Apéricube Best of des saveurs 24 cubes","p":2.19,"u":"17,52 €/KG","img":"https://fd13-photos.leclercdrive.fr/image.ashx?id=2905294&use=l&cat=p&typeid=i","cat":314027},{"id":212582,"n":"Blanquette de poulet Côté Table 300g","p":2.79,"u":"9,30 €/KG","img":"https://fd13-photos.leclercdrive.fr/image.ashx?id=2764146&use=l&cat=p&typeid=i","cat":333665},{"id":212593,"n":"Litière chats Tous mes Amis Triple action blanche - 5L","p":4.2,"u":"0,84 €/L","img":"https://fd13-photos.leclercdrive.fr/image.ashx?id=2568361&use=l&cat=p&typeid=i","cat":284683},{"id":212595,"n":"Litière chats Tous mes Amis Parfumée grise - 5L","p":3.1,"u":"0,62 €/L","img":"https://fd13-photos.leclercdrive.fr/image.ashx?id=2568358&use=l&cat=p&typeid=i","cat":284683},{"id":212599,"n":"Amandes décortiquées Couleurs Vives - 200g","p":2.78,"u":"13,90 €/KG","img":"https://fd13-photos.leclercdrive.fr/image.ashx?id=2567592&use=l&cat=p&typeid=i","cat":284357},{"id":212602,"n":"Raisins Golden Couleurs Vives 250g","p":1.89,"u":"7,56 €/KG","img":"https://fd13-photos.leclercdrive.fr/image.ashx?id=2567598&use=l&cat=p&typeid=i","cat":284357},{"id":212603,"n":"Fruits secs Mix croquant Couleurs Vives - 200g","p":2.99,"u":"14,95 €/KG","img":"https://fd13-photos.leclercdrive.fr/image.ashx?id=2567601&use=l&cat=p&typeid=i","cat":284357},{"id":212604,"n":"Fruits secs Mix Gourmand Couleurs Vives - 200g","p":2.8,"u":"14,00 €/KG","img":"https://fd13-photos.leclercdrive.fr/image.ashx?id=2567604&use=l&cat=p&typeid=i","cat":284357},{"id":212606,"n":"Sacs poubelle Alfapac Salle de bain - 20x10L","p":1.98,"img":"https://fd13-photos.leclercdrive.fr/image.ashx?id=2588534&use=l&cat=p&typeid=i","cat":285168},{"id":212643,"n":"Margarine Planta Fin Doux 100% végétal - 225g","p":1.69,"u":"7,51 €/KG","img":"https://fd13-photos.leclercdrive.fr/image.ashx?id=2989471&use=l&cat=p&typeid=i","cat":315229},{"id":212646,"n":"Margarine Planta Fin  Doux  100% végétal - 900g","p":5.25,"u":"5,83 €/KG","img":"https://fd13-photos.leclercdrive.fr/image.ashx?id=2989462&use=l&cat=p&typeid=i","cat":315229},{"id":212667,"n":"Cottage cheese Danone Fromage frais - 200g","p":2.11,"u":"10,55 €/KG","img":"https://fd13-photos.leclercdrive.fr/image.ashx?id=2628341&use=l&cat=p&typeid=i","cat":314029},{"id":212679,"n":"Céréales Coco Pops Chocos Kellogg's - 330g","p":2.54,"u":"7,70 €/KG","img":"https://fd13-photos.leclercdrive.fr/image.ashx?id=2571683&use=l&cat=p&typeid=i","cat":309513},{"id":212750,"n":"Petits pots bébé P'TIT SOUPER Pastasotto 12M+ - 2x200g","p":2.12,"u":"5,30 €/KG","img":"https://fd13-photos.leclercdrive.fr/image.ashx?id=2571863&use=l&cat=p&typeid=i","cat":312239},{"id":212770,"n":"Ail & poivre Ducros 45g","p":2.57,"u":"57,11 €/KG","img":"https://fd13-photos.leclercdrive.fr/image.ashx?id=2570166&use=l&cat=p&typeid=i","cat":298297},{"id":212771,"n":"Pepites de chocolats Vahiné  Noisettes - 100g","p":3.05,"u":"30,50 €/KG","img":"https://fd13-photos.leclercdrive.fr/image.ashx?id=2570190&use=l&cat=p&typeid=i","cat":284504},{"id":212773,"n":"Curry Balti Ducros - 39g","p":1.77,"u":"45,38 €/KG","img":"https://fd13-photos.leclercdrive.fr/image.ashx?id=2570169&use=l&cat=p&typeid=i","cat":298297},{"id":212809,"n":"Crème de marron Clément Faugier 250g","p":1.95,"u":"7,80 €/KG","img":"https://fd13-photos.leclercdrive.fr/image.ashx?id=2570475&use=l&cat=p&typeid=i","cat":284481},{"id":212815,"n":"Yaourt à la grecque YAOS  Stracciatella - 8x125g","p":4.35,"u":"4,35 €/KG","img":"https://fd13-photos.leclercdrive.fr/image.ashx?id=2570115&use=l&cat=p&typeid=i","cat":314999},{"id":212817,"n":"Nettoyant vitres Ajax Triple action Recharge - 750ml","p":1.7,"u":"2,27 €/L","img":"https://fd13-photos.leclercdrive.fr/image.ashx?id=2842969&use=l&cat=p&typeid=i","cat":325363},{"id":212819,"n":"Préparation moelleux Alsa Chocolat - 500g","p":3.28,"u":"6,56 €/KG","img":"https://fd13-photos.leclercdrive.fr/image.ashx?id=2812663&use=l&cat=p&typeid=i","cat":284504},{"id":212822,"n":"Biscuits Petit dejeuner Gerblé Bio pépites de chocolat -132g","p":1.98,"u":"15,00 €/KG","img":"https://fd13-photos.leclercdrive.fr/image.ashx?id=2574101&use=l&cat=p&typeid=i","cat":284491},{"id":212826,"n":"Poivre et épices Ducros 200g","p":8.49,"u":"42,45 €/KG","img":"https://fd13-photos.leclercdrive.fr/image.ashx?id=2571194&use=l&cat=p&typeid=i","cat":284457},{"id":212829,"n":"Moulin Ducros 5 baies - 24g","p":3.04,"u":"126,67 €/KG","img":"https://fd13-photos.leclercdrive.fr/image.ashx?id=2571197&use=l&cat=p&typeid=i","cat":298297},{"id":212865,"n":"Margarine Planta Fin léger  Sans huile de palme - 225g","p":1.64,"u":"7,29 €/KG","img":"https://fd13-photos.leclercdrive.fr/image.ashx?id=2796441&use=l&cat=p&typeid=i","cat":315229},{"id":212876,"n":"AOP Champagne Moët & Chandon Brut impérial - 75cl","p":38.96,"u":"51,95 €/L","img":"https://fd13-photos.leclercdrive.fr/image.ashx?id=2578951&use=l&cat=p&typeid=i","cat":284542},{"id":212901,"n":"Pile bouton lithium Varta CR2032 - x4+1 offerte","p":11.15,"u":"2,23 €/P","img":"https://fd13-photos.leclercdrive.fr/image.ashx?id=2572323&use=l&cat=p&typeid=i","cat":300572},{"id":212902,"n":"Pile alcaline Varta  Longlife Power D - x2","p":3.2,"u":"1,60 €/P","img":"https://fd13-photos.leclercdrive.fr/image.ashx?id=2575819&use=l&cat=p&typeid=i","cat":300572},{"id":212922,"n":"Déboucheur Gel Destop  Spécial Cuisine - 1L","p":3.14,"u":"3,14 €/L","img":"https://fd13-photos.leclercdrive.fr/image.ashx?id=2572278&use=l&cat=p&typeid=i","cat":284908},{"id":212923,"n":"Lardons fumés Herta  300g","p":2.93,"u":"9,77 €/KG","img":"https://fd13-photos.leclercdrive.fr/image.ashx?id=2572155&use=l&cat=p&typeid=i","cat":316011},{"id":212934,"n":"Lait bébé poudre Guigoz Optipro 3ème âge - dès 12 mois - 830g","p":10.58,"u":"12,75 €/KG","img":"https://fd13-photos.leclercdrive.fr/image.ashx?id=2895059&use=l&cat=p&typeid=i","cat":290219},{"id":212971,"n":"Barre Enrobage Blanc Lion x6 barres - 180g","p":2.44,"u":"13,56 €/KG","img":"https://fd13-photos.leclercdrive.fr/image.ashx?id=2813044&use=l&cat=p&typeid=i","cat":284498},{"id":213020,"n":"Chips Nature Lay's Sel maxi Format - 370g","p":3.45,"u":"9,32 €/KG","img":"https://fd13-photos.leclercdrive.fr/image.ashx?id=2999949&use=l&cat=p&typeid=i","cat":284447},{"id":213023,"n":"Pâtée et morceaux chiens Eco+ Boeuf - 1.2kg","p":1.67,"u":"1,39 €/KG","img":"https://fd13-photos.leclercdrive.fr/image.ashx?id=2815743&use=l&cat=p&typeid=i","cat":288578},{"id":213024,"n":"Boulettes volaille Eco+ 800g","p":1.47,"u":"1,84 €/KG","img":"https://fd13-photos.leclercdrive.fr/image.ashx?id=2815734&use=l&cat=p&typeid=i","cat":285601},{"id":213025,"n":"Boulettes à la volaille Eco+ 1.2kg","p":1.54,"u":"1,28 €/KG","img":"https://fd13-photos.leclercdrive.fr/image.ashx?id=2815737&use=l&cat=p&typeid=i","cat":288578},{"id":213037,"n":"Culottes Drynites Huggies  4/7ans - x16","p":12.67,"u":"0,79 €/P","img":"https://fd13-photos.leclercdrive.fr/image.ashx?id=2844730&use=l&cat=p&typeid=i","cat":290633},{"id":213169,"n":"Purée de tomates bio Mutti Bio - 560g","p":2.29,"u":"4,09 €/KG","img":"https://fd13-photos.leclercdrive.fr/image.ashx?id=2576023&use=l&cat=p&typeid=i","cat":288384},{"id":213176,"n":"Nouilles à la chinoise Marie Au Poulet - 900g","p":4.99,"u":"5,54 €/KG","img":"https://fd13-photos.leclercdrive.fr/image.ashx?id=2996773&use=l&cat=p&typeid=i","cat":284254},{"id":213181,"n":"Dentifrice Elmex Sensitive Nettoyage fraîcheur - 2x75ml","p":8.5,"u":"56,67 €/L","img":"https://fd13-photos.leclercdrive.fr/image.ashx?id=2692878&use=l&cat=p&typeid=i","cat":284612},{"id":213189,"n":"Milky fromage enfant à tartiner Les Croisés 24 portions - 432g","p":3.59,"u":"8,31 €/KG","img":"https://fd13-photos.leclercdrive.fr/image.ashx?id=2791899&use=l&cat=p&typeid=i","cat":314030},{"id":213190,"n":"Milky fromage enfant à tartiner Les Croisés 12 portions - 216g","p":1.85,"u":"8,56 €/KG","img":"https://fd13-photos.leclercdrive.fr/image.ashx?id=2791914&use=l&cat=p&typeid=i","cat":314030},{"id":213204,"n":"Ourson guimauve Cémoi Chocolat au lait - 170g","p":1.99,"u":"11,71 €/KG","img":"https://fd13-photos.leclercdrive.fr/image.ashx?id=2576462&use=l&cat=p&typeid=i","cat":304250},{"id":213242,"n":"Céréales Coco Pops Kellogg's Original - 330g","p":2.84,"u":"8,61 €/KG","img":"https://fd13-photos.leclercdrive.fr/image.ashx?id=2577099&use=l&cat=p&typeid=i","cat":309513},{"id":213366,"n":"Toast nature Harrys Tranches épaisses - 250g","p":1.75,"u":"7,00 €/KG","img":"https://fd13-photos.leclercdrive.fr/image.ashx?id=2581253&use=l&cat=p&typeid=i","cat":285454},{"id":213393,"n":"Lait Cica Réparation Mixa Peaux Sèches, Sensibles - 250ml","p":4.62,"u":"18,48 €/L","img":"https://fd13-photos.leclercdrive.fr/image.ashx?id=2579032&use=l&cat=p&typeid=i","cat":325349},{"id":213394,"n":"Gel-Crème Hydratant Mixa Hypoallergénique - 50ml","p":5.54,"u":"11,08 €/L","img":"https://fd13-photos.leclercdrive.fr/image.ashx?id=2585804&use=l&cat=p&typeid=i","cat":325345},{"id":213395,"n":"Sérum hyalurogel Mixa Peau sensible - 30ml","p":5.59,"u":"186,33 €/L","img":"https://fd13-photos.leclercdrive.fr/image.ashx?id=2585807&use=l&cat=p&typeid=i","cat":325345},{"id":213396,"n":"Crème céramide Mixa 400ml","p":5.99,"u":"14,98 €/L","img":"https://fd13-photos.leclercdrive.fr/image.ashx?id=2579029&use=l&cat=p&typeid=i","cat":325350},{"id":213397,"n":"Lait Nourrissant Céramide Mixa Peaux sèches, sensibles - 250ml","p":4.62,"u":"18,48 €/L","img":"https://fd13-photos.leclercdrive.fr/image.ashx?id=2579035&use=l&cat=p&typeid=i","cat":325350},{"id":213401,"n":"Lait panthénol Mixa 250ml","p":4.62,"u":"18,48 €/L","img":"https://fd13-photos.leclercdrive.fr/image.ashx?id=2579038&use=l&cat=p&typeid=i","cat":325349},{"id":213403,"n":"Crème panthénol Mixa 400ml","p":6.77,"u":"16,93 €/L","img":"https://fd13-photos.leclercdrive.fr/image.ashx?id=2579026&use=l&cat=p&typeid=i","cat":325350},{"id":213404,"n":"Crème cica Mixa Réparation - 400ml","p":5.99,"u":"14,98 €/L","img":"https://fd13-photos.leclercdrive.fr/image.ashx?id=2579023&use=l&cat=p&typeid=i","cat":325350},{"id":213432,"n":"Gel Corps et Cheveux Cadum Hypoallergenique - 750ml","p":4.39,"u":"5,85 €/L","img":"https://fd13-photos.leclercdrive.fr/image.ashx?id=2581798&use=l&cat=p&typeid=i","cat":284594},{"id":213443,"n":"Après-Shampoing Franck Provost Expert nutrition - 450ml","p":4.06,"u":"9,02 €/L","img":"https://fd13-photos.leclercdrive.fr/image.ashx?id=2581807&use=l&cat=p&typeid=i","cat":284607},{"id":213454,"n":"Petits pois Eco+ 1kg","p":1.52,"u":"1,52 €/KG","img":"https://fd13-photos.leclercdrive.fr/image.ashx?id=2796025&use=l&cat=p&typeid=i","cat":319805},{"id":213455,"n":"Champignons Eco+ 1kg","p":1.45,"u":"1,45 €/KG","img":"https://fd13-photos.leclercdrive.fr/image.ashx?id=2593339&use=l&cat=p&typeid=i","cat":319805},{"id":213457,"n":"Cônes Eco+ Vanille fraise x8 - 512g","p":2.07,"u":"4,04 €/KG","img":"https://fd13-photos.leclercdrive.fr/image.ashx?id=2615576&use=l&cat=p&typeid=i","cat":284264},{"id":213458,"n":"Dés de poulet Eco+ 150g","p":1.69,"u":"11,27 €/KG","img":"https://fd13-photos.leclercdrive.fr/image.ashx?id=2930939&use=l&cat=p&typeid=i","cat":316011},{"id":213464,"n":"Panés Spécial Burger Père Dodu  Chapelure Corn Flakes - x2 - 18","p":2.86,"u":"15,89 €/KG","img":"https://fd13-photos.leclercdrive.fr/image.ashx?id=2957221&use=l&cat=p&typeid=i","cat":333684},{"id":213478,"n":"Chocolat instantané Ethiquable 50% CI/Haïti/Togo Bio 425g","p":7.39,"u":"17,39 €/KG","img":"https://fd13-photos.leclercdrive.fr/image.ashx?id=2876893&use=l&cat=p&typeid=i","cat":293235},{"id":213496,"n":"Boisson Noisette choco Végé 1L Végé - 200g","p":1.99,"u":"1,99 €/L","img":"https://fd13-photos.leclercdrive.fr/image.ashx?id=2903974&use=l&cat=p&typeid=i","cat":316067},{"id":213528,"n":"Gel WC Canard 100% Détartrant - 750ml","p":2.39,"u":"3,19 €/L","img":"https://fd13-photos.leclercdrive.fr/image.ashx?id=2580194&use=l&cat=p&typeid=i","cat":284662},{"id":213537,"n":"Glace Viennetta Façon Cappuccino - 320g","p":2.6,"u":"8,13 €/KG","img":"https://fd13-photos.leclercdrive.fr/image.ashx?id=2580239&use=l&cat=p&typeid=i","cat":284266},{"id":213570,"n":"Gel douche Le Petit Marseillais Bois de cade & fougère  - 250ml","p":1.93,"u":"7,72 €/MT","img":"https://fd13-photos.leclercdrive.fr/image.ashx?id=2684545&use=l&cat=p&typeid=i","cat":284619},{"id":213581,"n":"Gel douche Cadum Crème d'amande - 450ml","p":2.87,"u":"6,38 €/L","img":"https://fd13-photos.leclercdrive.fr/image.ashx?id=2582273&use=l&cat=p&typeid=i","cat":284594},{"id":213582,"n":"Crème Douche surgras Bio Cadum Karité - 450ml","p":2.43,"u":"5,40 €/L","img":"https://fd13-photos.leclercdrive.fr/image.ashx?id=2580801&use=l&cat=p&typeid=i","cat":284594},{"id":213594,"n":"Tablette de chocolat Lindt  Noir pailleté gaufrette - 100g","p":2.74,"u":"27,40 €/KG","img":"https://fd13-photos.leclercdrive.fr/image.ashx?id=2750390&use=l&cat=p&typeid=i","cat":284956},{"id":213600,"n":"Crème Douche Nourrissante Cadum Huile de Coco Bio - 450ml","p":2.37,"u":"5,27 €/L","img":"https://fd13-photos.leclercdrive.fr/image.ashx?id=2582276&use=l&cat=p&typeid=i","cat":284594},{"id":213602,"n":"Crème Douche Nourrissante Cadum Miel de Fleurs bio - 450ml","p":2.59,"u":"5,76 €/L","img":"https://fd13-photos.leclercdrive.fr/image.ashx?id=2582279&use=l&cat=p&typeid=i","cat":284594},{"id":213604,"n":"Crème Douche Hydratation Cadum Huile d'Amandes Douces - 450ml","p":2.66,"u":"5,91 €/L","img":"https://fd13-photos.leclercdrive.fr/image.ashx?id=2582282&use=l&cat=p&typeid=i","cat":284594},{"id":213605,"n":"Crème de douche Cadum Fleur de coton - 450ml","p":2.86,"u":"6,36 €/L","img":"https://fd13-photos.leclercdrive.fr/image.ashx?id=2582285&use=l&cat=p&typeid=i","cat":284594},{"id":213606,"n":"Gel Douche Sans Savon Bio Cadum Huile d'Amandes Douces - 450ml","p":2.65,"u":"5,89 €/L","img":"https://fd13-photos.leclercdrive.fr/image.ashx?id=2582288&use=l&cat=p&typeid=i","cat":284594},{"id":213609,"n":"Douche Crème Dop Fraises Sucrées - 290ml","p":2.35,"u":"8,10 €/L","img":"https://fd13-photos.leclercdrive.fr/image.ashx?id=2582297&use=l&cat=p&typeid=i","cat":284594},{"id":213614,"n":"Lentilles corail Notre Jardin 500g","p":1.72,"u":"3,44 €/KG","img":"https://fd13-photos.leclercdrive.fr/image.ashx?id=2610726&use=l&cat=p&typeid=i","cat":284430},{"id":213685,"n":"Douche Crème Dop Bonbons Multicolors - 290ml","p":2.09,"u":"7,21 €/L","img":"https://fd13-photos.leclercdrive.fr/image.ashx?id=2582309&use=l&cat=p&typeid=i","cat":284594},{"id":213687,"n":"Shampoing karité Franck Provost Cheveux Secs, très secs - 500ml","p":4.06,"u":"8,12 €/L","img":"https://fd13-photos.leclercdrive.fr/image.ashx?id=2581804&use=l&cat=p&typeid=i","cat":284606},{"id":213688,"n":"Shampoing Karité Franck Provost Cheveux Très Secs épais - 500ml","p":4.06,"u":"8,12 €/L","img":"https://fd13-photos.leclercdrive.fr/image.ashx?id=2582312&use=l&cat=p&typeid=i","cat":284606},{"id":213691,"n":"Après-Shampooing Franck Provost Expert réparation - 450ml","p":4.06,"u":"9,02 €/L","img":"https://fd13-photos.leclercdrive.fr/image.ashx?id=2582318&use=l&cat=p&typeid=i","cat":284607},{"id":213692,"n":"Shampooing Franck Provost Cheveux colorés - 500ml","p":4.06,"u":"8,12 €/L","img":"https://fd13-photos.leclercdrive.fr/image.ashx?id=2582321&use=l&cat=p&typeid=i","cat":284606},{"id":213695,"n":"Recharge Gel douche Cadum Sans Sulfate - 500ml","p":2.85,"u":"5,70 €/L","img":"https://fd13-photos.leclercdrive.fr/image.ashx?id=2581810&use=l&cat=p&typeid=i","cat":284594},{"id":213703,"n":"Gel Corps et Cheveux Cadum Sans Sulfate - 400ml","p":2.89,"u":"7,23 €/L","img":"https://fd13-photos.leclercdrive.fr/image.ashx?id=2582270&use=l&cat=p&typeid=i","cat":284594},{"id":213722,"n":"Madeleine St Michel -30% de sucre 400g","p":2.53,"u":"6,33 €/KG","img":"https://fd13-photos.leclercdrive.fr/image.ashx?id=2962305&use=l&cat=p&typeid=i","cat":284492},{"id":213724,"n":"Bouchée pour chien Eco+ Boeuf, pâtes, carottes - 1.2kg","p":1.93,"u":"1,61 €/KG","img":"https://fd13-photos.leclercdrive.fr/image.ashx?id=2815728&use=l&cat=p&typeid=i","cat":288578},{"id":213726,"n":"Ravioles à poêler Lustucru Chèvre - 280g","p":2.36,"u":"8,43 €/KG","img":"https://fd13-photos.leclercdrive.fr/image.ashx?id=2792390&use=l&cat=p&typeid=i","cat":333682},{"id":213749,"n":"Bière blonde Pélican 6x33cl","p":7.46,"u":"3,77 €/L","img":"https://fd13-photos.leclercdrive.fr/image.ashx?id=2946922&use=l&cat=p&typeid=i","cat":334872},{"id":213792,"n":"Nettoyant sol savon noir Perfboost Carolin -1L","p":2.95,"u":"2,95 €/L","img":"https://fd13-photos.leclercdrive.fr/image.ashx?id=2582633&use=l&cat=p&typeid=i","cat":284907},{"id":213794,"n":"Burger Rustique Marie Boeuf Charolais Emmental - 190g","p":3.56,"u":"18,74 €/KG","img":"https://fd13-photos.leclercdrive.fr/image.ashx?id=2858621&use=l&cat=p&typeid=i","cat":333671},{"id":213817,"n":"Croquettes chats Perfect Fit Stérilisés, saumon - 1.4kg","p":6.72,"u":"4,80 €/KG","img":"https://fd13-photos.leclercdrive.fr/image.ashx?id=2619163&use=l&cat=p&typeid=i","cat":284680},{"id":213821,"n":"Brosse à dents Signal Soins gencives Extra souple x4","p":3.23,"u":"0,81 €/P","img":"https://fd13-photos.leclercdrive.fr/image.ashx?id=2805690&use=l&cat=p&typeid=i","cat":284614},{"id":213825,"n":"Soupline utra eveil 1.2l","p":6.59,"u":"5,49 €/L","img":"https://fd13-photos.leclercdrive.fr/image.ashx?id=2583491&use=l&cat=p&typeid=i","cat":284650},{"id":213828,"n":"Paic Expert anti-calcaire 500 ml","p":2.45,"u":"4,90 €/L","img":"https://fd13-photos.leclercdrive.fr/image.ashx?id=2583485&use=l&cat=p&typeid=i","cat":284655},{"id":213830,"n":"Adoucissant Soupline concentré  3D Grand air - 1,35L","p":5.48,"u":"4,06 €/L","img":"https://fd13-photos.leclercdrive.fr/image.ashx?id=2924950&use=l&cat=p&typeid=i","cat":284650},{"id":213831,"n":"Spray Savon marseille La Croix 500ml","p":2.3,"u":"4,60 €/L","img":"https://fd13-photos.leclercdrive.fr/image.ashx?id=2583530&use=l&cat=p&typeid=i","cat":325357},{"id":213833,"n":"Colgate Chloro intense  75ml","p":1.23,"u":"16,40 €/L","img":"https://fd13-photos.leclercdrive.fr/image.ashx?id=2964231&use=l&cat=p&typeid=i","cat":284612},{"id":213834,"n":"Brosse à dents Colgate Extra-clean souple - x4","p":1.99,"u":"0,50 €/P","img":"https://fd13-photos.leclercdrive.fr/image.ashx?id=3011950&use=l&cat=p&typeid=i","cat":284614},{"id":213836,"n":"Dentifrice Colgate Ultra Brite  Haleine Fraîche - 75ml","p":1.42,"u":"18,93 €/L","img":"https://fd13-photos.leclercdrive.fr/image.ashx?id=2802845&use=l&cat=p&typeid=i","cat":284612},{"id":213838,"n":"Deo Stick SANEX protector 65 ml","p":2.81,"u":"43,23 €/L","img":"https://fd13-photos.leclercdrive.fr/image.ashx?id=2801602&use=l&cat=p&typeid=i","cat":284595},{"id":213843,"n":"Elmex sensitive Kit voyage 1p","p":4.53,"img":"https://fd13-photos.leclercdrive.fr/image.ashx?id=2738365&use=l&cat=p&typeid=i","cat":284612},{"id":213857,"n":"Recharges WC Canard Fresh Disc  Fraîcheur Marine - 2x6 disques","p":4.98,"u":"2,49 €/P","img":"https://fd13-photos.leclercdrive.fr/image.ashx?id=2754824&use=l&cat=p&typeid=i","cat":284662},{"id":213865,"n":"Mélange Pizza Ducros 12g","p":2.22,"u":"185,00 €/KG","img":"https://fd13-photos.leclercdrive.fr/image.ashx?id=2583344&use=l&cat=p&typeid=i","cat":298297},{"id":213868,"n":"Mélange pour salade Ducros 17g","p":4.22,"u":"248,24 €/KG","img":"https://fd13-photos.leclercdrive.fr/image.ashx?id=2583341&use=l&cat=p&typeid=i","cat":298297},{"id":213930,"n":"Fromage enfant La Vache qui rit Original 24P à tartiner - 384g","p":3.82,"u":"9,95 €/KG","img":"https://fd13-photos.leclercdrive.fr/image.ashx?id=2945451&use=l&cat=p&typeid=i","cat":314030},{"id":213953,"n":"Recharges WC Canard fresh disc Citron - 2x6 disques","p":4.92,"u":"2,46 €/P","img":"https://fd13-photos.leclercdrive.fr/image.ashx?id=2754821&use=l&cat=p&typeid=i","cat":284662},{"id":213954,"n":"Protège-slips Vania Pocket Normal - x30","p":2.21,"u":"0,07 €/P","img":"https://fd13-photos.leclercdrive.fr/image.ashx?id=2735245&use=l&cat=p&typeid=i","cat":284625},{"id":213959,"n":"Nettoyant ménager Pliz Fée du logis - 250ml","p":1.96,"u":"7,84 €/L","img":"https://fd13-photos.leclercdrive.fr/image.ashx?id=2585540&use=l&cat=p&typeid=i","cat":325364},{"id":213961,"n":"Terrine chiens Tous Mes Amis Viandes carottes - 1.2kg","p":1.95,"u":"1,63 €/KG","img":"https://fd13-photos.leclercdrive.fr/image.ashx?id=3015590&use=l&cat=p&typeid=i","cat":288578},{"id":213962,"n":"Patée pour chiens Eco+ Volaille - 150g","p":0.47,"u":"3,13 €/KG","img":"https://fd13-photos.leclercdrive.fr/image.ashx?id=2584913&use=l&cat=p&typeid=i","cat":284673},{"id":213963,"n":"Patée pour chiens Eco+ Boeuf - 150g","p":0.47,"u":"3,13 €/KG","img":"https://fd13-photos.leclercdrive.fr/image.ashx?id=2586360&use=l&cat=p&typeid=i","cat":284673},{"id":213964,"n":"Nettoyant ménager Ajax Maison pure Sureau - 1.25L","p":2.83,"u":"2,26 €/L","img":"https://fd13-photos.leclercdrive.fr/image.ashx?id=2585555&use=l&cat=p&typeid=i","cat":284907},{"id":213965,"n":"Adoucissant Eco+ Fraîcheur - 1.5L - x60","p":1.64,"u":"1,09 €/L","img":"https://fd13-photos.leclercdrive.fr/image.ashx?id=2600833&use=l&cat=p&typeid=i","cat":284650},{"id":213966,"n":"Bougie anti-tabac Glade Vegan - x1","p":4.32,"img":"https://fd13-photos.leclercdrive.fr/image.ashx?id=2585534&use=l&cat=p&typeid=i","cat":335913},{"id":214076,"n":"Céréales Frosties Kellogg's Miel & cacahuètes - 375g","p":3.01,"u":"8,03 €/KG","img":"https://fd13-photos.leclercdrive.fr/image.ashx?id=2601169&use=l&cat=p&typeid=i","cat":309513},{"id":214080,"n":"Supermario Pik Haribo Sachet bonbons acidulés - 180g","p":1.61,"u":"8,94 €/KG","img":"https://fd13-photos.leclercdrive.fr/image.ashx?id=2646152&use=l&cat=p&typeid=i","cat":304250},{"id":214087,"n":"Soda Coca-Cola Original Bouteille - 1,75L","p":2.39,"u":"1,37 €/L","img":"https://fd13-photos.leclercdrive.fr/image.ashx?id=2971745&use=l&cat=p&typeid=i","cat":284530},{"id":214290,"n":"Batonnets Tous mes amis x30","p":3.5,"u":"0,12 €/P","img":"https://fd13-photos.leclercdrive.fr/image.ashx?id=2600297&use=l&cat=p&typeid=i","cat":294527},{"id":214291,"n":"Os pressé Tous mes amis 14cm - x2","p":3.19,"img":"https://fd13-photos.leclercdrive.fr/image.ashx?id=2600300&use=l&cat=p&typeid=i","cat":294527},{"id":214292,"n":"Os pressé Tous mes amis 21cm - x1","p":3.95,"img":"https://fd13-photos.leclercdrive.fr/image.ashx?id=2600303&use=l&cat=p&typeid=i","cat":294527},{"id":214293,"n":"Os de jambon Tous mes amis Taille M - x1","p":2.1,"img":"https://fd13-photos.leclercdrive.fr/image.ashx?id=2600306&use=l&cat=p&typeid=i","cat":294527},{"id":214321,"n":"Déodorant bille Dove Grenade - Anti-transpirant 50ml","p":2.68,"u":"53,60 €/L","img":"https://fd13-photos.leclercdrive.fr/image.ashx?id=2867341&use=l&cat=p&typeid=i","cat":284595},{"id":214327,"n":"Déodorant Spray Dove Anti- Transpirant Beauty Finish 100ml","p":3.46,"u":"34,60 €/L","img":"https://fd13-photos.leclercdrive.fr/image.ashx?id=2987038&use=l&cat=p&typeid=i","cat":284595},{"id":214328,"n":"Déodorant Spray compressé Dove Anti-Transpirant Original 200ml","p":2.42,"u":"12,10 €/L","img":"https://fd13-photos.leclercdrive.fr/image.ashx?id=2877250&use=l&cat=p&typeid=i","cat":284595},{"id":214392,"n":"Gel douche Le Petit Marseillais Homme - Minéraux & bois - 250ml","p":1.49,"u":"5,96 €/L","img":"https://fd13-photos.leclercdrive.fr/image.ashx?id=2684548&use=l&cat=p&typeid=i","cat":284619},{"id":214393,"n":"Gel douche Le Petit Marseillais Homme - Pin & eucalyptus 250ml","p":1.89,"u":"7,56 €/L","img":"https://fd13-photos.leclercdrive.fr/image.ashx?id=2684551&use=l&cat=p&typeid=i","cat":284619},{"id":214394,"n":"Crème de douche Le Petit Marseillais Fleur coton 400ml","p":2.85,"u":"7,13 €/L","img":"https://fd13-photos.leclercdrive.fr/image.ashx?id=2947045&use=l&cat=p&typeid=i","cat":284594},{"id":214403,"n":"Lessive liquide Bonux L'original 50 Lavages - 2.25L","p":9.84,"u":"4,37 €/L","img":"https://fd13-photos.leclercdrive.fr/image.ashx?id=2881993&use=l&cat=p&typeid=i","cat":284640},{"id":214412,"n":"Vin Blanc Mousseux Brut  Café de Paris - 75cl","p":4.49,"u":"5,99 €/L","img":"https://fd13-photos.leclercdrive.fr/image.ashx?id=2848692&use=l&cat=p&typeid=i","cat":284544},{"id":214454,"n":"Piles rechargeables Foxter Accus Rtu HR03 850mah - x4","p":8.5,"u":"2,13 €/P","img":"https://fd13-photos.leclercdrive.fr/image.ashx?id=2594881&use=l&cat=p&typeid=i","cat":300572},{"id":214498,"n":"Tablette de chocolat noir  L'original Côte d'Or 100g","p":1.37,"u":"13,70 €/KG","img":"https://fd13-photos.leclercdrive.fr/image.ashx?id=2961221&use=l&cat=p&typeid=i","cat":284956},{"id":214567,"n":"Bonbon à sucer Ricola Framboise sans sucre - 50g","p":1.85,"u":"37,00 €/KG","img":"https://fd13-photos.leclercdrive.fr/image.ashx?id=2593014&use=l&cat=p&typeid=i","cat":304252},{"id":214648,"n":"Nouilles Banzai Noodle bœuf  cup - 67g","p":1.25,"u":"18,66 €/KG","img":"https://fd13-photos.leclercdrive.fr/image.ashx?id=2730001&use=l&cat=p&typeid=i","cat":288992},{"id":214723,"n":"Biscuit bébé Kiddylicious  Wafers fraise dès 6 mois 4x2p","p":1.56,"u":"97,50 €/KG","img":"https://fd13-photos.leclercdrive.fr/image.ashx?id=2929152&use=l&cat=p&typeid=i","cat":312394},{"id":214724,"n":"Biscuit bébé Kiddylicious Wafers Banane dès 6 mois (4x2p)","p":1.74,"u":"108,75 €/KG","img":"https://fd13-photos.leclercdrive.fr/image.ashx?id=2929149&use=l&cat=p&typeid=i","cat":312394},{"id":214725,"n":"Biscuits bébé Kiddylicious  Soft Biscotti Pomme 6x2p","p":2.6,"u":"21,67 €/KG","img":"https://fd13-photos.leclercdrive.fr/image.ashx?id=2929146&use=l&cat=p&typeid=i","cat":312394},{"id":214726,"n":"Biscuits bébé Kiddylicious  Saveur Fromage dès 9mois 4x12g","p":3.15,"u":"65,63 €/KG","img":"https://fd13-photos.leclercdrive.fr/image.ashx?id=2929143&use=l&cat=p&typeid=i","cat":312394},{"id":214728,"n":"Biscuits bébé Kiddylicious Saveur légumes dès 9 mois 4x12g","p":3.36,"u":"70,00 €/KG","img":"https://fd13-photos.leclercdrive.fr/image.ashx?id=2929140&use=l&cat=p&typeid=i","cat":312394},{"id":214752,"n":"Lait bébé 2A NIDAL 2  dès 6 mois - 2x600g","p":14.79,"u":"21,13 €/KG","img":"https://fd13-photos.leclercdrive.fr/image.ashx?id=2855786&use=l&cat=p&typeid=i","cat":284727},{"id":214756,"n":"Feuilleté de Mousse La Laitière Menthe - 4x57g","p":1.79,"u":"7,85 €/KG","img":"https://fd13-photos.leclercdrive.fr/image.ashx?id=3007960&use=l&cat=p&typeid=i","cat":284417},{"id":214762,"n":"Nouilles Banzai Noodle poulet  cup - 67g","p":1.25,"u":"18,66 €/KG","img":"https://fd13-photos.leclercdrive.fr/image.ashx?id=2730004&use=l&cat=p&typeid=i","cat":288992},{"id":214778,"n":"Lait en poudre bio Modilac 2ème âge - 800g","p":18.16,"u":"22,70 €/KG","img":"https://fd13-photos.leclercdrive.fr/image.ashx?id=2981172&use=l&cat=p&typeid=i","cat":284727},{"id":214779,"n":"Lait en poudre bio Modilac Croissance - 800g","p":15.55,"u":"19,44 €/KG","img":"https://fd13-photos.leclercdrive.fr/image.ashx?id=2981175&use=l&cat=p&typeid=i","cat":290219},{"id":214808,"n":"Capsule Nescafé Dolce Gusto Neo  Espresso - x12","p":4.28,"pp":2.82,"u":"42,73 €/KG","img":"https://fd13-photos.leclercdrive.fr/image.ashx?id=2774709&use=l&cat=p&typeid=i","cat":293241},{"id":214809,"n":"Capsule Nescafé Dolce Gusto Neo  Lungo - x12","p":4.21,"pp":2.78,"u":"40,29 €/KG","img":"https://fd13-photos.leclercdrive.fr/image.ashx?id=2775041&use=l&cat=p&typeid=i","cat":293241},{"id":214810,"n":"Capsule Nescafé Dolce Gusto Neo  Grande - x12","p":4.32,"pp":2.85,"u":"33,93 €/KG","img":"https://fd13-photos.leclercdrive.fr/image.ashx?id=2947225&use=l&cat=p&typeid=i","cat":293241},{"id":214811,"n":"Capsule Nescafé Dolce Gusto Neo  Hot Chocolate - x12","p":4.33,"pp":2.86,"u":"13,24 €/KG","img":"https://fd13-photos.leclercdrive.fr/image.ashx?id=2927702&use=l&cat=p&typeid=i","cat":293241},{"id":214812,"n":"Capsule Nescafé Dolce Gusto Neo  Cappuccino - x6 - 122g","p":4.31,"pp":2.84,"u":"23,28 €/KG","img":"https://fd13-photos.leclercdrive.fr/image.ashx?id=2947228&use=l&cat=p&typeid=i","cat":293241},{"id":214813,"n":"Capsule Nescafé Dolce Gusto Neo Starbucks Caramel Macchiato x12","p":4.97,"pp":3.28,"u":"27,33 €/KG","img":"https://fd13-photos.leclercdrive.fr/image.ashx?id=2595824&use=l&cat=p&typeid=i","cat":293241},{"id":214814,"n":"Ail en semoule Ducro 335g","p":6.8,"u":"20,30 €/KG","img":"https://fd13-photos.leclercdrive.fr/image.ashx?id=2595665&use=l&cat=p&typeid=i","cat":298297},{"id":214815,"n":"Lait en poudre bio Modilac 1er âge - 800g","p":21.19,"u":"26,49 €/KG","img":"https://fd13-photos.leclercdrive.fr/image.ashx?id=2981169&use=l&cat=p&typeid=i","cat":284726},{"id":214848,"n":"Champignons blancs de Paris  Eco+ - 200g","p":0.95,"u":"4,75 €/KG","img":"https://fd13-photos.leclercdrive.fr/image.ashx?id=2742685&use=l&cat=p&typeid=i","cat":284352},{"id":214945,"n":"Pack 2 cartouches  Ovales","p":5.93,"img":"https://fd13-photos.leclercdrive.fr/image.ashx?id=2806783&use=l&cat=p&typeid=i","cat":334135},{"id":215000,"n":"Crème de Marron Clement Faugier 992g","p":4.58,"u":"4,62 €/KG","img":"https://fd13-photos.leclercdrive.fr/image.ashx?id=3004393&use=l&cat=p&typeid=i","cat":284481},{"id":215015,"n":"Crabe des neiges Chatka Alaska et Antarctique - 180g","p":10.95,"u":"60,83 €/KG","img":"https://fd13-photos.leclercdrive.fr/image.ashx?id=2938833&use=l&cat=p&typeid=i","cat":305147},{"id":215016,"n":"Croutons nature Tipiak 220g","p":3.02,"u":"13,73 €/KG","img":"https://fd13-photos.leclercdrive.fr/image.ashx?id=2842061&use=l&cat=p&typeid=i","cat":284464},{"id":215017,"n":"Croutons ail Tipiak 220g","p":3.28,"u":"14,91 €/KG","img":"https://fd13-photos.leclercdrive.fr/image.ashx?id=2688872&use=l&cat=p&typeid=i","cat":284464},{"id":215018,"n":"Purée Mousline Maggi Nature - 125g","p":1.37,"u":"10,96 €/KG","img":"https://fd13-photos.leclercdrive.fr/image.ashx?id=3004417&use=l&cat=p&typeid=i","cat":284431},{"id":215020,"n":"Purée Mousline Maggi au lait entier -  4x31,25g","p":1.33,"u":"10,64 €/KG","img":"https://fd13-photos.leclercdrive.fr/image.ashx?id=3015332&use=l&cat=p&typeid=i","cat":284431},{"id":215023,"n":"Purée Mousline Crème et noix muscade 4x31,25g","p":1.57,"u":"12,56 €/KG","img":"https://fd13-photos.leclercdrive.fr/image.ashx?id=3011731&use=l&cat=p&typeid=i","cat":284431},{"id":215056,"n":"Recharge Lessive liquide  Rainett - Bicarbonate 1.6L","p":6.14,"u":"3,84 €/L","img":"https://fd13-photos.leclercdrive.fr/image.ashx?id=2940291&use=l&cat=p&typeid=i","cat":284640},{"id":215089,"n":"Friandises chien Pedigree Rodeo bœuf fromage x7 - 123g","p":2.02,"u":"16,42 €/KG","img":"https://fd13-photos.leclercdrive.fr/image.ashx?id=2753277&use=l&cat=p&typeid=i","cat":294527},{"id":215091,"n":"Complément Alimentaire Juvamine Vitamine C 500 x30","p":3.85,"u":"60,16 €/KG","img":"https://fd13-photos.leclercdrive.fr/image.ashx?id=2749724&use=l&cat=p&typeid=i","cat":313217},{"id":215093,"n":"Complément Alimentaire Juvamine Vitamine C 500 x30","p":2.4,"u":"31,17 €/KG","img":"https://fd13-photos.leclercdrive.fr/image.ashx?id=2749727&use=l&cat=p&typeid=i","cat":313217},{"id":215094,"n":"Complément Alimentaire Juvamine Top Forme Multivitamines x30","p":6.73,"u":"87,40 €/KG","img":"https://fd13-photos.leclercdrive.fr/image.ashx?id=2749730&use=l&cat=p&typeid=i","cat":313217},{"id":215098,"n":"Complément Alimentaire Juvamine Magnésium & Vitamines x30","p":2.97,"u":"0,10 €/P","img":"https://fd13-photos.leclercdrive.fr/image.ashx?id=2731495&use=l&cat=p&typeid=i","cat":313217},{"id":215100,"n":"Complément Alimentaire Juvamine Vitamine C Magnésium x30","p":3.85,"u":"56,62 €/KG","img":"https://fd13-photos.leclercdrive.fr/image.ashx?id=2731501&use=l&cat=p&typeid=i","cat":313217},{"id":215122,"n":"Pâtes Alpina Perle - 500g","p":1.26,"u":"2,52 €/KG","img":"https://fd13-photos.leclercdrive.fr/image.ashx?id=2789859&use=l&cat=p&typeid=i","cat":284427},{"id":215125,"n":"Caramel Fudges Vahiné 70g","p":3.49,"u":"49,86 €/KG","img":"https://fd13-photos.leclercdrive.fr/image.ashx?id=2596868&use=l&cat=p&typeid=i","cat":284504},{"id":215126,"n":"Chocolat au lait chunks Vahiné 100g","p":2.51,"u":"25,10 €/KG","img":"https://fd13-photos.leclercdrive.fr/image.ashx?id=2596865&use=l&cat=p&typeid=i","cat":284504},{"id":215138,"n":"Les Légumes Gratinés d'Aucy Épinards pomme de terre - 300g","p":3.91,"u":"13,03 €/KG","img":"https://fd13-photos.leclercdrive.fr/image.ashx?id=2596814&use=l&cat=p&typeid=i","cat":319802},{"id":215209,"n":"Spray nettoyant La Croix Bicarbonate de soude - 500ml","p":2.2,"u":"4,40 €/L","img":"https://fd13-photos.leclercdrive.fr/image.ashx?id=2597609&use=l&cat=p&typeid=i","cat":325357},{"id":215213,"n":"Sérum visage repulpant Garnier Acide Hyaluronique & Aloe Vera","p":7.38,"u":"246,00 €/L","img":"https://fd13-photos.leclercdrive.fr/image.ashx?id=2979911&use=l&cat=p&typeid=i","cat":325345},{"id":215215,"n":"Rasoir électrique Wilkinson Intuition Bikini - x1","p":14.89,"u":"Dont 0,07 € d'éco-part.","img":"https://fd13-photos.leclercdrive.fr/image.ashx?id=2597531&use=l&cat=p&typeid=i","cat":325352},{"id":215216,"n":"Lames rasoir Wilkinson Intuition - 2 en 1 - 3 lames","p":10.44,"u":"3,48 €/P","img":"https://fd13-photos.leclercdrive.fr/image.ashx?id=2849427&use=l&cat=p&typeid=i","cat":325352},{"id":215228,"n":"Melange garam masala Ducros 40g","p":2.49,"u":"62,25 €/KG","img":"https://fd13-photos.leclercdrive.fr/image.ashx?id=2597384&use=l&cat=p&typeid=i","cat":298297},{"id":215234,"n":"Petits pots bébé P'TITE RECETTE Bio Spaghetti bolo 8M+ - 2x190g","p":2.86,"u":"7,53 €/KG","img":"https://fd13-photos.leclercdrive.fr/image.ashx?id=2597558&use=l&cat=p&typeid=i","cat":312236},{"id":215235,"n":"Foin Tous Mes amis 1kg","p":1.96,"u":"1,96 €/KG","img":"https://fd13-photos.leclercdrive.fr/image.ashx?id=2652332&use=l&cat=p&typeid=i","cat":284677},{"id":215238,"n":"Menu complet Lapin 3KG","p":6.6,"u":"2,20 €/KG","img":"https://fd13-photos.leclercdrive.fr/image.ashx?id=2646815&use=l&cat=p&typeid=i","cat":284677},{"id":215239,"n":"Menu complet Tous Mes Amis 800g","p":1.88,"u":"2,35 €/KG","img":"https://fd13-photos.leclercdrive.fr/image.ashx?id=2646812&use=l&cat=p&typeid=i","cat":284677},{"id":215240,"n":"Menu complet Tous Mes Amis Cochon d'Inde - 3kg","p":6.6,"u":"2,20 €/KG","img":"https://fd13-photos.leclercdrive.fr/image.ashx?id=2664731&use=l&cat=p&typeid=i","cat":284677},{"id":215278,"n":"Bonbons Copains Copines Bouée bi-goût acide - 250 g","p":1.59,"u":"6,36 €/KG","img":"https://fd13-photos.leclercdrive.fr/image.ashx?id=2934763&use=l&cat=p&typeid=i","cat":304250},{"id":215282,"n":"Bonbons Copains Copines Unicone - 200 g","p":1.29,"u":"6,45 €/KG","img":"https://fd13-photos.leclercdrive.fr/image.ashx?id=2934769&use=l&cat=p&typeid=i","cat":304250},{"id":215377,"n":"Fromage Persillée Bresse Bleu Le véritable - 200g","p":2.73,"u":"13,65 €/KG","img":"https://fd13-photos.leclercdrive.fr/image.ashx?id=2927486&use=l&cat=p&typeid=i","cat":314032},{"id":215617,"n":"Bauli creazioni di panettone Pistacchio 750g","p":11.43,"u":"15,24 €/KG","img":"https://fd13-photos.leclercdrive.fr/image.ashx?id=2740304&use=l&cat=p&typeid=i","cat":327607},{"id":215739,"n":"Galak Chocolat Noël Mini Figurines - 147g","p":4.97,"u":"33,81 €/KG","img":"https://fd13-photos.leclercdrive.fr/image.ashx?id=2897375&use=l&cat=p&typeid=i","cat":327592},{"id":215740,"n":"Crunch Chocolat Noël Mini Figurines - 144g","p":4.97,"u":"34,51 €/KG","img":"https://fd13-photos.leclercdrive.fr/image.ashx?id=2763987&use=l&cat=p&typeid=i","cat":327592},{"id":215890,"n":"Piles alcalines Varta V23GA - x2","p":3.97,"u":"1,99 €/P","img":"https://fd13-photos.leclercdrive.fr/image.ashx?id=2600770&use=l&cat=p&typeid=i","cat":300572},{"id":215910,"n":"Bain de bouche Expert Dentamyl Blanche - 500ml","p":1.97,"u":"3,94 €/L","img":"https://fd13-photos.leclercdrive.fr/image.ashx?id=2600627&use=l&cat=p&typeid=i","cat":284613},{"id":215913,"n":"Gel douche Le Petit Marseillais Homme - Gingembre - 250ml","p":1.95,"u":"7,80 €/L","img":"https://fd13-photos.leclercdrive.fr/image.ashx?id=2941775&use=l&cat=p&typeid=i","cat":284619},{"id":215917,"n":"Liquide de Rinçage Finish  800ml","p":4.99,"u":"6,24 €/L","img":"https://fd13-photos.leclercdrive.fr/image.ashx?id=2864678&use=l&cat=p&typeid=i","cat":284657},{"id":215931,"n":"Gratte-éponge Spontex Secret d'Antan - x2","p":2.02,"u":"1,01 €/P","img":"https://fd13-photos.leclercdrive.fr/image.ashx?id=2601593&use=l&cat=p&typeid=i","cat":284667},{"id":215932,"n":"Eponges Spontex Fibres recyclées - x2","p":1.52,"u":"0,76 €/P","img":"https://fd13-photos.leclercdrive.fr/image.ashx?id=2758078&use=l&cat=p&typeid=i","cat":284667},{"id":215981,"n":"Petits pois D'Aucy Extra tendres - 3x560g","p":5.25,"u":"3,13 €/KG","img":"https://fd13-photos.leclercdrive.fr/image.ashx?id=2601404&use=l&cat=p&typeid=i","cat":312607},{"id":216007,"n":"Petits pots bébé P'TIT SOUPER Quinotto carottes 8M+ - 2x200g","p":2.14,"u":"5,35 €/KG","img":"https://fd13-photos.leclercdrive.fr/image.ashx?id=2737762&use=l&cat=p&typeid=i","cat":312239},{"id":216014,"n":"Feta bio Bio Village 150g","p":2.49,"u":"16,60 €/KG","img":"https://fd13-photos.leclercdrive.fr/image.ashx?id=2615813&use=l&cat=p&typeid=i","cat":314026},{"id":216020,"n":"Huile moteur Shell Helix Ultra Professional AR-L RN17 5W-30 5L","p":49.9,"u":"9,98 €/L","img":"https://fd13-photos.leclercdrive.fr/image.ashx?id=2601794&use=l&cat=p&typeid=i","cat":298253},{"id":216021,"n":"Desserts Lactés P'TIT ONCTUEUX  Mini Fraise 6M+ - 6x50g","p":1.98,"u":"6,60 €/KG","img":"https://fd13-photos.leclercdrive.fr/image.ashx?id=2601881&use=l&cat=p&typeid=i","cat":312392},{"id":216093,"n":"Chips Tortilla Doritos Goût barbecue style - 160g","p":2.0,"u":"12,50 €/KG","img":"https://fd13-photos.leclercdrive.fr/image.ashx?id=2880718&use=l&cat=p&typeid=i","cat":287899},{"id":216095,"n":"Chips Tortilla Doritos Goût nacho cheese - 160g","p":1.53,"u":"9,56 €/KG","img":"https://fd13-photos.leclercdrive.fr/image.ashx?id=2990478&use=l&cat=p&typeid=i","cat":287899},{"id":216096,"n":"Chips Tortilla Doritos Goût Nature Sel - 160g","p":1.94,"u":"12,13 €/KG","img":"https://fd13-photos.leclercdrive.fr/image.ashx?id=2880715&use=l&cat=p&typeid=i","cat":287899},{"id":216097,"n":"Chips Tortilla Doritos Goût paprika - 160g","p":1.84,"u":"11,50 €/KG","img":"https://fd13-photos.leclercdrive.fr/image.ashx?id=2890091&use=l&cat=p&typeid=i","cat":287899},{"id":216098,"n":"Chips Tortilla Doritos Goût sweet chili - 160g","p":1.93,"u":"12,06 €/KG","img":"https://fd13-photos.leclercdrive.fr/image.ashx?id=2990475&use=l&cat=p&typeid=i","cat":287899},{"id":216099,"n":"Chips Tortilla Doritos Goût sour cream - 160g","p":1.98,"u":"12,38 €/KG","img":"https://fd13-photos.leclercdrive.fr/image.ashx?id=2890088&use=l&cat=p&typeid=i","cat":287899},{"id":216113,"n":"Yaourt Fruits Panier de Yoplait Mûre Myrtille - 4x125g","p":1.76,"u":"3,52 €/KG","img":"https://fd13-photos.leclercdrive.fr/image.ashx?id=2884480&use=l&cat=p&typeid=i","cat":284410},{"id":216126,"n":"Yaourt Panier de Yoplait Fruits Rouges 0%Mg - 8x125g","p":2.69,"u":"2,69 €/KG","img":"https://fd13-photos.leclercdrive.fr/image.ashx?id=2830399&use=l&cat=p&typeid=i","cat":284410},{"id":216128,"n":"Yaourt Fruits Panier de Yoplait Panaché 0%Mg - 16x125g","p":4.49,"u":"2,25 €/KG","img":"https://fd13-photos.leclercdrive.fr/image.ashx?id=2884495&use=l&cat=p&typeid=i","cat":284410},{"id":216238,"n":"Vinaigre ménager gel citron Mieuxa - 1L","p":4.61,"u":"4,61 €/L","img":"https://fd13-photos.leclercdrive.fr/image.ashx?id=2604656&use=l&cat=p&typeid=i","cat":300576},{"id":216274,"n":"Nettoyant bois aloe vera Pliz Pistolet 500ml","p":3.61,"u":"7,22 €/L","img":"https://fd13-photos.leclercdrive.fr/image.ashx?id=2604840&use=l&cat=p&typeid=i","cat":325364},{"id":216295,"n":"Raclette nature Eco+ 400g","p":3.37,"u":"8,43 €/KG","img":"https://fd13-photos.leclercdrive.fr/image.ashx?id=2611852&use=l&cat=p&typeid=i","cat":314037},{"id":216303,"n":"Riz Méditerranée Ben's original  Express 2mn - 220g","p":1.32,"u":"5,28 €/KG","img":"https://fd13-photos.leclercdrive.fr/image.ashx?id=2995301&use=l&cat=p&typeid=i","cat":287600},{"id":216325,"n":"Gel douche Adidas Active Skin & Mind - Energy Kick - 250ml","p":2.55,"u":"10,20 €/L","img":"https://fd13-photos.leclercdrive.fr/image.ashx?id=2990784&use=l&cat=p&typeid=i","cat":284619},{"id":216353,"n":"Émincés de porc caramel L'Atelier Boucherie - 300g","p":4.59,"u":"15,30 €/KG","img":"https://fd13-photos.leclercdrive.fr/image.ashx?id=2854297&use=l&cat=p&typeid=i","cat":284331},{"id":216386,"n":"Riz extra long Taureau Ailé 450g","p":2.59,"u":"5,76 €/KG","img":"https://fd13-photos.leclercdrive.fr/image.ashx?id=2895924&use=l&cat=p&typeid=i","cat":284428},{"id":216389,"n":"Riz extra long Taureau Ailé Blanc - 450g","p":2.69,"u":"5,98 €/KG","img":"https://fd13-photos.leclercdrive.fr/image.ashx?id=2895921&use=l&cat=p&typeid=i","cat":284428},{"id":216395,"n":"Émincés de veau Tomates Herbes L'Atelier Boucherie - 200g","p":4.79,"u":"23,95 €/KG","img":"https://fd13-photos.leclercdrive.fr/image.ashx?id=2854285&use=l&cat=p&typeid=i","cat":284329},{"id":216463,"n":"Lingettes désinfectantes St  Marc Anti-Bactériennes - x80","p":2.29,"u":"0,03 €/P","img":"https://fd13-photos.leclercdrive.fr/image.ashx?id=2811341&use=l&cat=p&typeid=i","cat":325358},{"id":216472,"n":"Lait de croissance GUIGOZ 3  liquide dès 1 an - 6x500ml","p":9.81,"u":"3,27 €/L","img":"https://fd13-photos.leclercdrive.fr/image.ashx?id=2606415&use=l&cat=p&typeid=i","cat":284728},{"id":216474,"n":"Infusion La Tisanière Bio - menthe & citron vert 30g","p":3.1,"u":"103,33 €/KG","img":"https://fd13-photos.leclercdrive.fr/image.ashx?id=2606906&use=l&cat=p&typeid=i","cat":293234},{"id":216490,"n":"Substitut bio White spirit Mieuxa - 1L","p":8.95,"u":"8,95 €/L","img":"https://fd13-photos.leclercdrive.fr/image.ashx?id=2606993&use=l&cat=p&typeid=i","cat":300576},{"id":216495,"n":"Essence F Mieuxa - 1L","p":7.04,"u":"7,04 €/L","img":"https://fd13-photos.leclercdrive.fr/image.ashx?id=2606978&use=l&cat=p&typeid=i","cat":300576},{"id":216496,"n":"Substitut bio acétone Mieuxa - 1L","p":9.7,"u":"9,70 €/L","img":"https://fd13-photos.leclercdrive.fr/image.ashx?id=2606996&use=l&cat=p&typeid=i","cat":300576},{"id":216508,"n":"Soude caustique Mieuxa - 1kg","p":11.95,"u":"11,95 €/KG","img":"https://fd13-photos.leclercdrive.fr/image.ashx?id=2606972&use=l&cat=p&typeid=i","cat":300576},{"id":216596,"n":"Pâte à tartiner Andros be nuts Cacahuète croquant - 325g","p":3.37,"u":"10,37 €/KG","img":"https://fd13-photos.leclercdrive.fr/image.ashx?id=2906484&use=l&cat=p&typeid=i","cat":284481},{"id":216597,"n":"Pâte à tartiner Andros be nuts Cacahuète crémeux - 325g","p":3.32,"u":"10,22 €/KG","img":"https://fd13-photos.leclercdrive.fr/image.ashx?id=2916201&use=l&cat=p&typeid=i","cat":284481},{"id":216629,"n":"Soda Twist Pik Haribo Sachet bonbons acidulés - 190g","p":1.88,"u":"9,89 €/KG","img":"https://fd13-photos.leclercdrive.fr/image.ashx?id=2984958&use=l&cat=p&typeid=i","cat":304250},{"id":216634,"n":"Infusion La Tisanière  Bio citron","p":3.38,"u":"112,67 €/KG","img":"https://fd13-photos.leclercdrive.fr/image.ashx?id=2608605&use=l&cat=p&typeid=i","cat":293234},{"id":216639,"n":"Nectar orange Pressade Bio  - 1L","p":3.75,"u":"3,75 €/L","img":"https://fd13-photos.leclercdrive.fr/image.ashx?id=2732545&use=l&cat=p&typeid=i","cat":284521},{"id":216772,"n":"Desserts Lactés P'TIT ONCTUEUX Pomme 6M+ - 4x90g","p":2.07,"u":"5,75 €/KG","img":"https://fd13-photos.leclercdrive.fr/image.ashx?id=2737765&use=l&cat=p&typeid=i","cat":312392},{"id":216999,"n":"Pétales céréales Grainea Nature - 750g","p":2.99,"u":"3,99 €/KG","img":"https://fd13-photos.leclercdrive.fr/image.ashx?id=2927869&use=l&cat=p&typeid=i","cat":309512},{"id":217003,"n":"Céréales coco pops Kellogg's Au chocolat - 550g","p":3.89,"u":"7,07 €/KG","img":"https://fd13-photos.leclercdrive.fr/image.ashx?id=2611080&use=l&cat=p&typeid=i","cat":309513},{"id":217026,"n":"AOP Savoie blanc Apremont  Domaine Philippe Viallet - 75cl","p":7.95,"u":"10,60 €/L","img":"https://fd13-photos.leclercdrive.fr/image.ashx?id=2940920&use=l&cat=p&typeid=i","cat":289557},{"id":217145,"n":"Rhum Don Papa Baroko  40% vol. - 70cl","p":36.9,"u":"52,71 €/L","img":"https://fd13-photos.leclercdrive.fr/image.ashx?id=2654017&use=l&cat=p&typeid=i","cat":284550},{"id":217256,"n":"Champignons de Paris blancs Panier du Primeur - 400g","p":2.39,"u":"5,98 €/KG","img":"https://fd13-photos.leclercdrive.fr/image.ashx?id=2610765&use=l&cat=p&typeid=i","cat":284352},{"id":217610,"n":"Café en grain  Bio Village Bio Pur arabica - 500g","p":8.39,"u":"16,78 €/KG","img":"https://fd13-photos.leclercdrive.fr/image.ashx?id=2615376&use=l&cat=p&typeid=i","cat":293237},{"id":217611,"n":"Chataigne Bio Village Bio - 195g","p":3.71,"u":"19,03 €/KG","img":"https://fd13-photos.leclercdrive.fr/image.ashx?id=2613747&use=l&cat=p&typeid=i","cat":312612},{"id":217613,"n":"Café en grain Plantation Ethiopie - 500g","p":7.99,"u":"15,98 €/KG","img":"https://fd13-photos.leclercdrive.fr/image.ashx?id=2824310&use=l&cat=p&typeid=i","cat":293237},{"id":217614,"n":"Chips  Bugles 3D Lay's Format familiale - 150g","p":1.37,"u":"9,13 €/KG","img":"https://fd13-photos.leclercdrive.fr/image.ashx?id=2917420&use=l&cat=p&typeid=i","cat":284449},{"id":217618,"n":"Velouté bio Jardin Bio Potiron patate douce 1L","p":3.1,"u":"3,10 €/L","img":"https://fd13-photos.leclercdrive.fr/image.ashx?id=2615077&use=l&cat=p&typeid=i","cat":284462},{"id":217622,"n":"Concassé de tomates bio Jardin Bio - 400g","p":1.32,"u":"3,30 €/KG","img":"https://fd13-photos.leclercdrive.fr/image.ashx?id=2615071&use=l&cat=p&typeid=i","cat":288384},{"id":217934,"n":"Gel douche Adidas Active Skin & Mind - Cool Down - 250ml","p":2.59,"u":"10,36 €/L","img":"https://fd13-photos.leclercdrive.fr/image.ashx?id=2990775&use=l&cat=p&typeid=i","cat":284619},{"id":217935,"n":"Désodorisant diffuseur Airwick  Active Fresh Coton - 75ml","p":3.05,"u":"40,67 €/L","img":"https://fd13-photos.leclercdrive.fr/image.ashx?id=2616186&use=l&cat=p&typeid=i","cat":311629},{"id":217936,"n":"Désodorisant diffuseur Airwick  Active Fresh Magnolia - 75ml","p":3.39,"u":"45,20 €/L","img":"https://fd13-photos.leclercdrive.fr/image.ashx?id=2616435&use=l&cat=p&typeid=i","cat":311629},{"id":217946,"n":"Détachant textile Texil Multi-usage - 500g","p":2.8,"u":"5,60 €/KG","img":"https://fd13-photos.leclercdrive.fr/image.ashx?id=2988132&use=l&cat=p&typeid=i","cat":284651},{"id":217959,"n":"Dentifrice Oral-B  3D White luxe - 75ml","p":4.89,"u":"65,20 €/L","img":"https://fd13-photos.leclercdrive.fr/image.ashx?id=2737540&use=l&cat=p&typeid=i","cat":284612},{"id":217961,"n":"Brossettes Oral-B Pro Precision clean - x2","p":12.08,"u":"6,04 €/P","img":"https://fd13-photos.leclercdrive.fr/image.ashx?id=2957692&use=l&cat=p&typeid=i","cat":297133},{"id":217987,"n":"Dentifrice Signal Integral 8 Prébiotique complet - 100ml","p":2.41,"u":"24,10 €/L","img":"https://fd13-photos.leclercdrive.fr/image.ashx?id=2738668&use=l&cat=p&typeid=i","cat":284612},{"id":217989,"n":"Dentifrice Integral 8 Signal HaleineFraîche Prébiotique 75ml","p":2.15,"u":"28,67 €/L","img":"https://fd13-photos.leclercdrive.fr/image.ashx?id=2985660&use=l&cat=p&typeid=i","cat":284612},{"id":217991,"n":"Dentifrice Signal Integral 8 Nettoyage intense - 75ml","p":2.15,"u":"28,67 €/L","img":"https://fd13-photos.leclercdrive.fr/image.ashx?id=2818190&use=l&cat=p&typeid=i","cat":284612},{"id":217993,"n":"Dentifrice Integral 8 Signal Blancheur Prébiotique 75ml","p":1.72,"u":"22,93 €/L","img":"https://fd13-photos.leclercdrive.fr/image.ashx?id=2974668&use=l&cat=p&typeid=i","cat":284612},{"id":217995,"n":"Dentifrice Signal Integral 8 Resist +Prébiotique - 75ml","p":2.57,"u":"34,27 €/L","img":"https://fd13-photos.leclercdrive.fr/image.ashx?id=2818199&use=l&cat=p&typeid=i","cat":284612},{"id":218000,"n":"Dentifrice Signal Système Blancheur 1 semaine - 75ml","p":1.79,"u":"23,87 €/L","img":"https://fd13-photos.leclercdrive.fr/image.ashx?id=2777516&use=l&cat=p&typeid=i","cat":284612},{"id":218001,"n":"Dentifrice Signal Système Blancheur - Charbon - 75ml","p":2.47,"u":"32,93 €/L","img":"https://fd13-photos.leclercdrive.fr/image.ashx?id=2981421&use=l&cat=p&typeid=i","cat":284612},{"id":218002,"n":"Dentifrice Signal Système Blancheur Eclat brillance 75ml","p":2.36,"u":"31,47 €/L","img":"https://fd13-photos.leclercdrive.fr/image.ashx?id=2981424&use=l&cat=p&typeid=i","cat":284612},{"id":218003,"n":"Brosse à dents Signal Integral  8 - Noir - Souple - x1","p":2.24,"img":"https://fd13-photos.leclercdrive.fr/image.ashx?id=2748707&use=l&cat=p&typeid=i","cat":284614},{"id":218027,"n":"Assortiment Mini Barre Kit Kat Chocolat au lait - 240g","p":4.91,"u":"20,46 €/KG","img":"https://fd13-photos.leclercdrive.fr/image.ashx?id=2792873&use=l&cat=p&typeid=i","cat":284498},{"id":218033,"n":"Menu complet Hamster 800g","p":1.88,"u":"2,35 €/KG","img":"https://fd13-photos.leclercdrive.fr/image.ashx?id=2646809&use=l&cat=p&typeid=i","cat":284677},{"id":218042,"n":"Saumon naturel Pêche Océan ASC 112g","p":3.1,"u":"27,68 €/KG","img":"https://fd13-photos.leclercdrive.fr/image.ashx?id=2615937&use=l&cat=p&typeid=i","cat":305147},{"id":218100,"n":"Lait bébé 1A NIDAL 1  dès la Naissance - 2x600g","p":17.99,"u":"14,99 €/KG","img":"https://fd13-photos.leclercdrive.fr/image.ashx?id=2855783&use=l&cat=p&typeid=i","cat":284726},{"id":218178,"n":"Nuggets de dinde Côté Croc 1kg","p":5.99,"img":"https://fd13-photos.leclercdrive.fr/image.ashx?id=2837072&use=l&cat=p&typeid=i","cat":333684},{"id":218189,"n":"Pizza croustimoelleuse extrême  Marie Tartiflette - 2+1 offerte","p":6.98,"u":"4,23 €/KG","img":"https://fd13-photos.leclercdrive.fr/image.ashx?id=2996665&use=l&cat=p&typeid=i","cat":284256},{"id":218216,"n":"Bonbon surfizz Lutti cola - 200g","p":1.65,"u":"8,25 €/KG","img":"https://fd13-photos.leclercdrive.fr/image.ashx?id=2817446&use=l&cat=p&typeid=i","cat":304250},{"id":218226,"n":"Assaisonnement Viandox Knorr 665ml","p":5.25,"u":"7,89 €/L","img":"https://fd13-photos.leclercdrive.fr/image.ashx?id=2729935&use=l&cat=p&typeid=i","cat":288383},{"id":218231,"n":"Bonbons Krema Fruits rouges - 240g","p":2.28,"u":"9,50 €/KG","img":"https://fd13-photos.leclercdrive.fr/image.ashx?id=2618047&use=l&cat=p&typeid=i","cat":304250},{"id":218251,"n":"Bonbons Dooo & Fizz Lutti 450g","p":5.02,"u":"11,16 €/KG","img":"https://fd13-photos.leclercdrive.fr/image.ashx?id=2964459&use=l&cat=p&typeid=i","cat":304250},{"id":218304,"n":"Cordon bleu de dinde Côté Croc 1kg","p":5.99,"u":"5,99 €/KG","img":"https://fd13-photos.leclercdrive.fr/image.ashx?id=2617319&use=l&cat=p&typeid=i","cat":333683},{"id":218305,"n":"Saucisses de Montbéliard IGP NRT - 500g","p":5.99,"u":"11,98 €/KG","img":"https://fd13-photos.leclercdrive.fr/image.ashx?id=2991509&use=l&cat=p&typeid=i","cat":316012},{"id":218310,"n":"Saumon fumé Delpeyrat Norvège 10 tranches - 300g","p":9.98,"u":"33,27 €/KG","img":"https://fd13-photos.leclercdrive.fr/image.ashx?id=2923540&use=l&cat=p&typeid=i","cat":285188},{"id":218311,"n":"Pain de mie Epi d'Or Cérales & Graines - 580g","p":2.54,"u":"4,38 €/KG","img":"https://fd13-photos.leclercdrive.fr/image.ashx?id=2728270&use=l&cat=p&typeid=i","cat":284477},{"id":218330,"n":"Mini croque-monsieur Côté Table Truffe x12 - 100g","p":4.99,"u":"49,90 €/KG","img":"https://fd13-photos.leclercdrive.fr/image.ashx?id=2617383&use=l&cat=p&typeid=i","cat":319774},{"id":218332,"n":"Pizza feu de bois Turini Montagnarde - 450g","p":3.24,"u":"7,20 €/KG","img":"https://fd13-photos.leclercdrive.fr/image.ashx?id=2816621&use=l&cat=p&typeid=i","cat":284256},{"id":218333,"n":"Yakitori poulet Ajinomoto Sauce Teriaki - 200g","p":4.85,"u":"24,25 €/KG","img":"https://fd13-photos.leclercdrive.fr/image.ashx?id=2692596&use=l&cat=p&typeid=i","cat":319774},{"id":218336,"n":"Bûche glacée Erhard Marron vanille - 420g","p":9.97,"pp":8.17,"u":"19,45 €/KG","img":"https://fd13-photos.leclercdrive.fr/image.ashx?id=2631135&use=l&cat=p&typeid=i","cat":284266},{"id":218402,"n":"Badiane Ducros 25g","p":2.27,"u":"90,80 €/KG","img":"https://fd13-photos.leclercdrive.fr/image.ashx?id=2618891&use=l&cat=p&typeid=i","cat":298297},{"id":218407,"n":"Melange pour curry Ducros 20g","p":1.33,"u":"66,50 €/KG","img":"https://fd13-photos.leclercdrive.fr/image.ashx?id=2618888&use=l&cat=p&typeid=i","cat":298297},{"id":218423,"n":"Burrata di Bufala Les Croisés - 125g","p":2.91,"u":"23,28 €/KG","img":"https://fd13-photos.leclercdrive.fr/image.ashx?id=3009529&use=l&cat=p&typeid=i","cat":314026},{"id":218424,"n":"Milky fromage enfant à tartiner Les Croisés 8 portions - 144g","p":1.76,"u":"12,22 €/KG","img":"https://fd13-photos.leclercdrive.fr/image.ashx?id=2791908&use=l&cat=p&typeid=i","cat":314030},{"id":218560,"n":"Tortillas Old El Paso de blé  nature familial x12 - 489g","p":3.34,"u":"0,28 €/P","img":"https://fd13-photos.leclercdrive.fr/image.ashx?id=2737669&use=l&cat=p&typeid=i","cat":288993},{"id":218563,"n":"Sauce Tomates Cuisinées Panzani - 650G","p":2.39,"u":"3,68 €/KG","img":"https://fd13-photos.leclercdrive.fr/image.ashx?id=2977936&use=l&cat=p&typeid=i","cat":287599},{"id":218572,"n":"Sauce Pesto Barilla Basilic et citron - 190g","p":2.79,"u":"14,68 €/KG","img":"https://fd13-photos.leclercdrive.fr/image.ashx?id=2620758&use=l&cat=p&typeid=i","cat":287599},{"id":218584,"n":"Curry madras 45G - DUCROS","p":1.7,"u":"37,78 €/KG","img":"https://fd13-photos.leclercdrive.fr/image.ashx?id=2620131&use=l&cat=p&typeid=i","cat":298297},{"id":218586,"n":"Curry korma 42G- DUCROS","p":2.14,"u":"50,95 €/KG","img":"https://fd13-photos.leclercdrive.fr/image.ashx?id=2620134&use=l&cat=p&typeid=i","cat":298297},{"id":218587,"n":"Curry tandoori 37G - DUCROS","p":2.36,"u":"63,78 €/KG","img":"https://fd13-photos.leclercdrive.fr/image.ashx?id=2620137&use=l&cat=p&typeid=i","cat":298297},{"id":218599,"n":"Lait bébé 2A GUIGOZ OPTIPRO  6-12M - 2x600g","p":19.11,"u":"15,93 €/KG","img":"https://fd13-photos.leclercdrive.fr/image.ashx?id=2737756&use=l&cat=p&typeid=i","cat":284727},{"id":218800,"n":"Croquettes chat Perfect Fit  Stérilisé Anti Hairball - 1,4kg","p":7.28,"u":"5,20 €/KG","img":"https://fd13-photos.leclercdrive.fr/image.ashx?id=2622756&use=l&cat=p&typeid=i","cat":284680},{"id":218803,"n":"Croquettes chat sénior Perfect  Fit 11+ au poulet - 1,4kg","p":7.08,"u":"5,06 €/KG","img":"https://fd13-photos.leclercdrive.fr/image.ashx?id=2871076&use=l&cat=p&typeid=i","cat":284680},{"id":218804,"n":"Croquettes chat Perfect Fit Boeuf Stérilisés Adulte 1.4kg","p":6.32,"u":"4,51 €/KG","img":"https://fd13-photos.leclercdrive.fr/image.ashx?id=2622792&use=l&cat=p&typeid=i","cat":284680},{"id":218819,"n":"Croquettes chat sénior Perfect  Fit 7+ au poulet - 1,4kg","p":7.33,"u":"5,24 €/KG","img":"https://fd13-photos.leclercdrive.fr/image.ashx?id=2624332&use=l&cat=p&typeid=i","cat":284680},{"id":218838,"n":"Rillettes de thon MSC Cap Océan - 140g","p":1.88,"u":"13,43 €/KG","img":"https://fd13-photos.leclercdrive.fr/image.ashx?id=3008845&use=l&cat=p&typeid=i","cat":285191},{"id":218861,"n":"Knacki Original Herta Sans nitrite x10 - 350g","p":3.3,"u":"9,43 €/KG","img":"https://fd13-photos.leclercdrive.fr/image.ashx?id=2684958&use=l&cat=p&typeid=i","cat":316012},{"id":219039,"n":"Pétales de céréales Grainea Chocolat noir - 550g","p":2.73,"u":"4,96 €/KG","img":"https://fd13-photos.leclercdrive.fr/image.ashx?id=2917672&use=l&cat=p&typeid=i","cat":309512},{"id":219041,"n":"Pétales de céréales Grainea Chocolat au lait - 550g","p":2.58,"u":"4,69 €/KG","img":"https://fd13-photos.leclercdrive.fr/image.ashx?id=2917669&use=l&cat=p&typeid=i","cat":309512},{"id":219068,"n":"Thym Ducros 35g","p":1.77,"u":"50,57 €/KG","img":"https://fd13-photos.leclercdrive.fr/image.ashx?id=2624589&use=l&cat=p&typeid=i","cat":298297},{"id":219069,"n":"Sauce Pesto Barilla Alla Calabrese - 190g","p":2.59,"u":"13,63 €/KG","img":"https://fd13-photos.leclercdrive.fr/image.ashx?id=2624751&use=l&cat=p&typeid=i","cat":287599},{"id":219070,"n":"Poivre saveur & épices 40g","p":2.48,"u":"62,00 €/KG","img":"https://fd13-photos.leclercdrive.fr/image.ashx?id=2624592&use=l&cat=p&typeid=i","cat":284457},{"id":219142,"n":"Lessive liquide Chanteclair Musc Blanc - 1800ml","p":6.82,"u":"3,79 €/L","img":"https://fd13-photos.leclercdrive.fr/image.ashx?id=2997298&use=l&cat=p&typeid=i","cat":284640},{"id":219283,"n":"Granola extra cookie Chocolat - 6x184g","p":10.5,"pp":7.35,"u":"6,66 €/KG","img":"https://fd13-photos.leclercdrive.fr/image.ashx?id=2629719&use=l&cat=p&typeid=i","cat":284488},{"id":219490,"n":"Vin d'Espagne grenache Bernard Cordelier - 75cl","p":1.75,"u":"2,33 €/L","img":"https://fd13-photos.leclercdrive.fr/image.ashx?id=2714977&use=l&cat=p&typeid=i","cat":289558},{"id":219601,"n":"Petits pains grillés Pasquier Blé complet - 225g","p":1.85,"u":"8,22 €/KG","img":"https://fd13-photos.leclercdrive.fr/image.ashx?id=2834452&use=l&cat=p&typeid=i","cat":284479},{"id":219602,"n":"Petits pains grillés Pasquier Froment - 225g","p":1.61,"u":"7,16 €/KG","img":"https://fd13-photos.leclercdrive.fr/image.ashx?id=2834455&use=l&cat=p&typeid=i","cat":284479},{"id":219670,"n":"Huile moteur Ultra Shell Helix 5w40 - 5L","p":34.04,"u":"Dont 0,36 € d'éco-part.","img":"https://fd13-photos.leclercdrive.fr/image.ashx?id=2629524&use=l&cat=p&typeid=i","cat":298253},{"id":219680,"n":"Huile moteur Ultra Shell Helix HX7 - 5L","p":23.41,"u":"Dont 0,36 € d'éco-part.","img":"https://fd13-photos.leclercdrive.fr/image.ashx?id=2629527&use=l&cat=p&typeid=i","cat":298253},{"id":219720,"n":"Oeufs de truite Ronde des Mers 80g","p":4.69,"u":"58,63 €/KG","img":"https://fd13-photos.leclercdrive.fr/image.ashx?id=2653092&use=l&cat=p&typeid=i","cat":285191},{"id":219722,"n":"Bloc de foie gras de canard Pierre de Chaumeyrac - 300g","p":16.9,"u":"56,33 €/KG","img":"https://fd13-photos.leclercdrive.fr/image.ashx?id=2804341&use=l&cat=p&typeid=i","cat":316008},{"id":219786,"n":"Pruneaux d'Agen IGP Nos Régions ont du Talent 375g","p":2.99,"u":"7,97 €/KG","img":"https://fd13-photos.leclercdrive.fr/image.ashx?id=2627398&use=l&cat=p&typeid=i","cat":284357},{"id":219921,"n":"Saumon fumé Ronde des Mers Islande 4 tranches - 140g","p":4.99,"u":"35,64 €/KG","img":"https://fd13-photos.leclercdrive.fr/image.ashx?id=2833138&use=l&cat=p&typeid=i","cat":285188},{"id":220027,"n":"Miel Soutenons nos agriculteurs Liquide - 500 g","p":5.59,"u":"11,18 €/KG","img":"https://fd13-photos.leclercdrive.fr/image.ashx?id=2724865&use=l&cat=p&typeid=i","cat":287643},{"id":220127,"n":"Muesli chia sans gluten bio  Terres et Céréales - 500g","p":4.78,"u":"9,56 €/KG","img":"https://fd13-photos.leclercdrive.fr/image.ashx?id=2634148&use=l&cat=p&typeid=i","cat":309512},{"id":220245,"n":"Croquettes chien  Pedigree à la volaille - 7kg","p":19.32,"u":"2,76 €/KG","img":"https://fd13-photos.leclercdrive.fr/image.ashx?id=2813495&use=l&cat=p&typeid=i","cat":284672},{"id":220254,"n":"Croquettes chien  Pedigree au bœuf - 7kg","p":17.9,"u":"2,56 €/KG","img":"https://fd13-photos.leclercdrive.fr/image.ashx?id=2981286&use=l&cat=p&typeid=i","cat":284672},{"id":220258,"n":"Sachet fraîcheur chat Sheba  Volaille en sauce - 40x85g","p":16.64,"u":"4,89 €/KG","img":"https://fd13-photos.leclercdrive.fr/image.ashx?id=2642729&use=l&cat=p&typeid=i","cat":285286},{"id":220296,"n":"Boîte chat Whiskas  Gelée du marché - 4x390g","p":4.96,"u":"3,18 €/KG","img":"https://fd13-photos.leclercdrive.fr/image.ashx?id=2730490&use=l&cat=p&typeid=i","cat":285601},{"id":220298,"n":"Bonbons Tubes Acid'  Copains Copines - 180g","p":1.39,"u":"7,72 €/KG","img":"https://fd13-photos.leclercdrive.fr/image.ashx?id=2934775&use=l&cat=p&typeid=i","cat":304250},{"id":220350,"n":"Stevia en comprimés Edulcorel x100 - 7g","p":0.99,"u":"141,43 €/KG","img":"https://fd13-photos.leclercdrive.fr/image.ashx?id=2632915&use=l&cat=p&typeid=i","cat":324846},{"id":220353,"n":"Foie gras de canard entier  Larnaudie Selection - 160g","p":14.99,"u":"93,69 €/KG","img":"https://fd13-photos.leclercdrive.fr/image.ashx?id=2633929&use=l&cat=p&typeid=i","cat":305148},{"id":220358,"n":"Chewing-gum Hollywood Fraise - 5x14g","p":1.9,"u":"27,14 €/KG","img":"https://fd13-photos.leclercdrive.fr/image.ashx?id=2968508&use=l&cat=p&typeid=i","cat":304251},{"id":220372,"n":"Chewing-gum Hollywood Ice Fresh - 5x14g","p":1.9,"u":"27,14 €/KG","img":"https://fd13-photos.leclercdrive.fr/image.ashx?id=2968520&use=l&cat=p&typeid=i","cat":304251},{"id":220539,"n":"Raisin rosé sans pépins Panier du Primeur - 500g","p":3.49,"u":"6,98 €/KG","img":"https://fd13-photos.leclercdrive.fr/image.ashx?id=2858144&use=l&cat=p&typeid=i","cat":284356},{"id":220547,"n":"Raisin blanc sans pépins Panier du Primeur - 500g","p":3.99,"u":"7,98 €/KG","img":"https://fd13-photos.leclercdrive.fr/image.ashx?id=2858132&use=l&cat=p&typeid=i","cat":284356},{"id":220689,"n":"Dentifrice Integral 8 Signal Interdentaire Prébiotique 75ml","p":2.15,"u":"28,67 €/L","img":"https://fd13-photos.leclercdrive.fr/image.ashx?id=2940654&use=l&cat=p&typeid=i","cat":284612},{"id":220742,"n":"Savon Le Petit Marseillais  Recharge antibacterien - 250ml","p":1.43,"u":"5,72 €/L","img":"https://fd13-photos.leclercdrive.fr/image.ashx?id=2684230&use=l&cat=p&typeid=i","cat":284597},{"id":220786,"n":"Papier toilette humide Lotus Confort - x38","p":1.47,"u":"0,04 €/P","img":"https://fd13-photos.leclercdrive.fr/image.ashx?id=2864843&use=l&cat=p&typeid=i","cat":284634},{"id":220788,"n":"Recharge crème lavante mains Le Petit Marseillais Lait 250ml","p":0.82,"u":"3,28 €/L","img":"https://fd13-photos.leclercdrive.fr/image.ashx?id=2735242&use=l&cat=p&typeid=i","cat":284597},{"id":220789,"n":"Coloration Permanente Olia 5.15 Chocolat Glacé","p":8.0,"img":"https://fd13-photos.leclercdrive.fr/image.ashx?id=2635961&use=l&cat=p&typeid=i","cat":288899},{"id":220791,"n":"Après-shampooing Garnier Cheveu coloré ou méché - 250ml","p":2.39,"u":"9,56 €/L","img":"https://fd13-photos.leclercdrive.fr/image.ashx?id=2828049&use=l&cat=p&typeid=i","cat":284607},{"id":220794,"n":"Sérum Éclat La Provençale Bio Jouvence à la Vitamine C - 30ml","p":10.67,"u":"355,67 €/L","img":"https://fd13-photos.leclercdrive.fr/image.ashx?id=2950363&use=l&cat=p&typeid=i","cat":325345},{"id":220799,"n":"Rasoirs rechargeables Bic Hybrid Flex 5 - Hommes - x4","p":6.37,"u":"1,59 €/P","img":"https://fd13-photos.leclercdrive.fr/image.ashx?id=2636069&use=l&cat=p&typeid=i","cat":284616},{"id":220800,"n":"Pommes rissolées Findus 1.08kg","p":3.7,"u":"3,43 €/KG","img":"https://fd13-photos.leclercdrive.fr/image.ashx?id=2843183&use=l&cat=p&typeid=i","cat":319792},{"id":220802,"n":"Rasoirs rechargeables Bic Click 3 Soleil - x4","p":4.35,"u":"1,09 €/P","img":"https://fd13-photos.leclercdrive.fr/image.ashx?id=2636072&use=l&cat=p&typeid=i","cat":325352},{"id":220821,"n":"Crème lavante mains Le Petit Marseillais - Amande - 250ml","p":0.84,"u":"3,36 €/L","img":"https://fd13-photos.leclercdrive.fr/image.ashx?id=2684209&use=l&cat=p&typeid=i","cat":284597},{"id":220822,"n":"Gel lavant mains Le Petit Marseillais Antibactérien 300ml","p":1.88,"u":"6,27 €/L","img":"https://fd13-photos.leclercdrive.fr/image.ashx?id=2684557&use=l&cat=p&typeid=i","cat":284597},{"id":220823,"n":"Gel lavant mains Le Petit Marseillais - Lavande - 300ml","p":1.64,"u":"5,47 €/L","img":"https://fd13-photos.leclercdrive.fr/image.ashx?id=2684221&use=l&cat=p&typeid=i","cat":284597},{"id":220824,"n":"Crème lavante mains Le Petit Marseillais - Lait - 300ml","p":1.82,"u":"6,07 €/L","img":"https://fd13-photos.leclercdrive.fr/image.ashx?id=2684224&use=l&cat=p&typeid=i","cat":284597},{"id":220826,"n":"Gel lavant mains Le Petit  Marseillais Le cuisinier 250ml","p":1.21,"u":"4,84 €/L","img":"https://fd13-photos.leclercdrive.fr/image.ashx?id=2684560&use=l&cat=p&typeid=i","cat":284597},{"id":220827,"n":"Sérum Autobronzant Garnier Natural Bronzer visage - 30ml","p":10.61,"u":"353,67 €/L","img":"https://fd13-photos.leclercdrive.fr/image.ashx?id=2669280&use=l&cat=p&typeid=i","cat":325355},{"id":220851,"n":"Saumon fumé Ronde des Mers Écosse - 14 tranches - 490g","p":17.49,"u":"35,69 €/KG","img":"https://fd13-photos.leclercdrive.fr/image.ashx?id=2833023&use=l&cat=p&typeid=i","cat":285188},{"id":220999,"n":"Film Scel-O-Frais Fraîcheur - 20m","p":1.88,"img":"https://fd13-photos.leclercdrive.fr/image.ashx?id=2639615&use=l&cat=p&typeid=i","cat":285194},{"id":221193,"n":"Gressins sésame  Eco+ 120g","p":1.04,"u":"8,32 €/KG","img":"https://fd13-photos.leclercdrive.fr/image.ashx?id=2640004&use=l&cat=p&typeid=i","cat":297000},{"id":221205,"n":"Fromage fondu Burger Eco+ x10 - 200g","p":1.15,"u":"5,75 €/KG","img":"https://fd13-photos.leclercdrive.fr/image.ashx?id=2956960&use=l&cat=p&typeid=i","cat":314028},{"id":221208,"n":"Disques à démaquiller x120","p":0.39,"img":"https://fd13-photos.leclercdrive.fr/image.ashx?id=2640119&use=l&cat=p&typeid=i","cat":285593},{"id":221210,"n":"Dessert liégeois Andros Pomme fraise cassis - 400g","p":2.48,"u":"6,20 €/KG","img":"https://fd13-photos.leclercdrive.fr/image.ashx?id=2642663&use=l&cat=p&typeid=i","cat":285042},{"id":221211,"n":"Milky goûter fromage enfants  Les Croisés 8 portions 280g","p":2.99,"u":"10,68 €/KG","img":"https://fd13-photos.leclercdrive.fr/image.ashx?id=2791902&use=l&cat=p&typeid=i","cat":314030},{"id":221213,"n":"Jus de pomme Pauline 1L","p":2.62,"u":"2,62 €/L","img":"https://fd13-photos.leclercdrive.fr/image.ashx?id=2733865&use=l&cat=p&typeid=i","cat":284522},{"id":221215,"n":"Nectar de poire Pauline  1L","p":3.05,"u":"3,05 €/L","img":"https://fd13-photos.leclercdrive.fr/image.ashx?id=2733868&use=l&cat=p&typeid=i","cat":284915},{"id":221217,"n":"Maxi croustis Cheesy Bonduelle Potiron lentille emmental -240g","p":2.91,"u":"12,13 €/KG","img":"https://fd13-photos.leclercdrive.fr/image.ashx?id=2979650&use=l&cat=p&typeid=i","cat":319822},{"id":221222,"n":"Mini croustis Italian Bonduelle Aubergine poivron mozza - 240g","p":2.91,"u":"12,13 €/KG","img":"https://fd13-photos.leclercdrive.fr/image.ashx?id=2960708&use=l&cat=p&typeid=i","cat":319822},{"id":221233,"n":"Fromages râpé spécial Pâtes  Les Croisés - 150g","p":2.09,"u":"13,93 €/KG","img":"https://fd13-photos.leclercdrive.fr/image.ashx?id=2897841&use=l&cat=p&typeid=i","cat":314035},{"id":221272,"n":"Triangolo Fromage enfants vache Les Croisés 32 portions - 533g","p":3.5,"u":"6,57 €/KG","img":"https://fd13-photos.leclercdrive.fr/image.ashx?id=2791893&use=l&cat=p&typeid=i","cat":314030},{"id":221398,"n":"Riz Tradizioni d'Italia Carnaroli - 500g","p":2.39,"u":"4,78 €/KG","img":"https://fd13-photos.leclercdrive.fr/image.ashx?id=2913793&use=l&cat=p&typeid=i","cat":284428},{"id":221401,"n":"Saumon fumé Ronde des Mers Norvège 14 tranches - 490g","p":17.49,"u":"35,69 €/KG","img":"https://fd13-photos.leclercdrive.fr/image.ashx?id=2976300&use=l&cat=p&typeid=i","cat":285188},{"id":221463,"n":"Saumon fumé Delpeyrat Ecosse - 10 tranches - 275g","p":9.98,"u":"36,29 €/KG","img":"https://fd13-photos.leclercdrive.fr/image.ashx?id=2923543&use=l&cat=p&typeid=i","cat":285188},{"id":221493,"n":"Stevia en comprimés Eco+ x650 - 42,25g","p":1.52,"u":"36,19 €/KG","img":"https://fd13-photos.leclercdrive.fr/image.ashx?id=2641789&use=l&cat=p&typeid=i","cat":284502},{"id":221498,"n":"Infusion nuit tranquille miel Elephant - x20 - 30g","p":2.22,"u":"74,00 €/KG","img":"https://fd13-photos.leclercdrive.fr/image.ashx?id=2655650&use=l&cat=p&typeid=i","cat":293234},{"id":221506,"n":"Crème lavante mains Fleur d'oranger Bio - 250ml","p":0.84,"u":"3,17 €/L","img":"https://fd13-photos.leclercdrive.fr/image.ashx?id=2684542&use=l&cat=p&typeid=i","cat":284597},{"id":221507,"n":"Infusion nuit tranquille  Elephant - x20 - 30g","p":1.53,"u":"51,00 €/KG","img":"https://fd13-photos.leclercdrive.fr/image.ashx?id=2655647&use=l&cat=p&typeid=i","cat":293234},{"id":221508,"n":"Gel lavant mains Le Petit Marseillais Huile d'olive 300ml","p":1.63,"u":"5,43 €/L","img":"https://fd13-photos.leclercdrive.fr/image.ashx?id=2684218&use=l&cat=p&typeid=i","cat":284597},{"id":221513,"n":"Gel lavant mains Le Petit Marseillais - Olive - 250ml","p":1.05,"img":"https://fd13-photos.leclercdrive.fr/image.ashx?id=2684227&use=l&cat=p&typeid=i","cat":284597},{"id":221596,"n":"Fromage bleu truffe blanche été L'Origine du Goût - 170g","p":5.5,"u":"32,35 €/KG","img":"https://fd13-photos.leclercdrive.fr/image.ashx?id=2817175&use=l&cat=p&typeid=i","cat":314032},{"id":221884,"n":"Haricots verts extra fins Bonduelle - 3 x 440g","p":5.82,"u":"4,41 €/KG","img":"https://fd13-photos.leclercdrive.fr/image.ashx?id=2856967&use=l&cat=p&typeid=i","cat":312606},{"id":221933,"n":"Dentifrice Oral-B 3D White Advanced Luxe blancheur 2x75ml","p":6.61,"u":"44,07 €/L","img":"https://fd13-photos.leclercdrive.fr/image.ashx?id=2795914&use=l&cat=p&typeid=i","cat":284612},{"id":221934,"n":"Dentifrice Oral-B 3D White Advanced Luxe perfection 2x75ml","p":6.61,"u":"44,07 €/L","img":"https://fd13-photos.leclercdrive.fr/image.ashx?id=2745334&use=l&cat=p&typeid=i","cat":284612},{"id":221935,"n":"Gel douche Adidas UEFA star edition - 250ml","p":3.1,"u":"12,40 €/L","img":"https://fd13-photos.leclercdrive.fr/image.ashx?id=2647567&use=l&cat=p&typeid=i","cat":284619},{"id":222032,"n":"Rasoir hydro 5 Wilkinson Starter sensitive + 4 lames","p":13.6,"img":"https://fd13-photos.leclercdrive.fr/image.ashx?id=2736331&use=l&cat=p&typeid=i","cat":284616},{"id":222052,"n":"Fruit de la passion 1p","p":1.1,"img":"https://fd13-photos.leclercdrive.fr/image.ashx?id=1633904&use=l&cat=p&typeid=i","cat":284356},{"id":222082,"n":"Shampoing nutrition Ultra Doux Argan et Camélia - 600ml","p":5.06,"u":"8,43 €/L","img":"https://fd13-photos.leclercdrive.fr/image.ashx?id=2648781&use=l&cat=p&typeid=i","cat":284606},{"id":222083,"n":"Shampoing illuminant Ultra Doux Camomille Miel - 600ml","p":5.04,"u":"8,40 €/L","img":"https://fd13-photos.leclercdrive.fr/image.ashx?id=2926602&use=l&cat=p&typeid=i","cat":284606},{"id":222087,"n":"Shampoing Enfants Ultra Doux Abricot - 600ml","p":5.33,"u":"8,88 €/L","img":"https://fd13-photos.leclercdrive.fr/image.ashx?id=2851096&use=l&cat=p&typeid=i","cat":284606},{"id":222089,"n":"Shampoing nutrition Ultra Doux Avocat et Karité - 600ml","p":4.93,"u":"8,22 €/L","img":"https://fd13-photos.leclercdrive.fr/image.ashx?id=2944852&use=l&cat=p&typeid=i","cat":284606},{"id":222092,"n":"Pommes Chantecler 1p","p":0.5,"img":"https://fd13-photos.leclercdrive.fr/image.ashx?id=1631116&use=l&cat=p&typeid=i","cat":284356},{"id":222094,"n":"Pomme Coeur de Reine 1p","p":0.5,"img":"https://fd13-photos.leclercdrive.fr/image.ashx?id=2496611&use=l&cat=p&typeid=i","cat":284356},{"id":222111,"n":"Radis noir  1p","p":1.49,"img":"https://fd13-photos.leclercdrive.fr/image.ashx?id=578511&use=l&cat=p&typeid=i","cat":284352},{"id":222126,"n":"Courgette ronde  1p","p":0.75,"img":"https://fd13-photos.leclercdrive.fr/image.ashx?id=1631976&use=l&cat=p&typeid=i","cat":284352},{"id":222128,"n":"Poivron doux rouge  1p","p":1.29,"img":"https://fd13-photos.leclercdrive.fr/image.ashx?id=1633094&use=l&cat=p&typeid=i","cat":284352},{"id":222132,"n":"Poivron doux jaune  1p","p":1.3,"img":"https://fd13-photos.leclercdrive.fr/image.ashx?id=1631227&use=l&cat=p&typeid=i","cat":284352},{"id":222138,"n":"Tomate côtelée noire 1p","p":1.99,"img":"https://fd13-photos.leclercdrive.fr/image.ashx?id=1631215&use=l&cat=p&typeid=i","cat":284352},{"id":222148,"n":"Echalote longue  La pièce","p":0.3,"img":"https://fd13-photos.leclercdrive.fr/image.ashx?id=1631940&use=l&cat=p&typeid=i","cat":284352},{"id":222152,"n":"Oignon rouge  1p","p":0.5,"img":"https://fd13-photos.leclercdrive.fr/image.ashx?id=2910419&use=l&cat=p&typeid=i","cat":284352},{"id":222171,"n":"Citron  1p","p":0.99,"img":"https://fd13-photos.leclercdrive.fr/image.ashx?id=1628602&use=l&cat=p&typeid=i","cat":284356},{"id":222172,"n":"Citron vert  1p","p":0.23,"img":"https://fd13-photos.leclercdrive.fr/image.ashx?id=1628331&use=l&cat=p&typeid=i","cat":284356},{"id":222179,"n":"Pomelo rouge 1p","p":0.85,"img":"https://fd13-photos.leclercdrive.fr/image.ashx?id=1636326&use=l&cat=p&typeid=i","cat":284356},{"id":222182,"n":"Grenade 1p","p":1.99,"img":"https://fd13-photos.leclercdrive.fr/image.ashx?id=1633898&use=l&cat=p&typeid=i","cat":284356},{"id":222221,"n":"Poire Williams   1p","p":0.6,"img":"https://fd13-photos.leclercdrive.fr/image.ashx?id=1636644&use=l&cat=p&typeid=i","cat":284356},{"id":222225,"n":"Pomme Golden  1p","p":0.7,"img":"https://fd13-photos.leclercdrive.fr/image.ashx?id=1630966&use=l&cat=p&typeid=i","cat":284356},{"id":222229,"n":"Pomme Royal Gala  1p","p":0.5,"img":"https://fd13-photos.leclercdrive.fr/image.ashx?id=1630963&use=l&cat=p&typeid=i","cat":284356},{"id":222237,"n":"Pomme Pink Lady  1p","p":0.8,"img":"https://fd13-photos.leclercdrive.fr/image.ashx?id=2121659&use=l&cat=p&typeid=i","cat":284356},{"id":222239,"n":"Pomme Granny Smith  1p","p":0.5,"img":"https://fd13-photos.leclercdrive.fr/image.ashx?id=1630969&use=l&cat=p&typeid=i","cat":284356},{"id":222256,"n":"Avocat  1p","p":1.39,"img":"https://fd13-photos.leclercdrive.fr/image.ashx?id=1633637&use=l&cat=p&typeid=i","cat":284352},{"id":222262,"n":"Fenouil  1p","p":0.99,"img":"https://fd13-photos.leclercdrive.fr/image.ashx?id=612612&use=l&cat=p&typeid=i","cat":284352},{"id":222269,"n":"Poireau  1p","p":0.9,"img":"https://fd13-photos.leclercdrive.fr/image.ashx?id=1632716&use=l&cat=p&typeid=i","cat":284352},{"id":222281,"n":"Aubergine 1p","p":1.5,"img":"https://fd13-photos.leclercdrive.fr/image.ashx?id=1631421&use=l&cat=p&typeid=i","cat":284352},{"id":222283,"n":"Courgette  1p","p":0.8,"img":"https://fd13-photos.leclercdrive.fr/image.ashx?id=1631964&use=l&cat=p&typeid=i","cat":284352},{"id":222301,"n":"Tomate ronde à farcir  1p","p":0.9,"img":"https://fd13-photos.leclercdrive.fr/image.ashx?id=1631239&use=l&cat=p&typeid=i","cat":284352},{"id":222307,"n":"Tomate côtelée rouge 1p","p":1.1,"img":"https://fd13-photos.leclercdrive.fr/image.ashx?id=1632863&use=l&cat=p&typeid=i","cat":284352},{"id":222331,"n":"Oignon jaune  1p","p":0.5,"img":"https://fd13-photos.leclercdrive.fr/image.ashx?id=764178&use=l&cat=p&typeid=i","cat":284352},{"id":222390,"n":"Décor pour gateaux Vahiné Pirate","p":1.44,"img":"https://fd13-photos.leclercdrive.fr/image.ashx?id=2649683&use=l&cat=p&typeid=i","cat":284504},{"id":222394,"n":"Décor pour gateaux Vahiné Animaux","p":1.44,"img":"https://fd13-photos.leclercdrive.fr/image.ashx?id=2649686&use=l&cat=p&typeid=i","cat":284504},{"id":222397,"n":"Décor pour gateaux Vahiné Princesse","p":1.44,"img":"https://fd13-photos.leclercdrive.fr/image.ashx?id=2649689&use=l&cat=p&typeid=i","cat":284504},{"id":222453,"n":"Acide citrique Briochin Ecocert - 450g","p":4.32,"u":"9,60 €/KG","img":"https://fd13-photos.leclercdrive.fr/image.ashx?id=3000755&use=l&cat=p&typeid=i","cat":325365},{"id":222455,"n":"Recharge lessive détachante  savon noir 37 lavages - 1,7L","p":5.87,"u":"3,45 €/L","img":"https://fd13-photos.leclercdrive.fr/image.ashx?id=3000782&use=l&cat=p&typeid=i","cat":284640},{"id":222473,"n":"Thé blanc bio Joyce Fraise menthe - 30g","p":2.29,"u":"76,33 €/KG","img":"https://fd13-photos.leclercdrive.fr/image.ashx?id=2924140&use=l&cat=p&typeid=i","cat":293233},{"id":222474,"n":"Thé blanc Bio Joyce  Saveur tarte au citron - 30g","p":2.29,"u":"76,33 €/KG","img":"https://fd13-photos.leclercdrive.fr/image.ashx?id=2651624&use=l&cat=p&typeid=i","cat":293233},{"id":222475,"n":"Thé noir Joyce Bio Earl grey fleuri - 30g","p":2.06,"u":"68,67 €/KG","img":"https://fd13-photos.leclercdrive.fr/image.ashx?id=2651627&use=l&cat=p&typeid=i","cat":293233},{"id":222479,"n":"Pop corn sucre de canne Vico Micro-ondable 240g","p":2.01,"u":"8,38 €/KG","img":"https://fd13-photos.leclercdrive.fr/image.ashx?id=2651585&use=l&cat=p&typeid=i","cat":304249},{"id":222482,"n":"Mélange oiseaux du ciel Eco+ - 4kg","p":3.38,"u":"0,85 €/KG","img":"https://fd13-photos.leclercdrive.fr/image.ashx?id=2651327&use=l&cat=p&typeid=i","cat":284678},{"id":222484,"n":"Café en capsules Lavazza Qualita ORO - x10 - 55g","p":3.68,"u":"66,91 €/KG","img":"https://fd13-photos.leclercdrive.fr/image.ashx?id=2919030&use=l&cat=p&typeid=i","cat":284749},{"id":222486,"n":"Thé noir bio Joyce Pain d'épices - 30g","p":2.06,"u":"68,67 €/KG","img":"https://fd13-photos.leclercdrive.fr/image.ashx?id=2896651&use=l&cat=p&typeid=i","cat":293233},{"id":222515,"n":"Chou rouge émincé Notre Jardin 250g","p":0.99,"u":"3,96 €/KG","img":"https://fd13-photos.leclercdrive.fr/image.ashx?id=3006883&use=l&cat=p&typeid=i","cat":284352},{"id":222516,"n":"Frites de poulet Maître Coq 800g","p":7.45,"u":"9,31 €/KG","img":"https://fd13-photos.leclercdrive.fr/image.ashx?id=2853931&use=l&cat=p&typeid=i","cat":333684},{"id":222518,"n":"Cubes de poulet Maître Coq Jaune - 450g","p":5.4,"u":"12,00 €/KG","img":"https://fd13-photos.leclercdrive.fr/image.ashx?id=2651936&use=l&cat=p&typeid=i","cat":284336},{"id":222519,"n":"Cubes de poulet Maître Coq Blanc - 450g","p":5.59,"u":"12,42 €/KG","img":"https://fd13-photos.leclercdrive.fr/image.ashx?id=2651939&use=l&cat=p&typeid=i","cat":284336},{"id":222582,"n":"Shampoing Restaurateur Eslève Glycolic Gloss - 200ml","p":5.24,"u":"26,20 €/L","img":"https://fd13-photos.leclercdrive.fr/image.ashx?id=2657157&use=l&cat=p&typeid=i","cat":284606},{"id":222583,"n":"Soin Cheveux Lamination Elsève Glycolic Gloss - 200ml","p":7.14,"u":"35,70 €/L","img":"https://fd13-photos.leclercdrive.fr/image.ashx?id=2656796&use=l&cat=p&typeid=i","cat":284608},{"id":222584,"n":"Pâte à tartiner Nutella 220g","p":2.42,"u":"11,00 €/KG","img":"https://fd13-photos.leclercdrive.fr/image.ashx?id=2755216&use=l&cat=p&typeid=i","cat":284481},{"id":222586,"n":"Démêlant Cheveux Elsève Glycolic Gloss - 150ml","p":5.59,"u":"37,27 €/L","img":"https://fd13-photos.leclercdrive.fr/image.ashx?id=2657160&use=l&cat=p&typeid=i","cat":284607},{"id":222589,"n":"Sérum Soin Sans Rinçage Elsève Glycolic Gloss - 150ml","p":11.0,"u":"73,33 €/L","img":"https://fd13-photos.leclercdrive.fr/image.ashx?id=2656069&use=l&cat=p&typeid=i","cat":284608},{"id":222591,"n":"Soin anti-tâches L'Oréal Paris Bright Reveal SPF50+ - 50ml","p":13.61,"u":"272,20 €/L","img":"https://fd13-photos.leclercdrive.fr/image.ashx?id=2921879&use=l&cat=p&typeid=i","cat":325345},{"id":222594,"n":"Pur jus de raisin Jafaden  90cl","p":2.21,"u":"2,46 €/L","img":"https://fd13-photos.leclercdrive.fr/image.ashx?id=2723183&use=l&cat=p&typeid=i","cat":285435},{"id":222595,"n":"Pur jus d'ananas passion  Jafaden - 90cl","p":2.29,"u":"2,54 €/L","img":"https://fd13-photos.leclercdrive.fr/image.ashx?id=2723189&use=l&cat=p&typeid=i","cat":285435},{"id":222597,"n":"Sérum anti-taches L'Oréal Paris Bright Reveal - 30ml","p":13.87,"u":"462,33 €/L","img":"https://fd13-photos.leclercdrive.fr/image.ashx?id=2865881&use=l&cat=p&typeid=i","cat":325345},{"id":222599,"n":"Sérum correcteur L'Oréal Paris  Age Perfect - 30ml","p":11.97,"pp":7.9,"u":"263,33 €/L","img":"https://fd13-photos.leclercdrive.fr/image.ashx?id=2664491&use=l&cat=p&typeid=i","cat":325345},{"id":222638,"n":"Chocolat pâtissier Nestlé Corsé - 2x200g","p":5.94,"u":"14,85 €/KG","img":"https://fd13-photos.leclercdrive.fr/image.ashx?id=2905654&use=l&cat=p&typeid=i","cat":285562},{"id":222652,"n":"Sauce nems Mei Asia 125ml","p":1.82,"u":"14,56 €/L","img":"https://fd13-photos.leclercdrive.fr/image.ashx?id=2653828&use=l&cat=p&typeid=i","cat":288992},{"id":222653,"n":"Sauce de poisson Mei Asia 125ml","p":2.0,"u":"16,00 €/L","img":"https://fd13-photos.leclercdrive.fr/image.ashx?id=2653831&use=l&cat=p&typeid=i","cat":288992},{"id":222702,"n":"Dentifrice Integral 8 Signal Fraîcheur Intense 75ml","p":2.49,"u":"33,20 €/L","img":"https://fd13-photos.leclercdrive.fr/image.ashx?id=2818196&use=l&cat=p&typeid=i","cat":284612},{"id":222704,"n":"Dentifrice Signal Extra fraîcheur intense - 75ml","p":1.99,"u":"26,53 €/L","img":"https://fd13-photos.leclercdrive.fr/image.ashx?id=2654212&use=l&cat=p&typeid=i","cat":284612},{"id":222718,"n":"Liquide vaisselle & mains Briochin - Ecocert 500ml","p":2.89,"u":"5,78 €/L","img":"https://fd13-photos.leclercdrive.fr/image.ashx?id=3000740&use=l&cat=p&typeid=i","cat":284655},{"id":222719,"n":"Mousse vitre insert Harris 750ml","p":5.36,"u":"7,15 €/L","img":"https://fd13-photos.leclercdrive.fr/image.ashx?id=2890953&use=l&cat=p&typeid=i","cat":325363},{"id":222742,"n":"Swiffer wetjet Kit Lavable Système anti-poussière - x1","p":30.48,"pp":18.85,"img":"https://fd13-photos.leclercdrive.fr/image.ashx?id=2927708&use=l&cat=p&typeid=i","cat":325364},{"id":222747,"n":"Galette de riz Mei Asia 22cm - 200g","p":1.15,"u":"5,75 €/KG","img":"https://fd13-photos.leclercdrive.fr/image.ashx?id=2654932&use=l&cat=p&typeid=i","cat":288992},{"id":222779,"n":"Eau de javel La Croix Traditionnelle - 1.5L","p":1.49,"u":"0,99 €/L","img":"https://fd13-photos.leclercdrive.fr/image.ashx?id=2667556&use=l&cat=p&typeid=i","cat":284661},{"id":222782,"n":"Adoucissant Soupline Lingettes Voile Sèche-linge Grand air-x20","p":2.77,"u":"0,14 €/P","img":"https://fd13-photos.leclercdrive.fr/image.ashx?id=2654435&use=l&cat=p&typeid=i","cat":325302},{"id":222820,"n":"Bonbons Haribo Pocket Assortiment mini sachets - 340g","p":2.97,"u":"8,74 €/KG","img":"https://fd13-photos.leclercdrive.fr/image.ashx?id=2654653&use=l&cat=p&typeid=i","cat":304250},{"id":222842,"n":"Acide citrique Clair 500g","p":2.99,"u":"5,98 €/KG","img":"https://fd13-photos.leclercdrive.fr/image.ashx?id=2822147&use=l&cat=p&typeid=i","cat":325365},{"id":222843,"n":"Liquide vaisselle Uni vert Ecolo amande - 500ml","p":1.15,"u":"2,30 €/L","img":"https://fd13-photos.leclercdrive.fr/image.ashx?id=2999523&use=l&cat=p&typeid=i","cat":284655},{"id":222844,"n":"Gel douche Le Petit Marseillais Fleur de tiaré - 650ml","p":3.28,"u":"5,05 €/L","img":"https://fd13-photos.leclercdrive.fr/image.ashx?id=2656060&use=l&cat=p&typeid=i","cat":284594},{"id":222846,"n":"Gel douche Le Petit Marseillais Cerise & jasmin - 250ml","p":1.77,"u":"7,08 €/L","img":"https://fd13-photos.leclercdrive.fr/image.ashx?id=2685198&use=l&cat=p&typeid=i","cat":284594},{"id":222848,"n":"Mélange de jeunes pousses Notre Jardin - 175g","p":1.76,"u":"10,06 €/KG","img":"https://fd13-photos.leclercdrive.fr/image.ashx?id=2655610&use=l&cat=p&typeid=i","cat":284353},{"id":222849,"n":"Mélange gourmand Notre Jardin 320g","p":1.58,"u":"4,94 €/KG","img":"https://fd13-photos.leclercdrive.fr/image.ashx?id=2720190&use=l&cat=p&typeid=i","cat":284353},{"id":222854,"n":"Lingette lavable Swiffer Wetj Wetjet - Microfibre - x1","p":8.65,"pp":6.58,"img":"https://fd13-photos.leclercdrive.fr/image.ashx?id=2656240&use=l&cat=p&typeid=i","cat":325364},{"id":222859,"n":"Pommes bicolores Eco+ x4","p":0.99,"u":"0,25 €/P","img":"https://fd13-photos.leclercdrive.fr/image.ashx?id=2928210&use=l&cat=p&typeid=i","cat":284356},{"id":222899,"n":"Dentifrice Sensodyne Email renforcé - 75ml","p":5.14,"u":"68,53 €/L","img":"https://fd13-photos.leclercdrive.fr/image.ashx?id=2997208&use=l&cat=p&typeid=i","cat":284612},{"id":222913,"n":"Sauce pour nems Suzi Wan 250ml","p":2.94,"u":"11,76 €/L","img":"https://fd13-photos.leclercdrive.fr/image.ashx?id=2990877&use=l&cat=p&typeid=i","cat":288992},{"id":222961,"n":"Soin regard So'Bio Etic Lift Grenade bio - 15ml","p":12.18,"u":"812,00 €/L","img":"https://fd13-photos.leclercdrive.fr/image.ashx?id=2787113&use=l&cat=p&typeid=i","cat":325345},{"id":222964,"n":"Colin d'Alaska MSC Pêche Océan Façon Fish & Chips - 400g","p":2.69,"u":"6,73 €/KG","img":"https://fd13-photos.leclercdrive.fr/image.ashx?id=2856211&use=l&cat=p&typeid=i","cat":319788},{"id":222995,"n":"Nouilles Banzai Noodle Curry cup - 67g","p":1.25,"u":"18,66 €/KG","img":"https://fd13-photos.leclercdrive.fr/image.ashx?id=2730007&use=l&cat=p&typeid=i","cat":288992},{"id":222998,"n":"Jambon de Paris Tradilège Sans nitrite 4 tranches - 140g","p":1.89,"u":"13,50 €/KG","img":"https://fd13-photos.leclercdrive.fr/image.ashx?id=2991530&use=l&cat=p&typeid=i","cat":316009},{"id":223004,"n":"Jambon supérieur Tradilège Sans nitrite 8 tranches - 280g","p":3.7,"u":"13,21 €/KG","img":"https://fd13-photos.leclercdrive.fr/image.ashx?id=2994399&use=l&cat=p&typeid=i","cat":316009},{"id":223024,"n":"Shampooing Herbal Essences Aloe - 250ml","p":3.48,"u":"13,92 €/L","img":"https://fd13-photos.leclercdrive.fr/image.ashx?id=2748671&use=l&cat=p&typeid=i","cat":284606},{"id":223028,"n":"Shampooing Herbal Essences Coconut - 250ml","p":3.48,"u":"13,92 €/L","img":"https://fd13-photos.leclercdrive.fr/image.ashx?id=2677600&use=l&cat=p&typeid=i","cat":284606},{"id":223033,"n":"Pain de mie Epi d'Or Complet - 100% mie - 780g","p":2.41,"u":"3,09 €/KG","img":"https://fd13-photos.leclercdrive.fr/image.ashx?id=2807300&use=l&cat=p&typeid=i","cat":325068},{"id":223035,"n":"Shampooing Herbal Essences Rose - 250ml","p":3.48,"u":"13,92 €/L","img":"https://fd13-photos.leclercdrive.fr/image.ashx?id=2737819&use=l&cat=p&typeid=i","cat":284606},{"id":223108,"n":"Oeufs frais sol Eco+ x30","p":4.93,"u":"0,16 €/P","img":"https://fd13-photos.leclercdrive.fr/image.ashx?id=2708859&use=l&cat=p&typeid=i","cat":284378},{"id":223115,"n":"Muesli amande sans gluten bio  Terres et Céréales - 500g","p":4.22,"u":"8,44 €/KG","img":"https://fd13-photos.leclercdrive.fr/image.ashx?id=2659352&use=l&cat=p&typeid=i","cat":309512},{"id":223128,"n":"Amandes grillées Couleurs Vives 125g","p":3.49,"u":"27,92 €/KG","img":"https://fd13-photos.leclercdrive.fr/image.ashx?id=2659268&use=l&cat=p&typeid=i","cat":284357},{"id":223157,"n":"Vinaigre blanc 5L - 10°","p":3.57,"u":"0,71 €/L","img":"https://fd13-photos.leclercdrive.fr/image.ashx?id=2659792&use=l&cat=p&typeid=i","cat":298543},{"id":223229,"n":"Dentifrice Parodontax Réparation active gencives 75ml","p":4.39,"u":"58,53 €/L","img":"https://fd13-photos.leclercdrive.fr/image.ashx?id=2917534&use=l&cat=p&typeid=i","cat":284612},{"id":223295,"n":"Brioche La Fournée Dorée Tressée et tranchée - 500g","p":2.71,"u":"5,42 €/KG","img":"https://fd13-photos.leclercdrive.fr/image.ashx?id=2661079&use=l&cat=p&typeid=i","cat":284478},{"id":223365,"n":"Boisson aux fruits Jafun Multifruits - 4x20cl","p":1.44,"u":"1,80 €/L","img":"https://fd13-photos.leclercdrive.fr/image.ashx?id=2992570&use=l&cat=p&typeid=i","cat":295018},{"id":223392,"n":"Boisson aux fruits Jafun Fruits rouges - 4x20cl","p":1.44,"u":"1,80 €/L","img":"https://fd13-photos.leclercdrive.fr/image.ashx?id=2992573&use=l&cat=p&typeid=i","cat":295018},{"id":223394,"n":"Boisson aux fruits Jafun Tropical - 4x20cl","p":1.49,"u":"1,86 €/L","img":"https://fd13-photos.leclercdrive.fr/image.ashx?id=2992576&use=l&cat=p&typeid=i","cat":295018},{"id":223423,"n":"Donuts Curly Cacahuète - 190g","p":1.99,"u":"10,47 €/KG","img":"https://fd13-photos.leclercdrive.fr/image.ashx?id=2662370&use=l&cat=p&typeid=i","cat":284449},{"id":223431,"n":"Crème dessert protéinée Hipro  Chocolat noisette - 180g","p":1.66,"u":"9,22 €/KG","img":"https://fd13-photos.leclercdrive.fr/image.ashx?id=2800294&use=l&cat=p&typeid=i","cat":285041},{"id":223444,"n":"Shampoing 2en1 Fructis Force et brillance - 300ml","p":2.77,"u":"9,23 €/L","img":"https://fd13-photos.leclercdrive.fr/image.ashx?id=2669268&use=l&cat=p&typeid=i","cat":284606},{"id":223445,"n":"Shampoing fortifiant Fructis Force et Brillance - 300ml","p":2.77,"u":"9,23 €/L","img":"https://fd13-photos.leclercdrive.fr/image.ashx?id=2669271&use=l&cat=p&typeid=i","cat":284606},{"id":223446,"n":"Shampoing démêlant Fructis Antipelliculaire - 300ml","p":3.28,"u":"10,93 €/L","img":"https://fd13-photos.leclercdrive.fr/image.ashx?id=2669277&use=l&cat=p&typeid=i","cat":284606},{"id":223452,"n":"Pur jus de pomme Jafaden 1.5L","p":2.99,"u":"1,99 €/L","img":"https://fd13-photos.leclercdrive.fr/image.ashx?id=2919667&use=l&cat=p&typeid=i","cat":284522},{"id":223460,"n":"Cracky's soufflés de maïs  A la cacahuète Menguy's - 180g","p":1.3,"u":"7,22 €/KG","img":"https://fd13-photos.leclercdrive.fr/image.ashx?id=2845377&use=l&cat=p&typeid=i","cat":284449},{"id":223498,"n":"Ketchup Rustica 900g","p":1.79,"u":"1,99 €/KG","img":"https://fd13-photos.leclercdrive.fr/image.ashx?id=2954394&use=l&cat=p&typeid=i","cat":284455},{"id":223499,"n":"Ketchup Rustica 390g","p":1.09,"u":"2,79 €/KG","img":"https://fd13-photos.leclercdrive.fr/image.ashx?id=2954391&use=l&cat=p&typeid=i","cat":284455},{"id":223500,"n":"Mais croquant Notre Jardin 2x285g","p":1.7,"u":"2,98 €/KG","img":"https://fd13-photos.leclercdrive.fr/image.ashx?id=3005694&use=l&cat=p&typeid=i","cat":312611},{"id":223520,"n":"Biscuit sablé bio  Nocciolata Fourré pâte à tartiner - 250g","p":3.38,"u":"13,52 €/KG","img":"https://fd13-photos.leclercdrive.fr/image.ashx?id=2664244&use=l&cat=p&typeid=i","cat":284488},{"id":223521,"n":"Biscuit bio  Nocciolata bianca Fourré pâte à tartiner - 250g","p":3.38,"u":"13,52 €/KG","img":"https://fd13-photos.leclercdrive.fr/image.ashx?id=2664554&use=l&cat=p&typeid=i","cat":284487},{"id":223537,"n":"Bloc Energy 5 WC Net Actions - Brise aquatique - 38g","p":2.02,"u":"53,16 €/KG","img":"https://fd13-photos.leclercdrive.fr/image.ashx?id=2664449&use=l&cat=p&typeid=i","cat":284662},{"id":223538,"n":"Bloc Energy 5 actions WC Net Javel Agrumes et iris - 38g","p":1.94,"u":"51,05 €/KG","img":"https://fd13-photos.leclercdrive.fr/image.ashx?id=2664452&use=l&cat=p&typeid=i","cat":284662},{"id":223539,"n":"Bloc Energy 5 actions WC Net Fraîcheur givrée et menthe 38g","p":1.75,"u":"46,05 €/KG","img":"https://fd13-photos.leclercdrive.fr/image.ashx?id=2664455&use=l&cat=p&typeid=i","cat":284662},{"id":223540,"n":"Bloc Energy 5 actions WC Net Lavande et patchouli - 38g","p":2.39,"u":"62,89 €/KG","img":"https://fd13-photos.leclercdrive.fr/image.ashx?id=2664458&use=l&cat=p&typeid=i","cat":284662},{"id":223541,"n":"Bloc Energy 5 actions WC Net Citronniers et tilleul - 38g","p":2.02,"u":"53,16 €/KG","img":"https://fd13-photos.leclercdrive.fr/image.ashx?id=2664461&use=l&cat=p&typeid=i","cat":284662},{"id":223542,"n":"Bloc Energy WC Net Eau bleue / Marine fresh 40g","p":1.94,"u":"48,50 €/KG","img":"https://fd13-photos.leclercdrive.fr/image.ashx?id=2664464&use=l&cat=p&typeid=i","cat":284662},{"id":223554,"n":"Tablettes WC Harpic  Power Plus Fraicheur Active- x6","p":3.59,"u":"26,59 €/KG","img":"https://fd13-photos.leclercdrive.fr/image.ashx?id=2665391&use=l&cat=p&typeid=i","cat":284662},{"id":223561,"n":"Culottes fuites urinaires Always Discreet - Taille L x11","p":9.96,"u":"0,91 €/P","img":"https://fd13-photos.leclercdrive.fr/image.ashx?id=2927032&use=l&cat=p&typeid=i","cat":284628},{"id":223562,"n":"Culottes fuites urinaires Always Discreet - Taille L x8","p":8.54,"u":"1,07 €/P","img":"https://fd13-photos.leclercdrive.fr/image.ashx?id=2685429&use=l&cat=p&typeid=i","cat":284628},{"id":223563,"n":"Culottes fuites urinaires Always Discreet Noir - L x8","p":11.01,"u":"1,38 €/P","img":"https://fd13-photos.leclercdrive.fr/image.ashx?id=2685432&use=l&cat=p&typeid=i","cat":284628},{"id":223569,"n":"Culottes fuites urinaires Always Discreet - L x8","p":11.06,"u":"1,38 €/P","img":"https://fd13-photos.leclercdrive.fr/image.ashx?id=2685435&use=l&cat=p&typeid=i","cat":284628},{"id":223572,"n":"Serviettes fuites urinaires Always Discreet - Normal x24","p":8.25,"u":"0,34 €/P","img":"https://fd13-photos.leclercdrive.fr/image.ashx?id=2680467&use=l&cat=p&typeid=i","cat":284628},{"id":223574,"n":"Serviettes fuites urinaires Always Discreet - Nuit - x12","p":8.46,"u":"0,71 €/P","img":"https://fd13-photos.leclercdrive.fr/image.ashx?id=2685459&use=l&cat=p&typeid=i","cat":284628},{"id":223575,"n":"Serviettes fuites urinaires Always Discreet - x12","p":8.39,"u":"0,70 €/P","img":"https://fd13-photos.leclercdrive.fr/image.ashx?id=2845650&use=l&cat=p&typeid=i","cat":284628},{"id":223577,"n":"Serviettes fuites urinaires Always Discreet - Nuit - x6","p":4.38,"u":"0,73 €/P","img":"https://fd13-photos.leclercdrive.fr/image.ashx?id=3005383&use=l&cat=p&typeid=i","cat":284628},{"id":223578,"n":"Serviettes fuites urinaires Always Discreet - Long - x26","p":9.41,"u":"0,36 €/P","img":"https://fd13-photos.leclercdrive.fr/image.ashx?id=2685465&use=l&cat=p&typeid=i","cat":284628},{"id":223579,"n":"Serviettes fuites urinaires Always Discreet - Long+ - x8","p":4.36,"u":"0,55 €/P","img":"https://fd13-photos.leclercdrive.fr/image.ashx?id=3005386&use=l&cat=p&typeid=i","cat":284628},{"id":223581,"n":"Serviettes fuites urinaires Always Discreet - Long+ - x16","p":8.22,"u":"0,51 €/P","img":"https://fd13-photos.leclercdrive.fr/image.ashx?id=2685471&use=l&cat=p&typeid=i","cat":284628},{"id":223583,"n":"Serviettes fuites urinaires Always Discreet - Normal - x12","p":4.19,"u":"0,35 €/P","img":"https://fd13-photos.leclercdrive.fr/image.ashx?id=2665517&use=l&cat=p&typeid=i","cat":284628},{"id":223586,"n":"Serviettes fuites urinaires Always Discreet - Taille S x20","p":4.32,"u":"0,22 €/P","img":"https://fd13-photos.leclercdrive.fr/image.ashx?id=3009221&use=l&cat=p&typeid=i","cat":284628},{"id":223587,"n":"Serviettes fuites urinaires Always Discreet - Long - x10","p":4.19,"u":"0,42 €/P","img":"https://fd13-photos.leclercdrive.fr/image.ashx?id=2685474&use=l&cat=p&typeid=i","cat":284628},{"id":223588,"n":"Serviettes fuites urinaires Always Discreet - Nuit - x16","p":9.34,"u":"0,58 €/P","img":"https://fd13-photos.leclercdrive.fr/image.ashx?id=2680479&use=l&cat=p&typeid=i","cat":284628},{"id":223603,"n":"Fil dentaire Dentamyl Cire menthe - 80m","p":2.72,"u":"0,03 €/MT","img":"https://fd13-photos.leclercdrive.fr/image.ashx?id=2672888&use=l&cat=p&typeid=i","cat":285159},{"id":223604,"n":"Shampoing fortifiant Fructis Antipelliculaire - 300ml","p":2.77,"u":"9,23 €/L","img":"https://fd13-photos.leclercdrive.fr/image.ashx?id=2667862&use=l&cat=p&typeid=i","cat":284606},{"id":223605,"n":"Crème Douche Hydratation Cadum Peaux Sèches - 500ml","p":2.39,"u":"4,78 €/L","img":"https://fd13-photos.leclercdrive.fr/image.ashx?id=2739318&use=l&cat=p&typeid=i","cat":284594},{"id":223606,"n":"Crème Douche Nourrissante Cadum Miel de Fleurs Bio - 750ml","p":3.25,"u":"4,33 €/L","img":"https://fd13-photos.leclercdrive.fr/image.ashx?id=2805465&use=l&cat=p&typeid=i","cat":284594},{"id":223607,"n":"Gel Corps et Cheveux Cadum Hypoallergénique - 750ml","p":4.35,"u":"5,80 €/L","img":"https://fd13-photos.leclercdrive.fr/image.ashx?id=2802512&use=l&cat=p&typeid=i","cat":284594},{"id":223608,"n":"Crème Douche Tolérance Cadum Sans Sulfate - 400ml","p":2.91,"u":"7,28 €/L","img":"https://fd13-photos.leclercdrive.fr/image.ashx?id=2696007&use=l&cat=p&typeid=i","cat":284594},{"id":223609,"n":"Douche Crème Dop Cookies au Chocolat - 290ml","p":2.17,"u":"7,48 €/L","img":"https://fd13-photos.leclercdrive.fr/image.ashx?id=2709876&use=l&cat=p&typeid=i","cat":284594},{"id":223613,"n":"Désodorisant Febreze Petit coin Coton - 7.5ml","p":3.2,"u":"400,00 €/L","img":"https://fd13-photos.leclercdrive.fr/image.ashx?id=2955236&use=l&cat=p&typeid=i","cat":311628},{"id":223631,"n":"Huile précieuse Gliss Hair Repair - Schwarzkopf - 75ml","p":6.43,"u":"85,73 €/L","img":"https://fd13-photos.leclercdrive.fr/image.ashx?id=2665274&use=l&cat=p&typeid=i","cat":284608},{"id":223639,"n":"Rasoir Gillette Fusion 5 + 2 recharges - x1","p":13.86,"img":"https://fd13-photos.leclercdrive.fr/image.ashx?id=2665777&use=l&cat=p&typeid=i","cat":284616},{"id":223661,"n":"Pains au chocolat Croustipate  x6 - 275g","p":2.69,"u":"9,78 €/KG","img":"https://fd13-photos.leclercdrive.fr/image.ashx?id=2902055&use=l&cat=p&typeid=i","cat":333681},{"id":223844,"n":"Shampooing Head & shoulders 1in1 - Lisse & soyeux - 330ml","p":5.57,"u":"16,88 €/L","img":"https://fd13-photos.leclercdrive.fr/image.ashx?id=2737843&use=l&cat=p&typeid=i","cat":284606},{"id":223850,"n":"Déodorant Spray Femme Narta Anti-Trace Blanche 48h - 200ml","p":2.39,"u":"11,95 €/L","img":"https://fd13-photos.leclercdrive.fr/image.ashx?id=2678589&use=l&cat=p&typeid=i","cat":284595},{"id":223851,"n":"Déodorant Spray Homme 48h Narta Fraîcheur Classique - 200mL","p":2.37,"u":"11,85 €/L","img":"https://fd13-photos.leclercdrive.fr/image.ashx?id=2675511&use=l&cat=p&typeid=i","cat":284618},{"id":223852,"n":"Déodorant Spray Homme Sans Alcool - Anti-transpirant 200ml","p":2.39,"u":"11,95 €/L","img":"https://fd13-photos.leclercdrive.fr/image.ashx?id=2681880&use=l&cat=p&typeid=i","cat":284618},{"id":223853,"n":"Déodorant Spray Femme Narta Fraîcheur Cologne 48h - 200ml","p":2.39,"u":"11,95 €/L","img":"https://fd13-photos.leclercdrive.fr/image.ashx?id=2678592&use=l&cat=p&typeid=i","cat":284595},{"id":223855,"n":"Déodorant Spray Homme 48h Narta Anti-Traces Blanches - 200ml","p":2.39,"u":"11,95 €/L","img":"https://fd13-photos.leclercdrive.fr/image.ashx?id=2681883&use=l&cat=p&typeid=i","cat":284618},{"id":223857,"n":"Déodorant Spray Femme Narta 48h Sans Alcool - 200ML","p":2.39,"u":"11,95 €/L","img":"https://fd13-photos.leclercdrive.fr/image.ashx?id=2680242&use=l&cat=p&typeid=i","cat":284595},{"id":223883,"n":"Gel cheveux Taft  Effet mouillé - 300ml","p":4.02,"u":"13,40 €/L","img":"https://fd13-photos.leclercdrive.fr/image.ashx?id=2666773&use=l&cat=p&typeid=i","cat":284609},{"id":223885,"n":"Crème de douche Ushuaïa Coco - 300ml","p":2.07,"u":"6,90 €/L","img":"https://fd13-photos.leclercdrive.fr/image.ashx?id=2682303&use=l&cat=p&typeid=i","cat":284594},{"id":223893,"n":"Lingettes de nettoyage Swiffer Wet Jet - x12","p":7.19,"pp":4.31,"u":"0,36 €/P","img":"https://fd13-photos.leclercdrive.fr/image.ashx?id=2948525&use=l&cat=p&typeid=i","cat":325364},{"id":223913,"n":"Rasoir Gillette Venus Classic - +1 recharge","p":15.95,"img":"https://fd13-photos.leclercdrive.fr/image.ashx?id=2667187&use=l&cat=p&typeid=i","cat":325352},{"id":223917,"n":"Filtres à café Melitta Gourmet intense 1x4 - x80","p":2.13,"img":"https://fd13-photos.leclercdrive.fr/image.ashx?id=2882050&use=l&cat=p&typeid=i","cat":284751},{"id":223919,"n":"Papier aluminium Albal 30m","p":5.71,"pp":5.21,"img":"https://fd13-photos.leclercdrive.fr/image.ashx?id=2667109&use=l&cat=p&typeid=i","cat":285194},{"id":223920,"n":"Film fraîcheur Albal 50m","p":3.68,"pp":3.18,"img":"https://fd13-photos.leclercdrive.fr/image.ashx?id=2929059&use=l&cat=p&typeid=i","cat":285194},{"id":223922,"n":"Bonbon Fun for all Trolli  1kg","p":5.94,"u":"5,94 €/KG","img":"https://fd13-photos.leclercdrive.fr/image.ashx?id=2890352&use=l&cat=p&typeid=i","cat":304250},{"id":223925,"n":"Riz Long grain Ben's original Vrac 10mn - 1kg","p":2.97,"u":"2,97 €/KG","img":"https://fd13-photos.leclercdrive.fr/image.ashx?id=2990961&use=l&cat=p&typeid=i","cat":284428},{"id":223966,"n":"Ampoule LED Foxter Standard - E27 60W - Froid - x1","p":4.99,"u":"Dont 0,29 € d'éco-part.","img":"https://fd13-photos.leclercdrive.fr/image.ashx?id=2670494&use=l&cat=p&typeid=i","cat":300573},{"id":223975,"n":"Ampoule LED Foxter Standard - B22 60W - Chaud - x1","p":4.99,"u":"Dont 0,29 € d'éco-part.","img":"https://fd13-photos.leclercdrive.fr/image.ashx?id=2670482&use=l&cat=p&typeid=i","cat":300573},{"id":223976,"n":"Ampoule LED Foxter Flamme - E14 40W - Chaud  x1","p":4.49,"u":"Dont 0,29 € d'éco-part.","img":"https://fd13-photos.leclercdrive.fr/image.ashx?id=2670485&use=l&cat=p&typeid=i","cat":300573},{"id":223977,"n":"Ampoule LED Foxter Flamme - E14 40W - Froid x1","p":4.49,"u":"Dont 0,29 € d'éco-part.","img":"https://fd13-photos.leclercdrive.fr/image.ashx?id=2670488&use=l&cat=p&typeid=i","cat":300573},{"id":223979,"n":"Ampoule LED Foxter Spot - GU10 35W - Froid x1","p":2.99,"u":"Dont 0,29 € d'éco-part.","img":"https://fd13-photos.leclercdrive.fr/image.ashx?id=2669753&use=l&cat=p&typeid=i","cat":300573},{"id":223980,"n":"Ampoules Eco+ Standard - E27 60W - Chaud x3","p":3.19,"u":"Dont 1,15 € d'éco-part.","img":"https://fd13-photos.leclercdrive.fr/image.ashx?id=2670479&use=l&cat=p&typeid=i","cat":300573},{"id":224082,"n":"Biscuits croquants Délichoc Chocolat au lait pocket - 250g","p":2.87,"u":"11,48 €/KG","img":"https://fd13-photos.leclercdrive.fr/image.ashx?id=2682192&use=l&cat=p&typeid=i","cat":284488},{"id":224240,"n":"Dentifrice L'Arbre vert Blancheur - Mente - 75ml","p":2.49,"u":"33,20 €/L","img":"https://fd13-photos.leclercdrive.fr/image.ashx?id=2892805&use=l&cat=p&typeid=i","cat":284612},{"id":224263,"n":"Monster Energy zéro sucres 50cl","p":1.61,"u":"3,22 €/L","img":"https://fd13-photos.leclercdrive.fr/image.ashx?id=2669358&use=l&cat=p&typeid=i","cat":284533},{"id":224264,"n":"Monster Ultra gold 50cl","p":1.45,"u":"2,90 €/L","img":"https://fd13-photos.leclercdrive.fr/image.ashx?id=2669355&use=l&cat=p&typeid=i","cat":284533},{"id":224265,"n":"Monster Energy Juice Bad apple 50cl","p":1.57,"u":"3,14 €/L","img":"https://fd13-photos.leclercdrive.fr/image.ashx?id=2759044&use=l&cat=p&typeid=i","cat":284533},{"id":224350,"n":"Mascara L'Oréal Panorama - Noir - x1","p":11.95,"pp":7.89,"img":"https://fd13-photos.leclercdrive.fr/image.ashx?id=2973538&use=l&cat=p&typeid=i","cat":287029},{"id":224351,"n":"Mascara L'Oréal Paris Panorama - Brown - 10.5ml","p":11.95,"pp":7.89,"u":"789,00 €/L","img":"https://fd13-photos.leclercdrive.fr/image.ashx?id=2946484&use=l&cat=p&typeid=i","cat":287029},{"id":224353,"n":"Eosine Mercurochrome 2% Solution aquese - 100ml","p":3.46,"u":"34,60 €/L","img":"https://fd13-photos.leclercdrive.fr/image.ashx?id=2670710&use=l&cat=p&typeid=i","cat":284630},{"id":224354,"n":"Répulsif Anti-moustiques  Marie Rose - Végétale 100ml","p":8.5,"u":"85,00 €/L","img":"https://fd13-photos.leclercdrive.fr/image.ashx?id=2670713&use=l&cat=p&typeid=i","cat":299654},{"id":224355,"n":"Masque Nutrition Intense Elsève Cheveux très Secs - 310ml","p":5.21,"u":"16,81 €/L","img":"https://fd13-photos.leclercdrive.fr/image.ashx?id=2739312&use=l&cat=p&typeid=i","cat":284608},{"id":224359,"n":"Crème Visage Homme Nivea Men Anti-taches Power 2en1 - 50ml","p":13.4,"pp":8.84,"u":"176,80 €/L","img":"https://fd13-photos.leclercdrive.fr/image.ashx?id=3014617&use=l&cat=p&typeid=i","cat":284622},{"id":224363,"n":"Piles alcalines Eco+ LR03 - x4","p":0.7,"u":"0,18 €/P","img":"https://fd13-photos.leclercdrive.fr/image.ashx?id=2714829&use=l&cat=p&typeid=i","cat":300572},{"id":224364,"n":"Piles alcalines Eco+ LR6 - x4","p":0.7,"u":"0,18 €/P","img":"https://fd13-photos.leclercdrive.fr/image.ashx?id=2714832&use=l&cat=p&typeid=i","cat":300572},{"id":224434,"n":"Yaourt à la grecque Délisse Vanille - 4x150g","p":2.39,"u":"3,98 €/KG","img":"https://fd13-photos.leclercdrive.fr/image.ashx?id=2885143&use=l&cat=p&typeid=i","cat":314999},{"id":224548,"n":"AOC Côtes du Rhone Rouge Les Trois Oratoires - 75cl","p":4.99,"u":"6,65 €/L","img":"https://fd13-photos.leclercdrive.fr/image.ashx?id=2849163&use=l&cat=p&typeid=i","cat":289556},{"id":224670,"n":"Eau minérale naturelle Hépar 6x75cl","p":3.92,"u":"0,87 €/L","img":"https://fd13-photos.leclercdrive.fr/image.ashx?id=2673361&use=l&cat=p&typeid=i","cat":284535},{"id":224706,"n":"Gnocchi star à poêler Lustucru  300g","p":1.82,"u":"6,07 €/KG","img":"https://fd13-photos.leclercdrive.fr/image.ashx?id=2921630&use=l&cat=p&typeid=i","cat":333682},{"id":224760,"n":"Infusion Elephant  detox fraicheur x20 - 36g","p":2.36,"u":"65,56 €/KG","img":"https://fd13-photos.leclercdrive.fr/image.ashx?id=2677639&use=l&cat=p&typeid=i","cat":293234},{"id":224763,"n":"Infusion Elephant Pure relaxation - x20 - 32g","p":2.19,"u":"68,44 €/KG","img":"https://fd13-photos.leclercdrive.fr/image.ashx?id=2677636&use=l&cat=p&typeid=i","cat":293234},{"id":224782,"n":"Madeleine Bonne Maman Pur beurre - 600g","p":3.59,"u":"5,98 €/KG","img":"https://fd13-photos.leclercdrive.fr/image.ashx?id=2986287&use=l&cat=p&typeid=i","cat":284492},{"id":224783,"n":"Liqueur Rivière du Mat L'Onctueux - 70cl","p":12.9,"u":"18,43 €/L","img":"https://fd13-photos.leclercdrive.fr/image.ashx?id=2693539&use=l&cat=p&typeid=i","cat":286032},{"id":224787,"n":"Liqueur Rivière du Mat Vanille Bourbon 17° - 70cl","p":12.9,"u":"18,43 €/L","img":"https://fd13-photos.leclercdrive.fr/image.ashx?id=2740001&use=l&cat=p&typeid=i","cat":286032},{"id":224805,"n":"Biscuits Kinder Kinderini Nature et cacao - 250g","p":2.95,"u":"11,80 €/KG","img":"https://fd13-photos.leclercdrive.fr/image.ashx?id=2708372&use=l&cat=p&typeid=i","cat":284488},{"id":224818,"n":"Riz Basmati Ben's original  Express 2mn - 220g","p":1.28,"u":"5,82 €/KG","img":"https://fd13-photos.leclercdrive.fr/image.ashx?id=2995292&use=l&cat=p&typeid=i","cat":287600},{"id":224830,"n":"Riz Complet Ben's original Vrac 12mn - 1kg","p":4.0,"u":"4,00 €/KG","img":"https://fd13-photos.leclercdrive.fr/image.ashx?id=2886307&use=l&cat=p&typeid=i","cat":284428},{"id":224856,"n":"Jus innocent ananas fraise 900ml","p":2.88,"u":"3,20 €/L","img":"https://fd13-photos.leclercdrive.fr/image.ashx?id=2879122&use=l&cat=p&typeid=i","cat":285435},{"id":224873,"n":"Riz Paella Ben's original Express 2mn - 220g","p":1.59,"u":"7,23 €/KG","img":"https://fd13-photos.leclercdrive.fr/image.ashx?id=2995310&use=l&cat=p&typeid=i","cat":287600},{"id":224882,"n":"Riz Long grain Ben's original  Sachet cuisson 10mn - 1kg","p":3.22,"u":"3,22 €/KG","img":"https://fd13-photos.leclercdrive.fr/image.ashx?id=2957272&use=l&cat=p&typeid=i","cat":284428},{"id":224888,"n":"Riz Long grain Ben's original Vrac 20mn - 1kg","p":3.52,"u":"3,52 €/KG","img":"https://fd13-photos.leclercdrive.fr/image.ashx?id=2886301&use=l&cat=p&typeid=i","cat":284428},{"id":224916,"n":"Biscuits speculoos Eco+ 600g","p":1.59,"u":"2,65 €/KG","img":"https://fd13-photos.leclercdrive.fr/image.ashx?id=2675058&use=l&cat=p&typeid=i","cat":284487},{"id":224924,"n":"Tomates cerises gustatives Panier du Primeur - 300g","p":3.99,"u":"13,30 €/KG","img":"https://fd13-photos.leclercdrive.fr/image.ashx?id=2686350&use=l&cat=p&typeid=i","cat":284352},{"id":224930,"n":"Lait d'avoine Bjorg Bio Vanille - 1L","p":2.7,"u":"2,70 €/L","img":"https://fd13-photos.leclercdrive.fr/image.ashx?id=2906253&use=l&cat=p&typeid=i","cat":316067},{"id":224931,"n":"Boisson soja Bjorg Bio Proteines - 1L","p":2.29,"u":"2,29 €/L","img":"https://fd13-photos.leclercdrive.fr/image.ashx?id=2939469&use=l&cat=p&typeid=i","cat":316067},{"id":224932,"n":"Boisson végétale Bjorg Bio noisettes sans sucres - 1L","p":2.53,"u":"2,53 €/L","img":"https://fd13-photos.leclercdrive.fr/image.ashx?id=2939466&use=l&cat=p&typeid=i","cat":316067},{"id":224933,"n":"Infusions Elephant Coffret découverte x50 - 89g","p":9.5,"pp":6.65,"u":"74,72 €/KG","img":"https://fd13-photos.leclercdrive.fr/image.ashx?id=2834839&use=l&cat=p&typeid=i","cat":293234},{"id":224937,"n":"Plat en morceaux Bledina 200g","p":2.34,"u":"11,70 €/KG","img":"https://fd13-photos.leclercdrive.fr/image.ashx?id=2866298&use=l&cat=p&typeid=i","cat":312239},{"id":224941,"n":"Champagne Veuve Clicquot Brut - 12,5% - 75cl","p":43.71,"u":"58,28 €/L","img":"https://fd13-photos.leclercdrive.fr/image.ashx?id=2675070&use=l&cat=p&typeid=i","cat":284542},{"id":224976,"n":"Shampooing Kératine Ogx Du brésil Cheveux frisés 385ml","p":6.75,"u":"17,53 €/L","img":"https://fd13-photos.leclercdrive.fr/image.ashx?id=2805075&use=l&cat=p&typeid=i","cat":284606},{"id":224980,"n":"Après-shamppoing Kératine OGX Du Brésil Cheveux frisés 385ml","p":7.35,"u":"19,09 €/L","img":"https://fd13-photos.leclercdrive.fr/image.ashx?id=2805078&use=l&cat=p&typeid=i","cat":284607},{"id":225010,"n":"Sac poubelle coulissant Alfapac Ultra-résistant x10 - 50L","p":3.31,"img":"https://fd13-photos.leclercdrive.fr/image.ashx?id=2676693&use=l&cat=p&typeid=i","cat":285168},{"id":225011,"n":"Sac poubelle coulissant Alfapac Ultra-résistant x15 - 30L","p":2.82,"img":"https://fd13-photos.leclercdrive.fr/image.ashx?id=2676690&use=l&cat=p&typeid=i","cat":285168},{"id":225015,"n":"Film alimentaire Alfapac Découpe facile - 20m","p":1.73,"img":"https://fd13-photos.leclercdrive.fr/image.ashx?id=2681778&use=l&cat=p&typeid=i","cat":285194},{"id":225046,"n":"Huile à barbe homme King C. Gillette - 30ml","p":8.5,"pp":5.1,"u":"170,00 €/L","img":"https://fd13-photos.leclercdrive.fr/image.ashx?id=2746358&use=l&cat=p&typeid=i","cat":284622},{"id":225210,"n":"Infusion Yogi Bio Gingembre Citron  X15 - 30g","p":2.4,"u":"80,00 €/KG","img":"https://fd13-photos.leclercdrive.fr/image.ashx?id=2677498&use=l&cat=p&typeid=i","cat":293234},{"id":225213,"n":"Thé Matcha Energie Yogi Bio x15 - 27g","p":2.49,"u":"92,22 €/KG","img":"https://fd13-photos.leclercdrive.fr/image.ashx?id=2677495&use=l&cat=p&typeid=i","cat":293234},{"id":225214,"n":"Infusion Yogi bio  Gingembre orange - x15 - 27g","p":2.49,"u":"92,22 €/KG","img":"https://fd13-photos.leclercdrive.fr/image.ashx?id=2677492&use=l&cat=p&typeid=i","cat":293234},{"id":225215,"n":"Infusion Yogi detox Bio énergie - x15 - 27g","p":2.49,"u":"92,22 €/KG","img":"https://fd13-photos.leclercdrive.fr/image.ashx?id=2677489&use=l&cat=p&typeid=i","cat":293234},{"id":225217,"n":"Infusion Nuit Calme Yogi Bio x15 - 27g","p":2.42,"u":"89,63 €/KG","img":"https://fd13-photos.leclercdrive.fr/image.ashx?id=2677486&use=l&cat=p&typeid=i","cat":293234},{"id":225218,"n":"Thé Chaï aux Epices Yogi Bio  x15 - 27g","p":2.49,"u":"83,00 €/KG","img":"https://fd13-photos.leclercdrive.fr/image.ashx?id=2677483&use=l&cat=p&typeid=i","cat":293234},{"id":225219,"n":"Vitamine C Vitavea A croquer - 500g","p":3.7,"img":"https://fd13-photos.leclercdrive.fr/image.ashx?id=2677369&use=l&cat=p&typeid=i","cat":313217},{"id":225223,"n":"Jus de citron Siracuse  1L","p":3.83,"u":"3,83 €/L","img":"https://fd13-photos.leclercdrive.fr/image.ashx?id=2677582&use=l&cat=p&typeid=i","cat":288383},{"id":225224,"n":"Pruneau Vitavea Tamarin guimauve","p":5.37,"u":"0,27 €/P","img":"https://fd13-photos.leclercdrive.fr/image.ashx?id=2677378&use=l&cat=p&typeid=i","cat":313217},{"id":225227,"n":"Complement alimentaire Vitavea Suprabiotique flore intestinale","p":5.72,"u":"0,19 €/P","img":"https://fd13-photos.leclercdrive.fr/image.ashx?id=2890905&use=l&cat=p&typeid=i","cat":313217},{"id":225247,"n":"Pain nature Gerblé   Sans Gluten  - 200g","p":2.46,"u":"12,30 €/KG","img":"https://fd13-photos.leclercdrive.fr/image.ashx?id=2677303&use=l&cat=p&typeid=i","cat":318654},{"id":225251,"n":"Crème Vinaigre balsamique  Tramier - 250g","p":2.77,"u":"11,08 €/KG","img":"https://fd13-photos.leclercdrive.fr/image.ashx?id=2677192&use=l&cat=p&typeid=i","cat":298543},{"id":225253,"n":"Recettes du Marché Tramier  Marinade Piment & Paprika 150g","p":2.98,"u":"19,87 €/L","img":"https://fd13-photos.leclercdrive.fr/image.ashx?id=2882614&use=l&cat=p&typeid=i","cat":284450},{"id":225275,"n":"Doomino Chocolat blanc St-Michel - 180g","p":1.99,"u":"11,06 €/KG","img":"https://fd13-photos.leclercdrive.fr/image.ashx?id=2950003&use=l&cat=p&typeid=i","cat":284495},{"id":225276,"n":"Galette moelleuse tigrée Choco blanc - St Michel - 180g","p":1.99,"u":"11,06 €/KG","img":"https://fd13-photos.leclercdrive.fr/image.ashx?id=2953501&use=l&cat=p&typeid=i","cat":284495},{"id":225309,"n":"Bière blonde Kronenbourg 4,2° - 30x25cl","p":15.5,"u":"2,07 €/L","img":"https://fd13-photos.leclercdrive.fr/image.ashx?id=2992759&use=l&cat=p&typeid=i","cat":334873},{"id":225310,"n":"Boisson aux Fruits Tropico Tropical - Bouteille - 1,25L","p":1.92,"u":"1,54 €/L","img":"https://fd13-photos.leclercdrive.fr/image.ashx?id=2736811&use=l&cat=p&typeid=i","cat":295018},{"id":225311,"n":"Boisson Tropico Orange Ananas - 1.25 L","p":1.86,"u":"1,49 €/L","img":"https://fd13-photos.leclercdrive.fr/image.ashx?id=2977702&use=l&cat=p&typeid=i","cat":295018},{"id":225312,"n":"Boisson aux fruits Tropico  Fraise Kiwi - Bouteille - 1,25L","p":1.88,"u":"1,50 €/L","img":"https://fd13-photos.leclercdrive.fr/image.ashx?id=2682370&use=l&cat=p&typeid=i","cat":295018},{"id":225313,"n":"Complément alimentaire Juvamine Charbon - x40 - 16g","p":5.54,"u":"346,25 €/KG","img":"https://fd13-photos.leclercdrive.fr/image.ashx?id=2785853&use=l&cat=p&typeid=i","cat":313217},{"id":225316,"n":"Biscuit petit déj Gerblé Chocolat - 200g","p":1.99,"u":"9,95 €/KG","img":"https://fd13-photos.leclercdrive.fr/image.ashx?id=2679014&use=l&cat=p&typeid=i","cat":318651},{"id":225329,"n":"Complément alimentaire Vitavea Cranberry","p":5.85,"u":"0,20 €/P","img":"https://fd13-photos.leclercdrive.fr/image.ashx?id=2679122&use=l&cat=p&typeid=i","cat":313217},{"id":225434,"n":"Oeufs surprise  Pat Patrouille x3 - 60g","p":3.44,"u":"57,33 €/KG","img":"https://fd13-photos.leclercdrive.fr/image.ashx?id=2680563&use=l&cat=p&typeid=i","cat":284958},{"id":225440,"n":"Duo de poissons Fleury Michon Riz cuisiné sauce citron - 280g","p":2.59,"u":"9,25 €/KG","img":"https://fd13-photos.leclercdrive.fr/image.ashx?id=3003266&use=l&cat=p&typeid=i","cat":333665},{"id":225441,"n":"Fusilli au poulet Fleury Michon Sauce champignons - 280g","p":2.03,"u":"7,25 €/KG","img":"https://fd13-photos.leclercdrive.fr/image.ashx?id=3003233&use=l&cat=p&typeid=i","cat":333665},{"id":225445,"n":"Les tranches Fleury Michon Pois chiches x4 - 120g","p":2.1,"u":"17,50 €/KG","img":"https://fd13-photos.leclercdrive.fr/image.ashx?id=2902007&use=l&cat=p&typeid=i","cat":316036},{"id":225446,"n":"Les tranches Fleury Michon Lentilles corail  x4 - 120g","p":2.11,"u":"17,58 €/KG","img":"https://fd13-photos.leclercdrive.fr/image.ashx?id=2900905&use=l&cat=p&typeid=i","cat":316036},{"id":225447,"n":"Les tranches Fleury Michon Haricots blancs x4 - 120g","p":2.13,"u":"17,75 €/KG","img":"https://fd13-photos.leclercdrive.fr/image.ashx?id=2902010&use=l&cat=p&typeid=i","cat":316036},{"id":225450,"n":"Pruneaux d'Agen denoyautés  Roucadil - 750g","p":6.6,"u":"8,80 €/KG","img":"https://fd13-photos.leclercdrive.fr/image.ashx?id=2680716&use=l&cat=p&typeid=i","cat":284357},{"id":225461,"n":"Déodorant Bille Homme 48h Narta Anti-traces - 50ml","p":2.37,"u":"47,40 €/L","img":"https://fd13-photos.leclercdrive.fr/image.ashx?id=2681859&use=l&cat=p&typeid=i","cat":284618},{"id":225462,"n":"Déodorant Bille Femme Narta Anti-Transpirant 48h - 50ml","p":2.36,"u":"47,20 €/L","img":"https://fd13-photos.leclercdrive.fr/image.ashx?id=2681862&use=l&cat=p&typeid=i","cat":284595},{"id":225463,"n":"Déodorant Bille Homme 48h Narta Fraîcheur Polaire - 50ml","p":2.37,"u":"47,40 €/L","img":"https://fd13-photos.leclercdrive.fr/image.ashx?id=2681865&use=l&cat=p&typeid=i","cat":284618},{"id":225464,"n":"Déodorant Bille bio Femme Narta Sans Alcool - 50ml","p":2.35,"u":"47,00 €/L","img":"https://fd13-photos.leclercdrive.fr/image.ashx?id=2681868&use=l&cat=p&typeid=i","cat":284595},{"id":225465,"n":"Déodorant Bille Femme Narta Anti-Traces 48h - 50ml","p":2.35,"u":"47,00 €/L","img":"https://fd13-photos.leclercdrive.fr/image.ashx?id=2681871&use=l&cat=p&typeid=i","cat":284595},{"id":225466,"n":"Déodorant Bille Femme Narta Anti-Traces Sans alcool - 50ml","p":2.36,"u":"47,20 €/L","img":"https://fd13-photos.leclercdrive.fr/image.ashx?id=2681874&use=l&cat=p&typeid=i","cat":284595},{"id":225467,"n":"Déodorant Bille Homme 48h Narta Invisible Sans Alcool - 50ml","p":4.36,"u":"87,20 €/L","img":"https://fd13-photos.leclercdrive.fr/image.ashx?id=2681877&use=l&cat=p&typeid=i","cat":284618},{"id":225468,"n":"Déodorant Bille Homme 48h Narta Anti-Traces Blanches - 50ml","p":2.37,"u":"47,40 €/L","img":"https://fd13-photos.leclercdrive.fr/image.ashx?id=2681886&use=l&cat=p&typeid=i","cat":284618},{"id":225608,"n":"Triangolo Fromage enfants vache Les Croisés 8 portions - 140g","p":1.19,"u":"8,50 €/KG","img":"https://fd13-photos.leclercdrive.fr/image.ashx?id=2791917&use=l&cat=p&typeid=i","cat":314030},{"id":225614,"n":"Désinfectant Sanytol Eucalyptus - Multi-usage 500ml","p":2.15,"u":"4,30 €/L","img":"https://fd13-photos.leclercdrive.fr/image.ashx?id=2894800&use=l&cat=p&typeid=i","cat":325357},{"id":225617,"n":"Désinfectant Sanytol Pamplemousse Multi-usage 500ml","p":2.68,"u":"5,36 €/L","img":"https://fd13-photos.leclercdrive.fr/image.ashx?id=2682144&use=l&cat=p&typeid=i","cat":325357},{"id":225619,"n":"Désinfectant nettoyant Sanytol Multi-surfaces - Eucalyptus 1L","p":2.02,"u":"2,02 €/L","img":"https://fd13-photos.leclercdrive.fr/image.ashx?id=2866319&use=l&cat=p&typeid=i","cat":284907},{"id":225622,"n":"Lingettes optiques - Nettoyant lunettes x52","p":1.33,"u":"0,03 €/P","img":"https://fd13-photos.leclercdrive.fr/image.ashx?id=2681536&use=l&cat=p&typeid=i","cat":288862},{"id":225623,"n":"Lingettes optiques - Nettoyant  lunettes x30","p":1.29,"u":"0,04 €/P","img":"https://fd13-photos.leclercdrive.fr/image.ashx?id=2681539&use=l&cat=p&typeid=i","cat":288862},{"id":225641,"n":"Batonnet de glace Raffaello Noix de coco - x6  282g","p":5.32,"u":"18,87 €/KG","img":"https://fd13-photos.leclercdrive.fr/image.ashx?id=2940528&use=l&cat=p&typeid=i","cat":284265},{"id":225642,"n":"Batonnet de glace Ferrero  Rocher lait noisettes - x6 300g","p":5.02,"u":"16,73 €/KG","img":"https://fd13-photos.leclercdrive.fr/image.ashx?id=2964036&use=l&cat=p&typeid=i","cat":284265},{"id":225646,"n":"Maïs Géant Vert extra croquant sans résidu pesticides - 3x140g","p":2.46,"u":"5,86 €/KG","img":"https://fd13-photos.leclercdrive.fr/image.ashx?id=2977369&use=l&cat=p&typeid=i","cat":312611},{"id":225647,"n":"Maïs Géant Vert extra tendre sans résidu pesticides - 3x140g","p":2.31,"u":"5,50 €/KG","img":"https://fd13-photos.leclercdrive.fr/image.ashx?id=2977366&use=l&cat=p&typeid=i","cat":312611},{"id":225652,"n":"Cônes Extrême Nestlé Vanille x4 - 284g","p":2.99,"u":"10,53 €/KG","img":"https://fd13-photos.leclercdrive.fr/image.ashx?id=2695295&use=l&cat=p&typeid=i","cat":284264},{"id":225653,"n":"Mini pots Häagen-Dazs  Delight collection x4 - 324g","p":5.58,"u":"17,22 €/KG","img":"https://fd13-photos.leclercdrive.fr/image.ashx?id=2893489&use=l&cat=p&typeid=i","cat":284725},{"id":225655,"n":"Huile d'olive Terra Delyssa Vierge extra - 75cl","p":8.57,"u":"11,43 €/L","img":"https://fd13-photos.leclercdrive.fr/image.ashx?id=2686153&use=l&cat=p&typeid=i","cat":284453},{"id":225657,"n":"Mon Huile d'Olive Tramier  Subtile 1l","p":11.63,"u":"11,63 €/L","img":"https://fd13-photos.leclercdrive.fr/image.ashx?id=2834047&use=l&cat=p&typeid=i","cat":284453},{"id":225663,"n":"Yakitoris au poulet Tables du Monde x8 - 210g","p":4.22,"u":"20,10 €/KG","img":"https://fd13-photos.leclercdrive.fr/image.ashx?id=2682015&use=l&cat=p&typeid=i","cat":319774},{"id":225665,"n":"Gyozas aux légumes Tables du Monde x10 - 212g","p":3.29,"u":"15,52 €/KG","img":"https://fd13-photos.leclercdrive.fr/image.ashx?id=2682018&use=l&cat=p&typeid=i","cat":319774},{"id":225700,"n":"Bière blonde Leffe Prestige 124 8,5% - 6x25cl","p":7.39,"u":"4,93 €/L","img":"https://fd13-photos.leclercdrive.fr/image.ashx?id=2695007&use=l&cat=p&typeid=i","cat":334852},{"id":225703,"n":"Aérosol répulsif Raid Moustiques - 300ml","p":3.12,"u":"10,40 €/L","img":"https://fd13-photos.leclercdrive.fr/image.ashx?id=2736385&use=l&cat=p&typeid=i","cat":298368},{"id":225706,"n":"Aérosol répulsif Raid Fourmis et cafards - 300ml","p":3.23,"u":"10,77 €/L","img":"https://fd13-photos.leclercdrive.fr/image.ashx?id=2736382&use=l&cat=p&typeid=i","cat":298368},{"id":225711,"n":"Infusion Yogi Relaxation Bio - x15 - 27g","p":2.4,"u":"88,89 €/KG","img":"https://fd13-photos.leclercdrive.fr/image.ashx?id=2683193&use=l&cat=p&typeid=i","cat":293234},{"id":225712,"n":"Infusion Yogi Bio Défenses immunitaires x15 - 30g","p":2.49,"u":"83,00 €/KG","img":"https://fd13-photos.leclercdrive.fr/image.ashx?id=2683196&use=l&cat=p&typeid=i","cat":293234},{"id":225714,"n":"Infusion Yogi Bio Elixir pour la gorge x15 - 27g","p":2.48,"u":"91,85 €/KG","img":"https://fd13-photos.leclercdrive.fr/image.ashx?id=2683199&use=l&cat=p&typeid=i","cat":293234},{"id":225717,"n":"Infusion Yogi Bio Curcuma gingembre - x15 - 30g","p":2.49,"u":"83,00 €/KG","img":"https://fd13-photos.leclercdrive.fr/image.ashx?id=2683202&use=l&cat=p&typeid=i","cat":293234},{"id":225719,"n":"Infusion Yogi Bio Rooibos - x15 - 30g","p":2.31,"u":"77,00 €/KG","img":"https://fd13-photos.leclercdrive.fr/image.ashx?id=2683208&use=l&cat=p&typeid=i","cat":293234},{"id":225732,"n":"Bonbons Haribo méga fête Assortiment mini sachets - 880g","p":8.39,"u":"9,53 €/KG","img":"https://fd13-photos.leclercdrive.fr/image.ashx?id=2984961&use=l&cat=p&typeid=i","cat":304250},{"id":225743,"n":"Coloration Permanente Garnier Color Sensation 1.0 Noir","p":4.3,"img":"https://fd13-photos.leclercdrive.fr/image.ashx?id=2684254&use=l&cat=p&typeid=i","cat":288899},{"id":225744,"n":"Coloration Permanente Garnier 2.10 Noir Bleuté","p":4.39,"img":"https://fd13-photos.leclercdrive.fr/image.ashx?id=2684242&use=l&cat=p&typeid=i","cat":288899},{"id":225745,"n":"Coloration Permanente Garnier Color Sensation 4.0 Châtain","p":3.76,"img":"https://fd13-photos.leclercdrive.fr/image.ashx?id=2684245&use=l&cat=p&typeid=i","cat":288899},{"id":225747,"n":"Coloration Permanente Garnier 5.35 Châtain Clair Cannelle","p":3.76,"img":"https://fd13-photos.leclercdrive.fr/image.ashx?id=2684251&use=l&cat=p&typeid=i","cat":288899},{"id":225749,"n":"Masque Lissant Ultra Doux Eau de Riz - 340ml","p":5.0,"u":"14,71 €/L","img":"https://fd13-photos.leclercdrive.fr/image.ashx?id=2684233&use=l&cat=p&typeid=i","cat":284608},{"id":225751,"n":"Shampoing Lissant Ultra Doux Cheveux longs - 250ml","p":2.42,"u":"9,68 €/L","img":"https://fd13-photos.leclercdrive.fr/image.ashx?id=2684236&use=l&cat=p&typeid=i","cat":284606},{"id":225752,"n":"Après-shampooing Garnier Ultra Doux - Eau de riz - 200ml","p":2.79,"u":"13,95 €/L","img":"https://fd13-photos.leclercdrive.fr/image.ashx?id=2684239&use=l&cat=p&typeid=i","cat":284607},{"id":225755,"n":"Crème dépilatoire Veet Men Peaux sensibles - 400ml","p":8.86,"u":"22,15 €/L","img":"https://fd13-photos.leclercdrive.fr/image.ashx?id=2785448&use=l&cat=p&typeid=i","cat":284617},{"id":225769,"n":"Change culottes Mots d'enfants T7 - 17kg - x15","p":5.15,"u":"0,34 €/P","img":"https://fd13-photos.leclercdrive.fr/image.ashx?id=2907249&use=l&cat=p&typeid=i","cat":290633},{"id":225770,"n":"Filtres à café Plantation N°2 - x80","p":1.33,"u":"0,02 €/P","img":"https://fd13-photos.leclercdrive.fr/image.ashx?id=2756940&use=l&cat=p&typeid=i","cat":284751},{"id":225780,"n":"Dentifrice Sanogyl Biome Protège gencive - 75ml","p":4.4,"u":"58,67 €/L","img":"https://fd13-photos.leclercdrive.fr/image.ashx?id=2684152&use=l&cat=p&typeid=i","cat":284612},{"id":225784,"n":"Bandes de cire Veet Pure Froide - Aisselles - x16","p":4.49,"u":"0,28 €/P","img":"https://fd13-photos.leclercdrive.fr/image.ashx?id=2970795&use=l&cat=p&typeid=i","cat":325351},{"id":225785,"n":"Bandes de cire Veet Pure Jambes - x20","p":4.73,"u":"0,24 €/P","img":"https://fd13-photos.leclercdrive.fr/image.ashx?id=2964956&use=l&cat=p&typeid=i","cat":325351},{"id":225786,"n":"Lingettes Intima Regul'Active - x20","p":2.64,"u":"0,13 €/P","img":"https://fd13-photos.leclercdrive.fr/image.ashx?id=2689787&use=l&cat=p&typeid=i","cat":284627},{"id":225788,"n":"Recharge savon Dettol Karité - 250ml","p":3.14,"u":"12,56 €/L","img":"https://fd13-photos.leclercdrive.fr/image.ashx?id=2969016&use=l&cat=p&typeid=i","cat":284597},{"id":225789,"n":"Bandes de cire Veet Maillot - x16","p":4.59,"u":"0,29 €/P","img":"https://fd13-photos.leclercdrive.fr/image.ashx?id=2865662&use=l&cat=p&typeid=i","cat":325351},{"id":225790,"n":"Gel Intima Régulateur - 500ml","p":9.31,"u":"18,62 €/L","img":"https://fd13-photos.leclercdrive.fr/image.ashx?id=2889274&use=l&cat=p&typeid=i","cat":284627},{"id":225793,"n":"Liquide vaisselle Paic Acti Froid - Menthe - 500ml","p":2.59,"u":"5,18 €/L","img":"https://fd13-photos.leclercdrive.fr/image.ashx?id=2684335&use=l&cat=p&typeid=i","cat":284655},{"id":225819,"n":"Canderel liquide 200 ml","p":2.53,"u":"12,65 €/L","img":"https://fd13-photos.leclercdrive.fr/image.ashx?id=2812828&use=l&cat=p&typeid=i","cat":324846},{"id":225891,"n":"Bière blonde 1664 5,5° - 18x25cl","p":11.4,"pp":8.55,"u":"1,90 €/L","img":"https://fd13-photos.leclercdrive.fr/image.ashx?id=2684931&use=l&cat=p&typeid=i","cat":334873},{"id":225931,"n":"Tuiles Monster Munch  Crazy barbecue - 150g","p":1.9,"u":"12,67 €/KG","img":"https://fd13-photos.leclercdrive.fr/image.ashx?id=2923993&use=l&cat=p&typeid=i","cat":287899},{"id":225936,"n":"Jus d'orange sans pulpe Montebelo - 1L","p":2.68,"u":"2,68 €/L","img":"https://fd13-photos.leclercdrive.fr/image.ashx?id=2743505&use=l&cat=p&typeid=i","cat":284354},{"id":225947,"n":"Bière blonde 1664 5,5° 24x25cl","p":15.09,"u":"2,52 €/L","img":"https://fd13-photos.leclercdrive.fr/image.ashx?id=2686597&use=l&cat=p&typeid=i","cat":334873},{"id":225963,"n":"Petit beurre fourrés Jardin Bio Bio - 197g","p":2.54,"u":"12,89 €/KG","img":"https://fd13-photos.leclercdrive.fr/image.ashx?id=2859452&use=l&cat=p&typeid=i","cat":284487},{"id":226108,"n":"Chocolat Nesquik 800g","p":4.68,"u":"5,85 €/KG","img":"https://fd13-photos.leclercdrive.fr/image.ashx?id=3005377&use=l&cat=p&typeid=i","cat":293235},{"id":226111,"n":"Muesli  Grainea Chocolat noir - 500g","p":2.27,"u":"4,54 €/KG","img":"https://fd13-photos.leclercdrive.fr/image.ashx?id=2931859&use=l&cat=p&typeid=i","cat":309512},{"id":226113,"n":"Brioches Pitch Pépites de chocolats -300g","p":2.27,"u":"7,57 €/KG","img":"https://fd13-photos.leclercdrive.fr/image.ashx?id=2687872&use=l&cat=p&typeid=i","cat":293505},{"id":226122,"n":"Biscuits Delacre Cigarettes Russes - 230g","p":1.9,"u":"8,26 €/KG","img":"https://fd13-photos.leclercdrive.fr/image.ashx?id=2688833&use=l&cat=p&typeid=i","cat":284490},{"id":226129,"n":"Lentilles Bonduelle Lot de 3 - 265g","p":3.45,"u":"4,34 €/KG","img":"https://fd13-photos.leclercdrive.fr/image.ashx?id=2841253&use=l&cat=p&typeid=i","cat":312609},{"id":226296,"n":"Biscuit Flammekueche Savour 100g","p":1.85,"u":"18,50 €/L","img":"https://fd13-photos.leclercdrive.fr/image.ashx?id=2781889&use=l&cat=p&typeid=i","cat":297000},{"id":226297,"n":"Biscuits Savour Olive herbes de provence - 100g","p":1.85,"u":"18,50 €/KG","img":"https://fd13-photos.leclercdrive.fr/image.ashx?id=2781886&use=l&cat=p&typeid=i","cat":297000},{"id":226302,"n":"Pâtes fraîches RANA Ravioli  Cèpes Champignons Ricotta -250g","p":3.37,"u":"13,48 €/KG","img":"https://fd13-photos.leclercdrive.fr/image.ashx?id=2737381&use=l&cat=p&typeid=i","cat":333682},{"id":226304,"n":"Pâtes fraîches RANA Ravioli  Saumon fumé et Mascarpone -250g","p":3.62,"u":"14,48 €/KG","img":"https://fd13-photos.leclercdrive.fr/image.ashx?id=2737387&use=l&cat=p&typeid=i","cat":333682},{"id":226307,"n":"Biscuits Savour Chorizo - 100g","p":1.85,"u":"18,50 €/KG","img":"https://fd13-photos.leclercdrive.fr/image.ashx?id=2781883&use=l&cat=p&typeid=i","cat":297000},{"id":226313,"n":"Purée d'amande bio Jardin Bio 170g","p":5.54,"u":"32,59 €/KG","img":"https://fd13-photos.leclercdrive.fr/image.ashx?id=2692533&use=l&cat=p&typeid=i","cat":284481},{"id":226317,"n":"Croquettes Vitafit Friskies Light Poulet légumes 7 kg","p":18.63,"u":"2,66 €/KG","img":"https://fd13-photos.leclercdrive.fr/image.ashx?id=2986993&use=l&cat=p&typeid=i","cat":284672},{"id":226320,"n":"Croquettes Edgard Cooper Naturelles sans céréales - 750g","p":7.99,"u":"10,65 €/KG","img":"https://fd13-photos.leclercdrive.fr/image.ashx?id=2770575&use=l&cat=p&typeid=i","cat":284680},{"id":226327,"n":"Sauce Nos Régions ont du Talent Marmande oignon ail - 300g","p":2.02,"u":"6,73 €/KG","img":"https://fd13-photos.leclercdrive.fr/image.ashx?id=2954172&use=l&cat=p&typeid=i","cat":288384},{"id":226330,"n":"Croziflette Alpina Savoie 400g","p":2.87,"u":"7,18 €/KG","img":"https://fd13-photos.leclercdrive.fr/image.ashx?id=2692374&use=l&cat=p&typeid=i","cat":284427},{"id":226331,"n":"Crozets nature Alpina Savoie Maxi format - 600g","p":3.32,"u":"5,53 €/KG","img":"https://fd13-photos.leclercdrive.fr/image.ashx?id=2795066&use=l&cat=p&typeid=i","cat":284427},{"id":226334,"n":"Vinaigre de cidre breton NRT - 75cl","p":2.29,"u":"3,05 €/L","img":"https://fd13-photos.leclercdrive.fr/image.ashx?id=2856630&use=l&cat=p&typeid=i","cat":298543},{"id":226341,"n":"Barre muffin Chocolat - 4x30g","p":2.39,"u":"19,92 €/KG","img":"https://fd13-photos.leclercdrive.fr/image.ashx?id=2745355&use=l&cat=p&typeid=i","cat":285869},{"id":226343,"n":"Barre de céréales Nature Valley  Crunchy caramel x8 - 160g","p":2.69,"u":"16,81 €/KG","img":"https://fd13-photos.leclercdrive.fr/image.ashx?id=2692797&use=l&cat=p&typeid=i","cat":300032},{"id":226345,"n":"Barre de céréales Nature Valley Crunchy avoine fruits x5- 210g","p":2.5,"u":"11,90 €/KG","img":"https://fd13-photos.leclercdrive.fr/image.ashx?id=2858699&use=l&cat=p&typeid=i","cat":300032},{"id":226346,"n":"Boisson Gazeuse Maison Perrier Forever Gingembre Citron 1L","p":1.03,"u":"1,03 €/L","img":"https://fd13-photos.leclercdrive.fr/image.ashx?id=2692818&use=l&cat=p&typeid=i","cat":284536},{"id":226348,"n":"Céréales P'tit Déli Caramel & Chocolat - 400g","p":2.12,"u":"5,30 €/KG","img":"https://fd13-photos.leclercdrive.fr/image.ashx?id=2691528&use=l&cat=p&typeid=i","cat":309513},{"id":226349,"n":"Boisson Gazeuse Maison Perrier Chic Citrus Fizz 4x25cl","p":2.71,"u":"2,71 €/L","img":"https://fd13-photos.leclercdrive.fr/image.ashx?id=2841595&use=l&cat=p&typeid=i","cat":284536},{"id":226350,"n":"Boisson Gazeuse Maison Perrier Chic Lemonjito 4x25cl","p":2.81,"u":"2,81 €/L","img":"https://fd13-photos.leclercdrive.fr/image.ashx?id=2692809&use=l&cat=p&typeid=i","cat":284536},{"id":226351,"n":"Miel de fleurs  Les Apiculteurs Associés - 500g","p":4.58,"u":"9,16 €/KG","img":"https://fd13-photos.leclercdrive.fr/image.ashx?id=2692566&use=l&cat=p&typeid=i","cat":287643},{"id":226398,"n":"Céréales Eco+ Caramel cacao - 750g","p":2.97,"u":"3,96 €/KG","img":"https://fd13-photos.leclercdrive.fr/image.ashx?id=2691559&use=l&cat=p&typeid=i","cat":309513},{"id":226412,"n":"Barre de céréales Nature Valley  Protéine cranberries x4 -160g","p":2.79,"u":"17,44 €/KG","img":"https://fd13-photos.leclercdrive.fr/image.ashx?id=2693869&use=l&cat=p&typeid=i","cat":285869},{"id":226432,"n":"Brioche La Fournée Dorée Tranchée marbré  chocolat 400g","p":2.75,"u":"6,88 €/KG","img":"https://fd13-photos.leclercdrive.fr/image.ashx?id=2693728&use=l&cat=p&typeid=i","cat":284478},{"id":226449,"n":"Lait de coco Eco+ 200ml","p":0.69,"u":"3,45 €/L","img":"https://fd13-photos.leclercdrive.fr/image.ashx?id=2691790&use=l&cat=p&typeid=i","cat":288992},{"id":226460,"n":"Madeleines Ker Cadelac Extra moelleuses - 800g","p":4.19,"u":"5,24 €/KG","img":"https://fd13-photos.leclercdrive.fr/image.ashx?id=2693575&use=l&cat=p&typeid=i","cat":284492},{"id":226461,"n":"Parfum de linge billes Lenor Jasmin rose de Mai - 165g","p":6.19,"u":"37,52 €/KG","img":"https://fd13-photos.leclercdrive.fr/image.ashx?id=2695392&use=l&cat=p&typeid=i","cat":325302},{"id":226480,"n":"Rhum VO Dillon 43%vol - 70L","p":21.6,"u":"30,86 €/L","img":"https://fd13-photos.leclercdrive.fr/image.ashx?id=2921277&use=l&cat=p&typeid=i","cat":284550},{"id":226484,"n":"Cookies Crunchy Kinder Pépites au cacao et lait - 136g","p":2.8,"u":"20,59 €/KG","img":"https://fd13-photos.leclercdrive.fr/image.ashx?id=2691995&use=l&cat=p&typeid=i","cat":325066},{"id":226510,"n":"Biscuits BN Chocolats -570g","p":2.35,"img":"https://fd13-photos.leclercdrive.fr/image.ashx?id=2693509&use=l&cat=p&typeid=i","cat":284488},{"id":226511,"n":"Liquide Vaisselle Paic Fraîcheur agrumes - 750ml","p":2.25,"u":"3,00 €/L","img":"https://fd13-photos.leclercdrive.fr/image.ashx?id=2693965&use=l&cat=p&typeid=i","cat":284655},{"id":226514,"n":"Filet de cabillaud Fish & Chips L'Atelier Poissonnerie - 200g","p":3.89,"u":"19,45 €/KG","img":"https://fd13-photos.leclercdrive.fr/image.ashx?id=2714456&use=l&cat=p&typeid=i","cat":284344},{"id":226523,"n":"Bisuits roudor Saint Michel 150g","p":1.35,"u":"9,00 €/KG","img":"https://fd13-photos.leclercdrive.fr/image.ashx?id=3001982&use=l&cat=p&typeid=i","cat":284487},{"id":226534,"n":"Huile de tournesol Tramier  1L","p":5.59,"u":"5,59 €/L","img":"https://fd13-photos.leclercdrive.fr/image.ashx?id=2695097&use=l&cat=p&typeid=i","cat":284453},{"id":226538,"n":"Huile d'olive Terra Delyssa Vierge extra - 75cl","p":7.43,"u":"9,91 €/L","img":"https://fd13-photos.leclercdrive.fr/image.ashx?id=2849256&use=l&cat=p&typeid=i","cat":284453},{"id":226583,"n":"Boisson gazeuse Maison Perrier Magnetic Juice Fraise 4x25cl","p":2.74,"u":"2,74 €/L","img":"https://fd13-photos.leclercdrive.fr/image.ashx?id=2887314&use=l&cat=p&typeid=i","cat":284536},{"id":226591,"n":"Glace cone Extreme  Lemon cheesecake  x6 - 426g","p":3.8,"u":"8,92 €/KG","img":"https://fd13-photos.leclercdrive.fr/image.ashx?id=2732950&use=l&cat=p&typeid=i","cat":284264},{"id":226636,"n":"Déodorant Homme Adidas Fresh Endurance - 150ml","p":2.54,"u":"16,93 €/L","img":"https://fd13-photos.leclercdrive.fr/image.ashx?id=2990772&use=l&cat=p&typeid=i","cat":284618},{"id":226646,"n":"Boisson Gazeuse Maison Perrier Forever Citron Vert 1L","p":1.02,"u":"1,02 €/L","img":"https://fd13-photos.leclercdrive.fr/image.ashx?id=2695103&use=l&cat=p&typeid=i","cat":284536},{"id":226657,"n":"Boisson Gazeuse Maison Perrier Forever Citron 1L","p":0.99,"u":"0,99 €/L","img":"https://fd13-photos.leclercdrive.fr/image.ashx?id=2887311&use=l&cat=p&typeid=i","cat":284536},{"id":226659,"n":"Boisson Gazeuse Maison Perrier Forever Orange 1L","p":1.03,"u":"1,03 €/L","img":"https://fd13-photos.leclercdrive.fr/image.ashx?id=2695106&use=l&cat=p&typeid=i","cat":284536},{"id":226661,"n":"Boisson Gazeuse Maison Perrier Forever Menthe 1L","p":0.92,"u":"0,92 €/L","img":"https://fd13-photos.leclercdrive.fr/image.ashx?id=2695112&use=l&cat=p&typeid=i","cat":284536},{"id":226663,"n":"Boisson Gazeuse Maison Perrier Forever Citron 6x50cl","p":3.87,"u":"1,29 €/L","img":"https://fd13-photos.leclercdrive.fr/image.ashx?id=2695100&use=l&cat=p&typeid=i","cat":284536},{"id":226664,"n":"Boisson Gazeuse Maison Perrier Forever Citron Vert 6x50cl","p":3.75,"u":"1,25 €/L","img":"https://fd13-photos.leclercdrive.fr/image.ashx?id=2695109&use=l&cat=p&typeid=i","cat":284536},{"id":226667,"n":"Boisson Gazeuse Maison Perrier Forever Citron 6x33cl","p":2.99,"u":"1,51 €/L","img":"https://fd13-photos.leclercdrive.fr/image.ashx?id=2878447&use=l&cat=p&typeid=i","cat":284536},{"id":226668,"n":"Boisson Gazeuse Maison Perrier Forever Citron Vert 6x33cl","p":3.21,"u":"1,62 €/L","img":"https://fd13-photos.leclercdrive.fr/image.ashx?id=2887308&use=l&cat=p&typeid=i","cat":284536},{"id":226776,"n":"Thé noir fruits rouges Lipton 20 sachets - 30g","p":1.86,"u":"62,00 €/KG","img":"https://fd13-photos.leclercdrive.fr/image.ashx?id=2695359&use=l&cat=p&typeid=i","cat":293233},{"id":226777,"n":"Thé noir vanille et caramel 20 sachets - 34g","p":2.45,"u":"72,06 €/KG","img":"https://fd13-photos.leclercdrive.fr/image.ashx?id=2736703&use=l&cat=p&typeid=i","cat":293233},{"id":226778,"n":"Thé noir orange Lipton 20 sachets - 34g","p":2.46,"u":"72,35 €/KG","img":"https://fd13-photos.leclercdrive.fr/image.ashx?id=2695371&use=l&cat=p&typeid=i","cat":293233},{"id":226781,"n":"Thé noir pêche mangue Lipton 20 sachets - 34g","p":2.41,"u":"70,88 €/KG","img":"https://fd13-photos.leclercdrive.fr/image.ashx?id=2695362&use=l&cat=p&typeid=i","cat":293233},{"id":226800,"n":"Parfum de linge billes Lenor Envolée d'air x41","p":9.84,"u":"19,88 €/KG","img":"https://fd13-photos.leclercdrive.fr/image.ashx?id=2857893&use=l&cat=p&typeid=i","cat":325302},{"id":226801,"n":"Parfum de linge billes Lenor  Jasmin Rose de mai x19 doses","p":6.92,"u":"29,45 €/KG","img":"https://fd13-photos.leclercdrive.fr/image.ashx?id=2841598&use=l&cat=p&typeid=i","cat":325302},{"id":226806,"n":"Liquide de rinçage Sun Brillance - 500ml","p":3.45,"u":"6,90 €/L","img":"https://fd13-photos.leclercdrive.fr/image.ashx?id=2829099&use=l&cat=p&typeid=i","cat":284657},{"id":226807,"n":"Liquide de rinçage Sun Séchage - 500ml","p":3.66,"u":"7,32 €/L","img":"https://fd13-photos.leclercdrive.fr/image.ashx?id=2738716&use=l&cat=p&typeid=i","cat":284657},{"id":226808,"n":"Adoucissant Lenor Fresh air Rayons de soleil x36","p":5.24,"u":"10,40 €/L","img":"https://fd13-photos.leclercdrive.fr/image.ashx?id=2696445&use=l&cat=p&typeid=i","cat":284650},{"id":226810,"n":"Adoucissant Lenor Fraicheur  matinale x36 - 0.5L","p":4.97,"u":"9,86 €/L","img":"https://fd13-photos.leclercdrive.fr/image.ashx?id=2696166&use=l&cat=p&typeid=i","cat":284650},{"id":226811,"n":"Adoucissant Lenor Fresh air Solstice Boréal x36 - 0.5L","p":4.88,"u":"9,68 €/L","img":"https://fd13-photos.leclercdrive.fr/image.ashx?id=2696169&use=l&cat=p&typeid=i","cat":284650},{"id":226813,"n":"Déodorant stick Sanex  Zéro% Sensitive - 65ml","p":2.52,"u":"38,77 €/L","img":"https://fd13-photos.leclercdrive.fr/image.ashx?id=2745415&use=l&cat=p&typeid=i","cat":284595},{"id":226815,"n":"Dentifrice Oral-B kids 0-6ans - 50ml","p":1.79,"u":"35,80 €/L","img":"https://fd13-photos.leclercdrive.fr/image.ashx?id=2737801&use=l&cat=p&typeid=i","cat":288898},{"id":226818,"n":"Dentifrice Sensodyne Soin  complet Triple action - 75ml","p":4.59,"u":"61,20 €/L","img":"https://fd13-photos.leclercdrive.fr/image.ashx?id=2997778&use=l&cat=p&typeid=i","cat":284612},{"id":226819,"n":"Dentifrice Sensodyne Soin gencives Triple action - 75ml","p":3.47,"u":"46,27 €/L","img":"https://fd13-photos.leclercdrive.fr/image.ashx?id=3000384&use=l&cat=p&typeid=i","cat":284612},{"id":226824,"n":"Dentifrice Sensodyne Soin  Blancheur naturelle 24h - 75ml","p":4.19,"u":"55,87 €/L","img":"https://fd13-photos.leclercdrive.fr/image.ashx?id=2694944&use=l&cat=p&typeid=i","cat":284612},{"id":226825,"n":"Dentifrice Sensodyne Répare & protège Novamin - 75ml","p":4.5,"u":"60,00 €/L","img":"https://fd13-photos.leclercdrive.fr/image.ashx?id=2694947&use=l&cat=p&typeid=i","cat":284612},{"id":226826,"n":"Dentifrice Sensodyne Soin Blancheur triple action - 75ml","p":3.86,"u":"51,47 €/L","img":"https://fd13-photos.leclercdrive.fr/image.ashx?id=3000381&use=l&cat=p&typeid=i","cat":284612},{"id":226829,"n":"Dentifrice Sensodyne Répare & protège extra fresh - 75ml","p":4.99,"u":"66,53 €/L","img":"https://fd13-photos.leclercdrive.fr/image.ashx?id=2694956&use=l&cat=p&typeid=i","cat":284612},{"id":226830,"n":"Dentifrice Sensodyne Répare & protège Blancheur - 75ml","p":4.78,"u":"63,73 €/L","img":"https://fd13-photos.leclercdrive.fr/image.ashx?id=2872955&use=l&cat=p&typeid=i","cat":284612},{"id":226831,"n":"Nettoyant machine Sun Pendant le cycle x4 - 60g","p":6.35,"u":"13,23 €/KG","img":"https://fd13-photos.leclercdrive.fr/image.ashx?id=2738713&use=l&cat=p&typeid=i","cat":284657},{"id":226856,"n":"P'tit onctueux pêche Nestlé sans sucres ajoutés - 4x90g","p":1.97,"u":"5,47 €/KG","img":"https://fd13-photos.leclercdrive.fr/image.ashx?id=2695124&use=l&cat=p&typeid=i","cat":312392},{"id":226876,"n":"P'tit brassé banane Nestlé mangue sans sucre - 4x90g","p":1.96,"u":"5,44 €/KG","img":"https://fd13-photos.leclercdrive.fr/image.ashx?id=2696133&use=l&cat=p&typeid=i","cat":312392},{"id":226879,"n":"Pate tomate colin Naturnes Dès 6 mois - 2x90g","p":2.18,"u":"12,11 €/KG","img":"https://fd13-photos.leclercdrive.fr/image.ashx?id=2696139&use=l&cat=p&typeid=i","cat":312235},{"id":226882,"n":"Chocolat en poudre Nesquik 300g","p":2.86,"u":"9,53 €/KG","img":"https://fd13-photos.leclercdrive.fr/image.ashx?id=3005374&use=l&cat=p&typeid=i","cat":293235},{"id":226899,"n":"Mini bille chocolaté M&Ms 176g","p":2.5,"u":"14,20 €/KG","img":"https://fd13-photos.leclercdrive.fr/image.ashx?id=3009074&use=l&cat=p&typeid=i","cat":304238},{"id":226903,"n":"Boisson énergisante Maison Perrier mûre - 25cl","p":1.0,"u":"4,00 €/L","img":"https://fd13-photos.leclercdrive.fr/image.ashx?id=2696130&use=l&cat=p&typeid=i","cat":284533},{"id":226909,"n":"Dragées chocolatées M&M's crispy  187g","p":2.48,"u":"13,26 €/KG","img":"https://fd13-photos.leclercdrive.fr/image.ashx?id=3014868&use=l&cat=p&typeid=i","cat":304238},{"id":226910,"n":"Dragées chocolatées M&M's 340g","p":4.73,"u":"13,91 €/KG","img":"https://fd13-photos.leclercdrive.fr/image.ashx?id=3003399&use=l&cat=p&typeid=i","cat":304238},{"id":226920,"n":"Bonbons Skittles  152g","p":1.24,"u":"8,16 €/KG","img":"https://fd13-photos.leclercdrive.fr/image.ashx?id=3008984&use=l&cat=p&typeid=i","cat":304250},{"id":226921,"n":"Boisson énergisante Maison Perrier citron - 25cl","p":0.79,"u":"3,16 €/L","img":"https://fd13-photos.leclercdrive.fr/image.ashx?id=2696145&use=l&cat=p&typeid=i","cat":284533},{"id":226970,"n":"Tablette lave-vaisselle Sun  Expert Plus x40 -700g","p":7.9,"u":"11,29 €/KG","img":"https://fd13-photos.leclercdrive.fr/image.ashx?id=2738734&use=l&cat=p&typeid=i","cat":284656},{"id":226971,"n":"Sun Tablettes Lave-Vaisselle Tout en 1 Expert Plus x40","p":7.9,"u":"11,29 €/KG","img":"https://fd13-photos.leclercdrive.fr/image.ashx?id=2942012&use=l&cat=p&typeid=i","cat":284656},{"id":226972,"n":"Sun Tablettes Lave-Vaisselle Tout en 1 Regular Ecolabel x46","p":7.9,"u":"10,41 €/KG","img":"https://fd13-photos.leclercdrive.fr/image.ashx?id=3000902&use=l&cat=p&typeid=i","cat":284656},{"id":226973,"n":"Sun Tablettes Lave-Vaisselle Tout en 1 Citron Ecolabel x46","p":7.9,"u":"10,41 €/KG","img":"https://fd13-photos.leclercdrive.fr/image.ashx?id=3000905&use=l&cat=p&typeid=i","cat":284656},{"id":226975,"n":"Crème de douche Corine de Farme Soin nourrissant - Monoï 500ml","p":3.26,"u":"6,52 €/L","img":"https://fd13-photos.leclercdrive.fr/image.ashx?id=2696613&use=l&cat=p&typeid=i","cat":284594},{"id":226978,"n":"Crème Anti-Âge Rose Re-Fortifiant - 50ml","p":11.97,"pp":7.9,"u":"158,00 €/L","img":"https://fd13-photos.leclercdrive.fr/image.ashx?id=2757425&use=l&cat=p&typeid=i","cat":325345},{"id":227001,"n":"Sauce pizza Rochefontaine Pizzador - 400g","p":2.25,"u":"5,63 €/KG","img":"https://fd13-photos.leclercdrive.fr/image.ashx?id=2696976&use=l&cat=p&typeid=i","cat":288384},{"id":227006,"n":"Crème glacée Häagen-Dazs  Chocolat belge - 400g","p":4.5,"u":"11,25 €/KG","img":"https://fd13-photos.leclercdrive.fr/image.ashx?id=2886891&use=l&cat=p&typeid=i","cat":284725},{"id":227010,"n":"Diots de Savoie nature Nos Régions ont du Talent 360g","p":4.4,"u":"12,22 €/KG","img":"https://fd13-photos.leclercdrive.fr/image.ashx?id=2991512&use=l&cat=p&typeid=i","cat":316012},{"id":227011,"n":"Gyozas Tables du Monde Poulet et légumes - 212g","p":3.49,"u":"16,46 €/KG","img":"https://fd13-photos.leclercdrive.fr/image.ashx?id=2843803&use=l&cat=p&typeid=i","cat":319774},{"id":227012,"n":"Halloumi AOP Casa Azzurra 200g","p":4.98,"u":"24,90 €/KG","img":"https://fd13-photos.leclercdrive.fr/image.ashx?id=2696729&use=l&cat=p&typeid=i","cat":314026},{"id":227042,"n":"Sauce vinaigrette moutarde  La Fabrik a saveurs 50cl","p":4.0,"u":"8,00 €/L","img":"https://fd13-photos.leclercdrive.fr/image.ashx?id=2855040&use=l&cat=p&typeid=i","cat":284456},{"id":227051,"n":"Nectar de Pêche de Vigne 1L","p":3.1,"u":"3,10 €/L","img":"https://fd13-photos.leclercdrive.fr/image.ashx?id=2697030&use=l&cat=p&typeid=i","cat":295018},{"id":227070,"n":"Thé glacé pétillant Lipton Ice Tea pêche - bouteille 1.25L","p":1.68,"u":"1,34 €/L","img":"https://fd13-photos.leclercdrive.fr/image.ashx?id=2887704&use=l&cat=p&typeid=i","cat":295019},{"id":227071,"n":"Thé pétillant Lipton Ice Tea Citron citron vert - 1.25L","p":1.69,"u":"1,35 €/L","img":"https://fd13-photos.leclercdrive.fr/image.ashx?id=2887707&use=l&cat=p&typeid=i","cat":295019},{"id":227073,"n":"Sorbet mangue Otantic 500g","p":5.84,"u":"11,68 €/KG","img":"https://fd13-photos.leclercdrive.fr/image.ashx?id=2711428&use=l&cat=p&typeid=i","cat":284263},{"id":227075,"n":"Sorbet passion du Pérou 500g","p":5.6,"u":"11,20 €/KG","img":"https://fd13-photos.leclercdrive.fr/image.ashx?id=2697198&use=l&cat=p&typeid=i","cat":284263},{"id":227103,"n":"Adoucissant Liquide Jardins de fleurs 504ml x36","p":4.97,"u":"9,86 €/L","img":"https://fd13-photos.leclercdrive.fr/image.ashx?id=2698984&use=l&cat=p&typeid=i","cat":284650},{"id":227143,"n":"Gratin dauphinois aux lardons  fumés Marie - 900g","p":5.61,"u":"6,23 €/KG","img":"https://fd13-photos.leclercdrive.fr/image.ashx?id=2993376&use=l&cat=p&typeid=i","cat":284254},{"id":227153,"n":"Couches Carryboo de nos Régions Couches locales Taille 2 - x 50","p":15.33,"u":"0,31 €/P","img":"https://fd13-photos.leclercdrive.fr/image.ashx?id=2969245&use=l&cat=p&typeid=i","cat":284737},{"id":227165,"n":"Serum Acide Hyaluronique Mixa 30mL","p":9.19,"u":"306,33 €/L","img":"https://fd13-photos.leclercdrive.fr/image.ashx?id=2698711&use=l&cat=p&typeid=i","cat":325345},{"id":227166,"n":"Sérum Anti-tâches Vitamine C Mixa 30 mL","p":9.19,"u":"306,33 €/L","img":"https://fd13-photos.leclercdrive.fr/image.ashx?id=2698714&use=l&cat=p&typeid=i","cat":325345},{"id":227167,"n":"Serum anti-imperfections Niacinamide Mixa 30mL","p":9.19,"u":"306,33 €/L","img":"https://fd13-photos.leclercdrive.fr/image.ashx?id=2698717&use=l&cat=p&typeid=i","cat":325345},{"id":227176,"n":"Shampoing Hypoallergenique  Mixa 2x300mL","p":5.26,"u":"8,77 €/L","img":"https://fd13-photos.leclercdrive.fr/image.ashx?id=2698705&use=l&cat=p&typeid=i","cat":284606},{"id":227178,"n":"Shampoing Hypoallergenique Mixa 2x300mL","p":5.26,"u":"8,77 €/L","img":"https://fd13-photos.leclercdrive.fr/image.ashx?id=2698708&use=l&cat=p&typeid=i","cat":284606},{"id":227206,"n":"Lait Corps Satinant Mixa 400mL","p":4.97,"u":"12,43 €/L","img":"https://fd13-photos.leclercdrive.fr/image.ashx?id=2698696&use=l&cat=p&typeid=i","cat":325349},{"id":227220,"n":"Eau pétillante aromatisée Diabolo grenadine - Lorina - 1L","p":2.34,"u":"2,34 €/L","img":"https://fd13-photos.leclercdrive.fr/image.ashx?id=2705593&use=l&cat=p&typeid=i","cat":284536},{"id":227307,"n":"Café capsules Dolce Gusto Starbucks White Moka - 123g","p":4.39,"u":"35,69 €/KG","img":"https://fd13-photos.leclercdrive.fr/image.ashx?id=3000459&use=l&cat=p&typeid=i","cat":284749},{"id":227318,"n":"P'tite Céréale Nestlé Vanille - 415g","p":2.61,"u":"6,29 €/KG","img":"https://fd13-photos.leclercdrive.fr/image.ashx?id=2700773&use=l&cat=p&typeid=i","cat":312225},{"id":227320,"n":"Céréales Nesquik 675g","p":4.54,"u":"6,73 €/KG","img":"https://fd13-photos.leclercdrive.fr/image.ashx?id=2971434&use=l&cat=p&typeid=i","cat":309513},{"id":227323,"n":"Céréales Crunch Nestlé 675g","p":4.44,"u":"6,58 €/KG","img":"https://fd13-photos.leclercdrive.fr/image.ashx?id=2949085&use=l&cat=p&typeid=i","cat":309513},{"id":227325,"n":"P'tite céréales Nestlé Saveur biscuit - 415g","p":3.1,"u":"7,47 €/KG","img":"https://fd13-photos.leclercdrive.fr/image.ashx?id=2700776&use=l&cat=p&typeid=i","cat":312225},{"id":227329,"n":"P'tite céréale Nestlé 415g","p":3.18,"u":"7,66 €/KG","img":"https://fd13-photos.leclercdrive.fr/image.ashx?id=2700770&use=l&cat=p&typeid=i","cat":312225},{"id":227331,"n":"P'tite céréales Nestlé Cacao - 415g","p":2.61,"u":"6,29 €/KG","img":"https://fd13-photos.leclercdrive.fr/image.ashx?id=2700767&use=l&cat=p&typeid=i","cat":312225},{"id":227341,"n":"Céréales Lion Nestlé 1.05kg","p":6.07,"u":"6,07 €/KG","img":"https://fd13-photos.leclercdrive.fr/image.ashx?id=2995433&use=l&cat=p&typeid=i","cat":309513},{"id":227347,"n":"Déodorant Spray L'Oréal Paris Men Expert 48h - 150ml","p":2.57,"u":"17,13 €/L","img":"https://fd13-photos.leclercdrive.fr/image.ashx?id=2802509&use=l&cat=p&typeid=i","cat":284618},{"id":227351,"n":"Déodorant compressé 48h Ushuaïa Monoï de Polynésie - 100ml","p":3.07,"u":"30,70 €/L","img":"https://fd13-photos.leclercdrive.fr/image.ashx?id=2763580&use=l&cat=p&typeid=i","cat":284595},{"id":227352,"n":"Céréales Chocapic  645g","p":4.45,"u":"6,90 €/KG","img":"https://fd13-photos.leclercdrive.fr/image.ashx?id=2977732&use=l&cat=p&typeid=i","cat":309513},{"id":227372,"n":"Céréales Lion 675g","p":4.46,"u":"6,61 €/KG","img":"https://fd13-photos.leclercdrive.fr/image.ashx?id=2997256&use=l&cat=p&typeid=i","cat":309513},{"id":227373,"n":"Gelée de viande Eco+ 12x100g","p":2.99,"u":"2,49 €/KG","img":"https://fd13-photos.leclercdrive.fr/image.ashx?id=2744216&use=l&cat=p&typeid=i","cat":285286},{"id":227374,"n":"Céréales Chocapic 375g","p":2.84,"u":"7,57 €/KG","img":"https://fd13-photos.leclercdrive.fr/image.ashx?id=2977408&use=l&cat=p&typeid=i","cat":309513},{"id":227375,"n":"Capsule Nescafé Farmers Origins  Brazil Int 8 - x10","p":2.32,"u":"52,73 €/KG","img":"https://fd13-photos.leclercdrive.fr/image.ashx?id=2952166&use=l&cat=p&typeid=i","cat":284749},{"id":227376,"n":"Croquette Friskies Vitafit  Boeuf - 3kg","p":7.21,"u":"2,40 €/KG","img":"https://fd13-photos.leclercdrive.fr/image.ashx?id=2986999&use=l&cat=p&typeid=i","cat":284672},{"id":227377,"n":"Croquette Friskies Vitafit Boeuf - 12kg","p":25.01,"img":"https://fd13-photos.leclercdrive.fr/image.ashx?id=2986984&use=l&cat=p&typeid=i","cat":284672},{"id":227378,"n":"Croquettes Friskies junior Poulet & legumes - 1.5kg","p":5.36,"u":"3,57 €/KG","img":"https://fd13-photos.leclercdrive.fr/image.ashx?id=2699612&use=l&cat=p&typeid=i","cat":284680},{"id":227381,"n":"Croquettes Friskies Vitafit Poulet & legumes - 3kg","p":7.21,"u":"2,40 €/KG","img":"https://fd13-photos.leclercdrive.fr/image.ashx?id=2986981&use=l&cat=p&typeid=i","cat":284672},{"id":227391,"n":"Croquettes Friskies Saumon & legumes - 3 kg","p":10.2,"u":"3,40 €/KG","img":"https://fd13-photos.leclercdrive.fr/image.ashx?id=2940615&use=l&cat=p&typeid=i","cat":284680},{"id":227397,"n":"Croquettes Friskies  Dinde & legumes - 1.5kg","p":5.36,"u":"3,57 €/KG","img":"https://fd13-photos.leclercdrive.fr/image.ashx?id=2699621&use=l&cat=p&typeid=i","cat":284680},{"id":227400,"n":"Croquettes chat Friskies Saumon et legumes - 1.5 kg","p":5.38,"u":"3,59 €/KG","img":"https://fd13-photos.leclercdrive.fr/image.ashx?id=2940600&use=l&cat=p&typeid=i","cat":284680},{"id":227404,"n":"Parfum de linge billes Lenor Unstoppable - Aérien - x41 495g","p":9.93,"u":"20,06 €/KG","img":"https://fd13-photos.leclercdrive.fr/image.ashx?id=2889982&use=l&cat=p&typeid=i","cat":325302},{"id":227408,"n":"Riz basmati Taureau Ailé 220g","p":1.75,"u":"7,95 €/KG","img":"https://fd13-photos.leclercdrive.fr/image.ashx?id=2916330&use=l&cat=p&typeid=i","cat":287600},{"id":227409,"n":"Gel douche Le Petit Marseillais Mangue Bio et passion 650ml","p":3.99,"u":"6,14 €/L","img":"https://fd13-photos.leclercdrive.fr/image.ashx?id=2700497&use=l&cat=p&typeid=i","cat":284594},{"id":227410,"n":"Gel douche Le Petit Marseillais Mimosa et Citron bio - 250ml","p":1.75,"u":"7,00 €/L","img":"https://fd13-photos.leclercdrive.fr/image.ashx?id=2700500&use=l&cat=p&typeid=i","cat":284594},{"id":227411,"n":"Dentifrice Sensodyne  Soin blancheur - 2x75ml","p":5.62,"u":"18,73 €/L","img":"https://fd13-photos.leclercdrive.fr/image.ashx?id=3000378&use=l&cat=p&typeid=i","cat":284612},{"id":227413,"n":"Semelles GelActiv' Scholl Décontracté - Taille 1","p":16.86,"img":"https://fd13-photos.leclercdrive.fr/image.ashx?id=2700665&use=l&cat=p&typeid=i","cat":325354},{"id":227414,"n":"Semelles GelActiv' Scholl Décontracté - Taille 2 - x1","p":16.85,"img":"https://fd13-photos.leclercdrive.fr/image.ashx?id=2700668&use=l&cat=p&typeid=i","cat":325354},{"id":227419,"n":"Gel Energy WC Net Javel - Action immédiate 750ml","p":2.4,"u":"3,20 €/L","img":"https://fd13-photos.leclercdrive.fr/image.ashx?id=2791659&use=l&cat=p&typeid=i","cat":284662},{"id":227423,"n":"Etuis mouchoirs Lotus Compact+ - x24","p":3.16,"img":"https://fd13-photos.leclercdrive.fr/image.ashx?id=2700692&use=l&cat=p&typeid=i","cat":284638},{"id":227427,"n":"Boîte mouchoirs Lotus Classic+ - Pur Blanc - x130","p":2.24,"u":"0,02 €/P","img":"https://fd13-photos.leclercdrive.fr/image.ashx?id=2700704&use=l&cat=p&typeid=i","cat":284638},{"id":227445,"n":"Riz basmati Taureau Ailé Nature - 220g","p":1.74,"u":"7,91 €/KG","img":"https://fd13-photos.leclercdrive.fr/image.ashx?id=2916327&use=l&cat=p&typeid=i","cat":287600},{"id":227448,"n":"Céréales Crunch 375g","p":2.66,"u":"7,09 €/KG","img":"https://fd13-photos.leclercdrive.fr/image.ashx?id=2939760&use=l&cat=p&typeid=i","cat":309513},{"id":227506,"n":"Capsule Nescafé Farmers Origins  India Int 9 - x18","p":4.31,"u":"54,56 €/KG","img":"https://fd13-photos.leclercdrive.fr/image.ashx?id=2700791&use=l&cat=p&typeid=i","cat":284749},{"id":227507,"n":"Capsule Nescafé Farmers Origins  India Int 9 - x10","p":2.44,"u":"55,45 €/KG","img":"https://fd13-photos.leclercdrive.fr/image.ashx?id=2952169&use=l&cat=p&typeid=i","cat":284749},{"id":227512,"n":"Chips Savour  Sel de guerande - 120g","p":1.48,"u":"12,33 €/KG","img":"https://fd13-photos.leclercdrive.fr/image.ashx?id=2743828&use=l&cat=p&typeid=i","cat":284447},{"id":227514,"n":"Chips Savour Sweet Chili - 120g","p":1.79,"u":"14,92 €/KG","img":"https://fd13-photos.leclercdrive.fr/image.ashx?id=2743825&use=l&cat=p&typeid=i","cat":284447},{"id":227515,"n":"Chips Savour Vinaigre de cidre - 120g","p":1.71,"u":"14,25 €/KG","img":"https://fd13-photos.leclercdrive.fr/image.ashx?id=2743822&use=l&cat=p&typeid=i","cat":284447},{"id":227516,"n":"Chips Savour Cheddar & Ciboulette - 120g","p":1.75,"u":"14,58 €/KG","img":"https://fd13-photos.leclercdrive.fr/image.ashx?id=2743819&use=l&cat=p&typeid=i","cat":284447},{"id":227520,"n":"Chips Lay's Sel & vinaigre - 130g","p":1.25,"u":"9,62 €/KG","img":"https://fd13-photos.leclercdrive.fr/image.ashx?id=3011161&use=l&cat=p&typeid=i","cat":284447},{"id":227528,"n":"Chips Lay's Poulet - 135g","p":1.25,"u":"9,26 €/KG","img":"https://fd13-photos.leclercdrive.fr/image.ashx?id=2995079&use=l&cat=p&typeid=i","cat":284447},{"id":227532,"n":"Chips Lay's Barbecue - 250g","p":2.05,"u":"8,20 €/KG","img":"https://fd13-photos.leclercdrive.fr/image.ashx?id=2994488&use=l&cat=p&typeid=i","cat":284447},{"id":227534,"n":"Chips Lay's Barbecue - 135g","p":1.11,"u":"8,22 €/KG","img":"https://fd13-photos.leclercdrive.fr/image.ashx?id=2994485&use=l&cat=p&typeid=i","cat":284447},{"id":227542,"n":"Croquettes pour chien Friskies Vitafit 12kg","p":25.62,"u":"2,14 €/KG","img":"https://fd13-photos.leclercdrive.fr/image.ashx?id=2986987&use=l&cat=p&typeid=i","cat":284672},{"id":227562,"n":"Culottes Fuites urinaires Always Discreet Taille L- x9","p":9.56,"u":"1,06 €/P","img":"https://fd13-photos.leclercdrive.fr/image.ashx?id=2927038&use=l&cat=p&typeid=i","cat":284628},{"id":227563,"n":"Serviettes Fuites urinaires  Always Discreet - Normal - x30","p":9.35,"u":"0,31 €/P","img":"https://fd13-photos.leclercdrive.fr/image.ashx?id=2700806&use=l&cat=p&typeid=i","cat":284628},{"id":227592,"n":"Jambon cru Serrano Aoste 6 tranches - 100g","p":3.59,"u":"35,90 €/KG","img":"https://fd13-photos.leclercdrive.fr/image.ashx?id=2937184&use=l&cat=p&typeid=i","cat":316007},{"id":227593,"n":"Jambon cru Speck Aoste 8 tranches - 100g","p":3.42,"u":"34,20 €/KG","img":"https://fd13-photos.leclercdrive.fr/image.ashx?id=2701262&use=l&cat=p&typeid=i","cat":316007},{"id":227626,"n":"Barres chocolatées Mars  x7 - 315g","p":2.88,"u":"9,14 €/KG","img":"https://fd13-photos.leclercdrive.fr/image.ashx?id=2701043&use=l&cat=p&typeid=i","cat":284498},{"id":227629,"n":"Barres chocolatées Snickers x7 - 350g","p":3.28,"u":"9,37 €/KG","img":"https://fd13-photos.leclercdrive.fr/image.ashx?id=2701040&use=l&cat=p&typeid=i","cat":284498},{"id":227633,"n":"Barres chocolatées Twix  x10 -210g","p":2.25,"u":"10,71 €/KG","img":"https://fd13-photos.leclercdrive.fr/image.ashx?id=2980091&use=l&cat=p&typeid=i","cat":284498},{"id":227637,"n":"Canard WC Fresh disc Tropical - 1 appli + 6 disques","p":2.99,"img":"https://fd13-photos.leclercdrive.fr/image.ashx?id=2845578&use=l&cat=p&typeid=i","cat":284662},{"id":227639,"n":"Canard WC Fresh disc Tropical - 2 recharges","p":6.17,"img":"https://fd13-photos.leclercdrive.fr/image.ashx?id=2845584&use=l&cat=p&typeid=i","cat":284662},{"id":227657,"n":"Soda Fanta Orange Sans Sucres  Canette - Pack 6x33cl","p":3.28,"u":"1,66 €/L","img":"https://fd13-photos.leclercdrive.fr/image.ashx?id=2701361&use=l&cat=p&typeid=i","cat":284532},{"id":227671,"n":"Bière aromatisée Desperados Tropical -  6X33cl","p":8.8,"u":"4,44 €/L","img":"https://fd13-photos.leclercdrive.fr/image.ashx?id=2701142&use=l&cat=p&typeid=i","cat":334878},{"id":227682,"n":"Barres chocolatées Twix x10 - 500g","p":4.19,"u":"8,38 €/KG","img":"https://fd13-photos.leclercdrive.fr/image.ashx?id=2701025&use=l&cat=p&typeid=i","cat":284498},{"id":227683,"n":"Barres Caramel salé Twix x5 - 230g","p":2.47,"u":"10,74 €/KG","img":"https://fd13-photos.leclercdrive.fr/image.ashx?id=2701019&use=l&cat=p&typeid=i","cat":284498},{"id":227684,"n":"Barres chocolatées Twix x7 - 350g","p":3.21,"u":"9,17 €/KG","img":"https://fd13-photos.leclercdrive.fr/image.ashx?id=2701028&use=l&cat=p&typeid=i","cat":284498},{"id":227685,"n":"Minis barres chocolatées Twix  275g","p":3.02,"u":"10,98 €/KG","img":"https://fd13-photos.leclercdrive.fr/image.ashx?id=2701034&use=l&cat=p&typeid=i","cat":284498},{"id":227690,"n":"Parfum de linge Lenor Ambre orchidée x19D - 235g","p":6.68,"u":"28,43 €/KG","img":"https://fd13-photos.leclercdrive.fr/image.ashx?id=2839457&use=l&cat=p&typeid=i","cat":325302},{"id":227701,"n":"Chocolat Pâtissier Nestlé Dessert Blanc - 170g","p":3.02,"u":"17,76 €/KG","img":"https://fd13-photos.leclercdrive.fr/image.ashx?id=2895062&use=l&cat=p&typeid=i","cat":284957},{"id":227702,"n":"Fromage enfant La Vache qui rit Pik&Croq 8 portions - 280g","p":3.31,"u":"11,82 €/KG","img":"https://fd13-photos.leclercdrive.fr/image.ashx?id=2945436&use=l&cat=p&typeid=i","cat":314030},{"id":227719,"n":"Jambon cuit supérieur découenné L'Atelier Charcuterie x4 - 220g","p":3.8,"u":"17,27 €/KG","img":"https://fd13-photos.leclercdrive.fr/image.ashx?id=2907413&use=l&cat=p&typeid=i","cat":316009},{"id":227729,"n":"Café au lait Soluble Nescafé 3en1 - x10 - 165g","p":2.09,"u":"12,67 €/KG","img":"https://fd13-photos.leclercdrive.fr/image.ashx?id=2854759&use=l&cat=p&typeid=i","cat":284843},{"id":227731,"n":"Céréales Nesquik  375g","p":2.68,"u":"7,15 €/KG","img":"https://fd13-photos.leclercdrive.fr/image.ashx?id=2977411&use=l&cat=p&typeid=i","cat":309513},{"id":227736,"n":"Compotes gourdes Pom'potes Bio pomme - 600g","p":2.95,"u":"4,92 €/KG","img":"https://fd13-photos.leclercdrive.fr/image.ashx?id=2701590&use=l&cat=p&typeid=i","cat":284508},{"id":227738,"n":"Capsule Nescafé Farmers Origins  Africas Int 10 - x10","p":2.44,"u":"55,45 €/KG","img":"https://fd13-photos.leclercdrive.fr/image.ashx?id=2952172&use=l&cat=p&typeid=i","cat":284749},{"id":227739,"n":"Capsule Nescafé Farmers Origins  Colombia Décaféiné Int 6 - x10","p":2.84,"u":"53,58 €/KG","img":"https://fd13-photos.leclercdrive.fr/image.ashx?id=2701977&use=l&cat=p&typeid=i","cat":284749},{"id":227740,"n":"Capsule Nescafé Farmers Origins  Brazil Int 8 - x18","p":4.45,"u":"56,33 €/KG","img":"https://fd13-photos.leclercdrive.fr/image.ashx?id=3001521&use=l&cat=p&typeid=i","cat":284749},{"id":227743,"n":"Capsule Nescafé Farmers Origins  Colombia Int 6 - x18","p":4.76,"u":"60,25 €/KG","img":"https://fd13-photos.leclercdrive.fr/image.ashx?id=2701971&use=l&cat=p&typeid=i","cat":284749},{"id":227744,"n":"Capsule Nescafé Farmers Origins  Andes Int 5 - x10","p":2.83,"u":"64,32 €/KG","img":"https://fd13-photos.leclercdrive.fr/image.ashx?id=2701965&use=l&cat=p&typeid=i","cat":284749},{"id":227745,"n":"Lait Combiotic Hipp Bio jusqu' à 6mois 800g","p":19.34,"u":"24,18 €/KG","img":"https://fd13-photos.leclercdrive.fr/image.ashx?id=2926843&use=l&cat=p&typeid=i","cat":284726},{"id":227746,"n":"Lait Combiotic nutrigest Hipp Bio - 800g","p":20.8,"u":"26,00 €/KG","img":"https://fd13-photos.leclercdrive.fr/image.ashx?id=2926840&use=l&cat=p&typeid=i","cat":284726},{"id":227767,"n":"Gel douche Men Expert Barber club - 300ml","p":3.04,"u":"10,13 €/L","img":"https://fd13-photos.leclercdrive.fr/image.ashx?id=3008773&use=l&cat=p&typeid=i","cat":284619},{"id":227780,"n":"Liqueur GET Menthe & Citrons 17,9° - 70cl","p":12.99,"u":"18,56 €/L","img":"https://fd13-photos.leclercdrive.fr/image.ashx?id=2840629&use=l&cat=p&typeid=i","cat":286032},{"id":227789,"n":"Chips Lay's  Poulet - 250g","p":2.17,"u":"8,68 €/KG","img":"https://fd13-photos.leclercdrive.fr/image.ashx?id=2999952&use=l&cat=p&typeid=i","cat":284447},{"id":227818,"n":"Fromage enfant La Vache qui rit Pik&Croq 5 portions - 175g","p":2.39,"u":"13,66 €/KG","img":"https://fd13-photos.leclercdrive.fr/image.ashx?id=2945433&use=l&cat=p&typeid=i","cat":314030},{"id":227819,"n":"Biscotte Pasquier Blé complet x64 - 550g","p":2.68,"u":"4,87 €/KG","img":"https://fd13-photos.leclercdrive.fr/image.ashx?id=2702807&use=l&cat=p&typeid=i","cat":284479},{"id":227822,"n":"Chips Lay's  Paprika - 130g","p":1.52,"u":"11,69 €/KG","img":"https://fd13-photos.leclercdrive.fr/image.ashx?id=3011158&use=l&cat=p&typeid=i","cat":284447},{"id":227823,"n":"Chips Lay's Emmental - 135g","p":1.31,"u":"9,70 €/KG","img":"https://fd13-photos.leclercdrive.fr/image.ashx?id=3011155&use=l&cat=p&typeid=i","cat":284447},{"id":227831,"n":"Spray Nettoyant Menager Cif  Anti-calcaire Universel 750 ml","p":2.3,"u":"3,07 €/L","img":"https://fd13-photos.leclercdrive.fr/image.ashx?id=2890520&use=l&cat=p&typeid=i","cat":325362},{"id":227835,"n":"Baby carottes Notre Jardin 250g","p":1.59,"u":"6,36 €/KG","img":"https://fd13-photos.leclercdrive.fr/image.ashx?id=2854255&use=l&cat=p&typeid=i","cat":284352},{"id":227845,"n":"Oeufs Bio Village Bio x15","p":5.09,"u":"0,34 €/P","img":"https://fd13-photos.leclercdrive.fr/image.ashx?id=2708952&use=l&cat=p&typeid=i","cat":284378},{"id":227896,"n":"Glace Carte d'Or Les Essentiels Vanille de Madagascar 700ml","p":2.7,"pp":1.99,"u":"5,42 €/KG","img":"https://fd13-photos.leclercdrive.fr/image.ashx?id=2831149&use=l&cat=p&typeid=i","cat":284263},{"id":227897,"n":"Glace Bâtonnet MAGNUM Amande 4x100ml","p":2.82,"u":"9,40 €/KG","img":"https://fd13-photos.leclercdrive.fr/image.ashx?id=2849364&use=l&cat=p&typeid=i","cat":284265},{"id":227898,"n":"Bâtonnet Magnum Classic x4 - 300g","p":3.15,"u":"10,50 €/KG","img":"https://fd13-photos.leclercdrive.fr/image.ashx?id=2966794&use=l&cat=p&typeid=i","cat":284265},{"id":227902,"n":"Batonnets glace Magnum Chocolat Blanc Amande x4 - 300g","p":3.39,"u":"11,30 €/KG","img":"https://fd13-photos.leclercdrive.fr/image.ashx?id=3009296&use=l&cat=p&typeid=i","cat":284265},{"id":227903,"n":"Glace Bâtonnet MAGNUM Amande 8x100ml","p":5.37,"u":"8,95 €/KG","img":"https://fd13-photos.leclercdrive.fr/image.ashx?id=3009299&use=l&cat=p&typeid=i","cat":284265},{"id":227905,"n":"Bâtonnet Magnum Chocolat blanc x8 - 588g","p":5.8,"u":"9,86 €/KG","img":"https://fd13-photos.leclercdrive.fr/image.ashx?id=2805663&use=l&cat=p&typeid=i","cat":284265},{"id":227906,"n":"Glace Bâtonnet Mini MAGNUM Amande 6x55ml","p":2.76,"u":"10,38 €/KG","img":"https://fd13-photos.leclercdrive.fr/image.ashx?id=2843544&use=l&cat=p&typeid=i","cat":284265},{"id":227907,"n":"Glace Bâtonnet MAGNUM Classique 6x55ml","p":2.76,"u":"11,08 €/KG","img":"https://fd13-photos.leclercdrive.fr/image.ashx?id=2967968&use=l&cat=p&typeid=i","cat":284265},{"id":227911,"n":"Adoucissant Lenor Fraicheur  matinal x60 - 0.84L","p":8.37,"u":"9,96 €/L","img":"https://fd13-photos.leclercdrive.fr/image.ashx?id=2722234&use=l&cat=p&typeid=i","cat":284650},{"id":227918,"n":"Pois chiches Eco+ - 265g","p":0.67,"u":"2,53 €/KG","img":"https://fd13-photos.leclercdrive.fr/image.ashx?id=3003747&use=l&cat=p&typeid=i","cat":312609},{"id":227933,"n":"Chewing-gum Freedent Refresher  fraise citron x8 - 17g","p":0.98,"u":"57,65 €/KG","img":"https://fd13-photos.leclercdrive.fr/image.ashx?id=2833915&use=l&cat=p&typeid=i","cat":304251},{"id":227935,"n":"Chewing-gum Freedent Refreshers Bubble menthe x8 -17g","p":0.99,"u":"55,00 €/KG","img":"https://fd13-photos.leclercdrive.fr/image.ashx?id=2863785&use=l&cat=p&typeid=i","cat":304251},{"id":227963,"n":"Tartines croustillantes Wasa Flocons d'avoine - 265g","p":2.69,"u":"10,15 €/KG","img":"https://fd13-photos.leclercdrive.fr/image.ashx?id=2749527&use=l&cat=p&typeid=i","cat":284479},{"id":227964,"n":"Tartines croustillantes Wasa Sensation graines de chia -245g","p":2.69,"u":"10,98 €/KG","img":"https://fd13-photos.leclercdrive.fr/image.ashx?id=2749524&use=l&cat=p&typeid=i","cat":284479},{"id":227994,"n":"Concentré adoucissant Soupline Mandarine Vanille - 2x1,28L","p":10.6,"u":"4,14 €/L","img":"https://fd13-photos.leclercdrive.fr/image.ashx?id=2706683&use=l&cat=p&typeid=i","cat":284650},{"id":228005,"n":"Concentré adoucissant Soupline Ultra 3D coco - 2x1.28L","p":10.6,"u":"4,14 €/L","img":"https://fd13-photos.leclercdrive.fr/image.ashx?id=2703873&use=l&cat=p&typeid=i","cat":284650},{"id":228007,"n":"Concentré adoucissant Soupline Ultra 3D hypoallergénique  2,7L","p":10.6,"u":"3,93 €/L","img":"https://fd13-photos.leclercdrive.fr/image.ashx?id=2703876&use=l&cat=p&typeid=i","cat":284650},{"id":228008,"n":"Concentré adoucissant Soupline Ultra 3D lavande - x2 2,7L","p":10.08,"u":"3,73 €/L","img":"https://fd13-photos.leclercdrive.fr/image.ashx?id=2703879&use=l&cat=p&typeid=i","cat":284650},{"id":228102,"n":"Thé glacé Lipton Ice Tea Pêche Sans sucres - bouteille 1.75l","p":1.95,"u":"1,11 €/L","img":"https://fd13-photos.leclercdrive.fr/image.ashx?id=2857060&use=l&cat=p&typeid=i","cat":295019},{"id":228103,"n":"Thé glacé Lipton Ice Tea Pêche Zéro sucres - canettes 6x33cl","p":3.64,"u":"1,84 €/L","img":"https://fd13-photos.leclercdrive.fr/image.ashx?id=2959442&use=l&cat=p&typeid=i","cat":295019},{"id":228126,"n":"Noix de cajou grillées 200g","p":3.87,"u":"19,35 €/KG","img":"https://fd13-photos.leclercdrive.fr/image.ashx?id=2713664&use=l&cat=p&typeid=i","cat":284357},{"id":228129,"n":"Assortiment mochis glacés Tables du Monde x6 - 210g","p":4.53,"u":"21,57 €/KG","img":"https://fd13-photos.leclercdrive.fr/image.ashx?id=2703673&use=l&cat=p&typeid=i","cat":284266},{"id":228179,"n":"IGP Méditerranée vin rosé Studio by Miraval - 1.5L","p":20.91,"u":"13,94 €/L","img":"https://fd13-photos.leclercdrive.fr/image.ashx?id=2990538&use=l&cat=p&typeid=i","cat":289558},{"id":228192,"n":"Coca-cola sans sucre Sans caféine  - 6x20cl","p":3.67,"u":"3,06 €/L","img":"https://fd13-photos.leclercdrive.fr/image.ashx?id=3009062&use=l&cat=p&typeid=i","cat":284530},{"id":228194,"n":"Thé glacé Oasis Ice Tea Saveur Mangue Passion - 1,5L","p":1.85,"u":"1,23 €/L","img":"https://fd13-photos.leclercdrive.fr/image.ashx?id=2705040&use=l&cat=p&typeid=i","cat":295019},{"id":228196,"n":"Sirop Frucci  Pêche - 1.3L","p":3.99,"u":"3,07 €/L","img":"https://fd13-photos.leclercdrive.fr/image.ashx?id=2898047&use=l&cat=p&typeid=i","cat":295020},{"id":228197,"n":"Sirop Frucci Fraise - 1.3L","p":3.77,"u":"2,90 €/L","img":"https://fd13-photos.leclercdrive.fr/image.ashx?id=2898041&use=l&cat=p&typeid=i","cat":295020},{"id":228198,"n":"Sirop Frucci Grenadine - 1.3L","p":3.28,"u":"2,52 €/L","img":"https://fd13-photos.leclercdrive.fr/image.ashx?id=2909921&use=l&cat=p&typeid=i","cat":295020},{"id":228199,"n":"Sirop Frucci Menthe - 1.3L","p":3.02,"u":"2,32 €/L","img":"https://fd13-photos.leclercdrive.fr/image.ashx?id=2898038&use=l&cat=p&typeid=i","cat":295020},{"id":228205,"n":"Nettoyant ménager AJAX Air frais coquelicots - 1.25L","p":2.28,"u":"1,82 €/L","img":"https://fd13-photos.leclercdrive.fr/image.ashx?id=2944473&use=l&cat=p&typeid=i","cat":284907},{"id":228396,"n":"Thé glacé Lipton Ice Tea Pêche - 6x33cl","p":3.17,"u":"1,60 €/L","img":"https://fd13-photos.leclercdrive.fr/image.ashx?id=2852471&use=l&cat=p&typeid=i","cat":295019},{"id":228406,"n":"Mini bâtonnet glace Trium  Rocher vanille Pecan x4 - 214g","p":2.99,"u":"13,97 €/KG","img":"https://fd13-photos.leclercdrive.fr/image.ashx?id=2911726&use=l&cat=p&typeid=i","cat":284265},{"id":228460,"n":"Capsules lave-vaisselle Sun Tout-en-1 Absolu Plus 390g x26","p":7.9,"u":"20,26 €/KG","img":"https://fd13-photos.leclercdrive.fr/image.ashx?id=2960282&use=l&cat=p&typeid=i","cat":284656},{"id":228461,"n":"Spray Nettoyant Menager Cif  Cleanboost Technology - 750 ml","p":2.66,"u":"3,55 €/L","img":"https://fd13-photos.leclercdrive.fr/image.ashx?id=2866214&use=l&cat=p&typeid=i","cat":325357},{"id":228462,"n":"Spray Nettoyant 5-en-1 Cif Cuisine & Salle de Bain 750ml","p":2.18,"u":"2,91 €/L","img":"https://fd13-photos.leclercdrive.fr/image.ashx?id=2999336&use=l&cat=p&typeid=i","cat":325357},{"id":228463,"n":"Liquide vaisselle mini Paic Citron - 500ml","p":1.13,"u":"2,26 €/L","img":"https://fd13-photos.leclercdrive.fr/image.ashx?id=2708020&use=l&cat=p&typeid=i","cat":284655},{"id":228464,"n":"Recharge Adoucissant Soupline Grand Air - 1L - x45","p":3.48,"u":"3,48 €/L","img":"https://fd13-photos.leclercdrive.fr/image.ashx?id=2860598&use=l&cat=p&typeid=i","cat":284650},{"id":228465,"n":"Nettoyant ménager Ajax Fête des fleurs muguets 1.25L","p":2.51,"u":"2,01 €/L","img":"https://fd13-photos.leclercdrive.fr/image.ashx?id=2926072&use=l&cat=p&typeid=i","cat":284907},{"id":228466,"n":"Liquide vaisselle et mains Paic Citron - 500ml","p":2.48,"u":"4,96 €/L","img":"https://fd13-photos.leclercdrive.fr/image.ashx?id=2708038&use=l&cat=p&typeid=i","cat":284655},{"id":228467,"n":"Spray nettoyant ménager Ajax Salle de bain - 500ml","p":2.68,"u":"5,36 €/L","img":"https://fd13-photos.leclercdrive.fr/image.ashx?id=2708041&use=l&cat=p&typeid=i","cat":325357},{"id":228469,"n":"Perles de linge Soupline Grand Air - 230g","p":6.9,"u":"30,00 €/KG","img":"https://fd13-photos.leclercdrive.fr/image.ashx?id=2708032&use=l&cat=p&typeid=i","cat":325302},{"id":228477,"n":"Brosse à dents Signal Triple Action - Medium - x4","p":1.52,"u":"0,38 €/P","img":"https://fd13-photos.leclercdrive.fr/image.ashx?id=2708310&use=l&cat=p&typeid=i","cat":284614},{"id":228480,"n":"Gel Douche Dove Advanced Care Nutrition Intense 225ml","p":2.9,"u":"12,89 €/L","img":"https://fd13-photos.leclercdrive.fr/image.ashx?id=2968580&use=l&cat=p&typeid=i","cat":284594},{"id":228481,"n":"Gel Douche Dove Advanced Care Nutrition Intense 400ml","p":4.15,"u":"10,38 €/L","img":"https://fd13-photos.leclercdrive.fr/image.ashx?id=2991036&use=l&cat=p&typeid=i","cat":284594},{"id":228484,"n":"Gel Douche Dove Hydratant 450ml","p":3.31,"u":"7,36 €/L","img":"https://fd13-photos.leclercdrive.fr/image.ashx?id=2993499&use=l&cat=p&typeid=i","cat":284594},{"id":228490,"n":"Lessive liquide Le Chat  L'Expert bicarbonate x66 -2.97L","p":13.67,"u":"4,60 €/L","img":"https://fd13-photos.leclercdrive.fr/image.ashx?id=2877781&use=l&cat=p&typeid=i","cat":284640},{"id":228499,"n":"Lessive liquide X-tra Total 4 en 1 x63 - 2.835L","p":9.51,"u":"3,35 €/L","img":"https://fd13-photos.leclercdrive.fr/image.ashx?id=2921561&use=l&cat=p&typeid=i","cat":284640},{"id":228501,"n":"Lessive liquide X-tra Total Savon de Marseille x63  -2.835L","p":9.78,"u":"3,45 €/L","img":"https://fd13-photos.leclercdrive.fr/image.ashx?id=2921564&use=l&cat=p&typeid=i","cat":284640},{"id":228503,"n":"Recharge lessive Maison Verte Huiles essentielles x33 -1.485L","p":6.9,"u":"4,65 €/L","img":"https://fd13-photos.leclercdrive.fr/image.ashx?id=2890625&use=l&cat=p&typeid=i","cat":284644},{"id":228504,"n":"Liquide vaisselle Mir vinaigre Framboise dégraissant  - 450ml","p":1.37,"u":"3,04 €/L","img":"https://fd13-photos.leclercdrive.fr/image.ashx?id=2979725&use=l&cat=p&typeid=i","cat":284655},{"id":228506,"n":"Lessive liquide Mir Black Raviveur noir x27 - 1.35L","p":5.84,"u":"4,33 €/L","img":"https://fd13-photos.leclercdrive.fr/image.ashx?id=2881323&use=l&cat=p&typeid=i","cat":284644},{"id":228509,"n":"Lessive liquide Mir Laine Textile délicat x27 - 1.35L","p":5.34,"u":"3,96 €/L","img":"https://fd13-photos.leclercdrive.fr/image.ashx?id=2890118&use=l&cat=p&typeid=i","cat":284644},{"id":228510,"n":"Lessive liquide Super Croix X-tra Bora Bora x42 - 1.89L","p":8.25,"u":"4,37 €/L","img":"https://fd13-photos.leclercdrive.fr/image.ashx?id=2876263&use=l&cat=p&typeid=i","cat":284640},{"id":228511,"n":"Lessive liquide Maison Verte Fraîcheur d'été - 1.485L x33","p":7.16,"u":"4,82 €/L","img":"https://fd13-photos.leclercdrive.fr/image.ashx?id=2890121&use=l&cat=p&typeid=i","cat":284640},{"id":228631,"n":"Soda Coca-Cola Sans Sucres Canette - Pack 6x20CL","p":3.46,"u":"2,88 €/L","img":"https://fd13-photos.leclercdrive.fr/image.ashx?id=2709352&use=l&cat=p&typeid=i","cat":284530},{"id":228684,"n":"Bière blonde La Bête 8° - 12x25cl","p":12.72,"u":"4,24 €/L","img":"https://fd13-photos.leclercdrive.fr/image.ashx?id=2709199&use=l&cat=p&typeid=i","cat":334872},{"id":228810,"n":"Capsules Nescafé Dolce Gusto Espresso Décaféiné - x16","p":5.29,"u":"55,10 €/KG","img":"https://fd13-photos.leclercdrive.fr/image.ashx?id=2710446&use=l&cat=p&typeid=i","cat":293239},{"id":228837,"n":"Haricots rouges Eco+ 250g","p":0.55,"u":"2,20 €/KG","img":"https://fd13-photos.leclercdrive.fr/image.ashx?id=3003750&use=l&cat=p&typeid=i","cat":312606},{"id":228862,"n":"Lait bébé Candia Baby croissance 3ème âge - 18x25cl","p":10.55,"u":"2,34 €/L","img":"https://fd13-photos.leclercdrive.fr/image.ashx?id=2963367&use=l&cat=p&typeid=i","cat":284728},{"id":228909,"n":"Crème fixative Polident Soin & tolérence 0% - 77g","p":5.3,"u":"68,83 €/KG","img":"https://fd13-photos.leclercdrive.fr/image.ashx?id=2712046&use=l&cat=p&typeid=i","cat":285158},{"id":228926,"n":"Lait infantile Guigoz Optipro 2ème age -1,3L","p":5.26,"u":"4,05 €/L","img":"https://fd13-photos.leclercdrive.fr/image.ashx?id=2712145&use=l&cat=p&typeid=i","cat":284727},{"id":228929,"n":"Lait infantile Guigoz Optipro - 1er age 1,3L","p":5.57,"u":"0,43 €/L","img":"https://fd13-photos.leclercdrive.fr/image.ashx?id=2813068&use=l&cat=p&typeid=i","cat":284726},{"id":228932,"n":"Lait croissance Guigoz Optipro 3 - 6x500ml","p":8.82,"u":"2,94 €/L","img":"https://fd13-photos.leclercdrive.fr/image.ashx?id=2712139&use=l&cat=p&typeid=i","cat":284728},{"id":228940,"n":"Naturnes Nestlé Jardinière de légumes 2x190g","p":2.29,"u":"6,03 €/KG","img":"https://fd13-photos.leclercdrive.fr/image.ashx?id=2712124&use=l&cat=p&typeid=i","cat":312235},{"id":228957,"n":"Dessert P'tit brassé  Mini banane - 300g","p":2.06,"u":"6,87 €/KG","img":"https://fd13-photos.leclercdrive.fr/image.ashx?id=2958203&use=l&cat=p&typeid=i","cat":312392},{"id":228963,"n":"Thé noir en vrac Lipton à l'Orange d'Espagne - 150g","p":7.15,"u":"47,67 €/KG","img":"https://fd13-photos.leclercdrive.fr/image.ashx?id=2746316&use=l&cat=p&typeid=i","cat":293234},{"id":228964,"n":"P'tite céréales  Vanille - 270g","p":3.05,"u":"11,30 €/KG","img":"https://fd13-photos.leclercdrive.fr/image.ashx?id=2737777&use=l&cat=p&typeid=i","cat":312225},{"id":228970,"n":"Chips Tortilla Doritos Chili - 250g","p":2.63,"u":"10,52 €/KG","img":"https://fd13-photos.leclercdrive.fr/image.ashx?id=2959439&use=l&cat=p&typeid=i","cat":287899},{"id":228972,"n":"Chips Tortilla Doritos Cheese - 250g","p":2.6,"u":"10,40 €/KG","img":"https://fd13-photos.leclercdrive.fr/image.ashx?id=2901788&use=l&cat=p&typeid=i","cat":287899},{"id":228974,"n":"Chips Tortilla Doritos Nature corn - 250g","p":2.97,"u":"11,88 €/KG","img":"https://fd13-photos.leclercdrive.fr/image.ashx?id=2986224&use=l&cat=p&typeid=i","cat":287899},{"id":228975,"n":"Plat cuisiné Paysan Breton Porc champignons - 300g","p":3.29,"u":"10,97 €/KG","img":"https://fd13-photos.leclercdrive.fr/image.ashx?id=2712582&use=l&cat=p&typeid=i","cat":284953},{"id":228976,"n":"Infusion Saveurs du soir Lipton Grand sud - 32g","p":1.19,"u":"37,19 €/KG","img":"https://fd13-photos.leclercdrive.fr/image.ashx?id=2718741&use=l&cat=p&typeid=i","cat":293234},{"id":228988,"n":"Infusion Maroc Lipton Menthe & epices x20 - 40g","p":1.73,"u":"43,25 €/KG","img":"https://fd13-photos.leclercdrive.fr/image.ashx?id=2718744&use=l&cat=p&typeid=i","cat":293234},{"id":228992,"n":"Thé vert Lipton Bio  x20 - 28g","p":3.17,"u":"113,21 €/KG","img":"https://fd13-photos.leclercdrive.fr/image.ashx?id=2739405&use=l&cat=p&typeid=i","cat":293233},{"id":229001,"n":"Biscuits mini fourrés BN  Framboise - x5 - 175g","p":2.17,"u":"12,40 €/KG","img":"https://fd13-photos.leclercdrive.fr/image.ashx?id=2748230&use=l&cat=p&typeid=i","cat":284489},{"id":229002,"n":"Chips Tuiles Pringles HOT Flamin' Cheese - 160g","p":2.0,"u":"12,50 €/KG","img":"https://fd13-photos.leclercdrive.fr/image.ashx?id=2927609&use=l&cat=p&typeid=i","cat":287899},{"id":229003,"n":"Chips Lay's Barbecue x6 - 168g","p":2.17,"u":"12,92 €/KG","img":"https://fd13-photos.leclercdrive.fr/image.ashx?id=3011146&use=l&cat=p&typeid=i","cat":284447},{"id":229004,"n":"Rillettes de thon Petit Navire Olives vertes - 220g","p":3.55,"u":"16,14 €/KG","img":"https://fd13-photos.leclercdrive.fr/image.ashx?id=2831666&use=l&cat=p&typeid=i","cat":303867},{"id":229011,"n":"Mini tortillas Old El Paso Street Vibes x8 - 220g","p":1.77,"u":"8,05 €/KG","img":"https://fd13-photos.leclercdrive.fr/image.ashx?id=2858288&use=l&cat=p&typeid=i","cat":288993},{"id":229015,"n":"Sauce soja Suzi Wan 135ml","p":1.76,"u":"13,04 €/L","img":"https://fd13-photos.leclercdrive.fr/image.ashx?id=2906664&use=l&cat=p&typeid=i","cat":288992},{"id":229029,"n":"Tomates entières Alro 400g","p":1.22,"u":"5,08 €/KG","img":"https://fd13-photos.leclercdrive.fr/image.ashx?id=2994545&use=l&cat=p&typeid=i","cat":289010},{"id":229031,"n":"Biscuit apéritif Ancel Bretzels - 260g","p":2.72,"u":"10,46 €/KG","img":"https://fd13-photos.leclercdrive.fr/image.ashx?id=2749137&use=l&cat=p&typeid=i","cat":297000},{"id":229037,"n":"Sauce thai green curry  Sharwood's Cooking - 415g","p":3.49,"u":"8,41 €/KG","img":"https://fd13-photos.leclercdrive.fr/image.ashx?id=2792897&use=l&cat=p&typeid=i","cat":288992},{"id":229061,"n":"Sauce soja salée Tanoshi 200ml","p":2.95,"u":"14,75 €/L","img":"https://fd13-photos.leclercdrive.fr/image.ashx?id=2921603&use=l&cat=p&typeid=i","cat":288992},{"id":229062,"n":"Nouilles Ramen Tanoshi Crevettes - 360g","p":3.25,"u":"9,03 €/KG","img":"https://fd13-photos.leclercdrive.fr/image.ashx?id=2731954&use=l&cat=p&typeid=i","cat":288992},{"id":229072,"n":"Biscuits chocolats Kinder Duo Chocolat blanc et lait - 2x150g","p":4.31,"u":"14,37 €/KG","img":"https://fd13-photos.leclercdrive.fr/image.ashx?id=2718188&use=l&cat=p&typeid=i","cat":284488},{"id":229102,"n":"Capsule Nescafé Farmers Origins  Africas Int 10 - x18","p":4.31,"u":"54,56 €/KG","img":"https://fd13-photos.leclercdrive.fr/image.ashx?id=2714588&use=l&cat=p&typeid=i","cat":284749},{"id":229109,"n":"Capsule Nescafé Farmers Origins Intensité 7 - x10 - 44g","p":2.81,"u":"63,86 €/KG","img":"https://fd13-photos.leclercdrive.fr/image.ashx?id=2714585&use=l&cat=p&typeid=i","cat":284749},{"id":229137,"n":"Nouilles Tanoshi Poulet shitake cup de 65g","p":1.47,"u":"22,62 €/KG","img":"https://fd13-photos.leclercdrive.fr/image.ashx?id=2906208&use=l&cat=p&typeid=i","cat":288992},{"id":229167,"n":"Eau de source Cristaline  Petillante - 6x33cl","p":2.29,"u":"1,16 €/L","img":"https://fd13-photos.leclercdrive.fr/image.ashx?id=2714018&use=l&cat=p&typeid=i","cat":284536},{"id":229224,"n":"Glace pâte à tartiner Nutella 230g","p":3.98,"u":"17,30 €/KG","img":"https://fd13-photos.leclercdrive.fr/image.ashx?id=2905672&use=l&cat=p&typeid=i","cat":284725},{"id":229243,"n":"Soin capillaire express Le  Petit Marseillais Karité -200ml","p":2.94,"u":"14,70 €/L","img":"https://fd13-photos.leclercdrive.fr/image.ashx?id=2735248&use=l&cat=p&typeid=i","cat":284608},{"id":229268,"n":"Vinaigre balsamique Tramier de Modene - 50cl","p":2.63,"u":"5,26 €/L","img":"https://fd13-photos.leclercdrive.fr/image.ashx?id=2856838&use=l&cat=p&typeid=i","cat":298543},{"id":229269,"n":"Vinaigre de cidre Tramier 50cl","p":2.35,"u":"4,70 €/L","img":"https://fd13-photos.leclercdrive.fr/image.ashx?id=2717400&use=l&cat=p&typeid=i","cat":298543},{"id":229288,"n":"Glace Carte d'Or Café - 374g","p":2.82,"pp":2.09,"u":"5,59 €/KG","img":"https://fd13-photos.leclercdrive.fr/image.ashx?id=2973348&use=l&cat=p&typeid=i","cat":284263},{"id":229289,"n":"Glace Carte d'Or Chocolat Noir - 374g","p":2.69,"pp":2.08,"u":"5,56 €/KG","img":"https://fd13-photos.leclercdrive.fr/image.ashx?id=2849370&use=l&cat=p&typeid=i","cat":284263},{"id":229291,"n":"Glace Carte d'Or Rhum raisin - 394g","p":2.92,"pp":2.12,"u":"5,38 €/KG","img":"https://fd13-photos.leclercdrive.fr/image.ashx?id=3009305&use=l&cat=p&typeid=i","cat":284263},{"id":229292,"n":"Glace Carte d'Or Caramel fleur de sel - 373g","p":2.75,"pp":2.32,"u":"6,22 €/KG","img":"https://fd13-photos.leclercdrive.fr/image.ashx?id=3009302&use=l&cat=p&typeid=i","cat":284263},{"id":229293,"n":"Crème Glacée Carte D'Or crème  de Vanille de Madagascar 700ml","p":3.27,"pp":2.3,"u":"6,27 €/KG","img":"https://fd13-photos.leclercdrive.fr/image.ashx?id=2793062&use=l&cat=p&typeid=i","cat":284263},{"id":229295,"n":"Glace Carte d'Or Citron de Sicile - 453g","p":3.19,"pp":2.37,"u":"5,23 €/KG","img":"https://fd13-photos.leclercdrive.fr/image.ashx?id=2769251&use=l&cat=p&typeid=i","cat":284263},{"id":229296,"n":"Mini bâtonnets Magnum Amande Chocolat x10 - 423g","p":5.69,"u":"13,45 €/KG","img":"https://fd13-photos.leclercdrive.fr/image.ashx?id=2716843&use=l&cat=p&typeid=i","cat":284265},{"id":229375,"n":"Lessive liquide Persavon Sensitive - 2L","p":7.02,"u":"3,51 €/L","img":"https://fd13-photos.leclercdrive.fr/image.ashx?id=2716537&use=l&cat=p&typeid=i","cat":284640},{"id":229394,"n":"Crème glacée La Laitière Café - 490g","p":3.24,"pp":2.27,"u":"4,63 €/KG","img":"https://fd13-photos.leclercdrive.fr/image.ashx?id=3000021&use=l&cat=p&typeid=i","cat":284263},{"id":229396,"n":"Sorbet La Laitière Citron - 558g","p":3.24,"pp":2.27,"u":"4,07 €/KG","img":"https://fd13-photos.leclercdrive.fr/image.ashx?id=2877895&use=l&cat=p&typeid=i","cat":284263},{"id":229397,"n":"Sorbet La Laitière Fraise - 558g","p":3.24,"pp":2.27,"u":"4,07 €/KG","img":"https://fd13-photos.leclercdrive.fr/image.ashx?id=3000018&use=l&cat=p&typeid=i","cat":284263},{"id":229414,"n":"Chocolat Poulain maxi Lait Feuilleté - 190g","p":3.02,"u":"15,89 €/KG","img":"https://fd13-photos.leclercdrive.fr/image.ashx?id=2867140&use=l&cat=p&typeid=i","cat":284497},{"id":229498,"n":"Chips Lay's Moutarde pickles - 135g","p":1.48,"u":"10,96 €/KG","img":"https://fd13-photos.leclercdrive.fr/image.ashx?id=3011152&use=l&cat=p&typeid=i","cat":284447},{"id":229513,"n":"Soda 7UP Citron/citron vert zéro -6x33cl","p":3.43,"u":"1,73 €/L","img":"https://fd13-photos.leclercdrive.fr/image.ashx?id=2717553&use=l&cat=p&typeid=i","cat":284531},{"id":229517,"n":"Soda au cola Pepsi Zéro sucres Le lot de 6x33cl canettes","p":2.6,"u":"1,31 €/L","img":"https://fd13-photos.leclercdrive.fr/image.ashx?id=2773391&use=l&cat=p&typeid=i","cat":284530},{"id":229523,"n":"Thé glacé Lipton Ice Tea Pêche Le lot de 12x33cl canettes","p":6.32,"u":"1,60 €/L","img":"https://fd13-photos.leclercdrive.fr/image.ashx?id=2717550&use=l&cat=p&typeid=i","cat":295019},{"id":229524,"n":"Thé glacé pétillant Lipton Ice Tea pêche - canettes 6x33cl","p":3.65,"u":"1,84 €/L","img":"https://fd13-photos.leclercdrive.fr/image.ashx?id=2900833&use=l&cat=p&typeid=i","cat":295019},{"id":229544,"n":"Jambon cuit Supérieur Le Foué Decouenne dégraissé x4 - 260g","p":3.9,"u":"15,00 €/KG","img":"https://fd13-photos.leclercdrive.fr/image.ashx?id=2717574&use=l&cat=p&typeid=i","cat":316009},{"id":229546,"n":"Cassonade Saint Louis 1kg","p":2.69,"u":"2,69 €/KG","img":"https://fd13-photos.leclercdrive.fr/image.ashx?id=2717595&use=l&cat=p&typeid=i","cat":284502},{"id":229593,"n":"Tablettes lave-vaisselle Visior Tout en 1 citron x45 - 765g","p":5.79,"u":"7,57 €/KG","img":"https://fd13-photos.leclercdrive.fr/image.ashx?id=2954905&use=l&cat=p&typeid=i","cat":284656},{"id":229596,"n":"Capsules Starbucks by Nespresso  Vanille Int 5 - x10","p":3.44,"u":"67,45 €/KG","img":"https://fd13-photos.leclercdrive.fr/image.ashx?id=2718263&use=l&cat=p&typeid=i","cat":284749},{"id":229598,"n":"Sachet de glaçons  Aux 3 glaçons - 2kg","p":1.27,"u":"0,64 €/KG","img":"https://fd13-photos.leclercdrive.fr/image.ashx?id=2718060&use=l&cat=p&typeid=i","cat":285987},{"id":229599,"n":"Capsules Starbucks by Nespresso  Caramel Int 5 - x10","p":3.44,"u":"67,45 €/KG","img":"https://fd13-photos.leclercdrive.fr/image.ashx?id=2718260&use=l&cat=p&typeid=i","cat":284749},{"id":229601,"n":"Miel d'acacia de Bourgogne Nos Région ont du Talent 375g","p":6.99,"u":"18,64 €/KG","img":"https://fd13-photos.leclercdrive.fr/image.ashx?id=2771441&use=l&cat=p&typeid=i","cat":287643},{"id":229603,"n":"Vin de France rosé Papote  75cl","p":4.25,"u":"5,67 €/L","img":"https://fd13-photos.leclercdrive.fr/image.ashx?id=2717568&use=l&cat=p&typeid=i","cat":289558},{"id":229605,"n":"Vin de France rouge 75cl","p":4.49,"u":"5,99 €/L","img":"https://fd13-photos.leclercdrive.fr/image.ashx?id=2717565&use=l&cat=p&typeid=i","cat":289556},{"id":229607,"n":"Vin de France blanc Papoté 75cl","p":3.49,"u":"4,65 €/L","img":"https://fd13-photos.leclercdrive.fr/image.ashx?id=2717562&use=l&cat=p&typeid=i","cat":289557},{"id":229610,"n":"AOP Côtes de provence rosé Bio Terre Ocrées - 75cl","p":5.99,"u":"7,99 €/L","img":"https://fd13-photos.leclercdrive.fr/image.ashx?id=2717303&use=l&cat=p&typeid=i","cat":289558},{"id":229743,"n":"Pain burger Pasquier Le classique x4 - 235g","p":1.92,"u":"8,17 €/KG","img":"https://fd13-photos.leclercdrive.fr/image.ashx?id=2862266&use=l&cat=p&typeid=i","cat":325067},{"id":229746,"n":"Lot Rasoirs jetables Twin Lady Bic - x15","p":3.09,"img":"https://fd13-photos.leclercdrive.fr/image.ashx?id=2718493&use=l&cat=p&typeid=i","cat":325352},{"id":229811,"n":"Crème fixative Polident Original 0% -44g -","p":3.29,"u":"74,77 €/KG","img":"https://fd13-photos.leclercdrive.fr/image.ashx?id=2719615&use=l&cat=p&typeid=i","cat":285158},{"id":229814,"n":"Crème fixative Polident Original 0% - 77g","p":5.89,"u":"76,49 €/KG","img":"https://fd13-photos.leclercdrive.fr/image.ashx?id=2719618&use=l&cat=p&typeid=i","cat":285158},{"id":229879,"n":"Apéritif Campari 25% vol - 70cl","p":16.34,"u":"23,34 €/L","img":"https://fd13-photos.leclercdrive.fr/image.ashx?id=3009155&use=l&cat=p&typeid=i","cat":286032},{"id":229891,"n":"Pain de mie complet Harrys Sandwich Sans sucre ajouté 600g","p":1.73,"u":"2,88 €/KG","img":"https://fd13-photos.leclercdrive.fr/image.ashx?id=2962473&use=l&cat=p&typeid=i","cat":284477},{"id":229893,"n":"Pain de mie complet Harrys Sandwich Sans sucre ajouté 900g","p":2.31,"u":"2,57 €/KG","img":"https://fd13-photos.leclercdrive.fr/image.ashx?id=2962476&use=l&cat=p&typeid=i","cat":284477},{"id":229896,"n":"Pain de mie nature Harrys American Sandwich 550g","p":1.63,"u":"2,96 €/KG","img":"https://fd13-photos.leclercdrive.fr/image.ashx?id=2962446&use=l&cat=p&typeid=i","cat":284477},{"id":229897,"n":"Pain de mie nature Harrys Sandwich Sans sucre ajouté 825g","p":2.17,"u":"2,63 €/KG","img":"https://fd13-photos.leclercdrive.fr/image.ashx?id=2962449&use=l&cat=p&typeid=i","cat":284477},{"id":229921,"n":"Pain de mie céréales Harrys Sandwich Sans sucre ajouté 550g","p":1.87,"u":"3,40 €/KG","img":"https://fd13-photos.leclercdrive.fr/image.ashx?id=2962452&use=l&cat=p&typeid=i","cat":284477},{"id":229922,"n":"IGP Méditerranée Bio - Rosé Estandon \"Pur Soleil\" - 75cl","p":3.55,"u":"4,73 €/L","img":"https://fd13-photos.leclercdrive.fr/image.ashx?id=2719147&use=l&cat=p&typeid=i","cat":289558},{"id":229979,"n":"Pate à tartiner Bonne Maman Noisette et cacao - 580g +25%","p":5.63,"u":"7,77 €/KG","img":"https://fd13-photos.leclercdrive.fr/image.ashx?id=2719495&use=l&cat=p&typeid=i","cat":284481},{"id":229982,"n":"Coulommiers Eco+ 320g","p":1.78,"u":"5,56 €/KG","img":"https://fd13-photos.leclercdrive.fr/image.ashx?id=2726824&use=l&cat=p&typeid=i","cat":314033},{"id":230137,"n":"Tablette de chocolat Pure Via Eclats d'amandes - 100g","p":3.39,"u":"33,90 €/KG","img":"https://fd13-photos.leclercdrive.fr/image.ashx?id=2789949&use=l&cat=p&typeid=i","cat":284497},{"id":230145,"n":"Tablette Chocolat Pur Via  Caramel pointe de sel - 100g","p":3.39,"u":"33,90 €/KG","img":"https://fd13-photos.leclercdrive.fr/image.ashx?id=2789946&use=l&cat=p&typeid=i","cat":284497},{"id":230146,"n":"Tablette chocolat Pure Via  100g","p":2.79,"u":"27,90 €/KG","img":"https://fd13-photos.leclercdrive.fr/image.ashx?id=2789934&use=l&cat=p&typeid=i","cat":284956},{"id":230147,"n":"Tablette chocolat Pure Via Eclats de noisettes - 100g","p":2.99,"u":"29,90 €/KG","img":"https://fd13-photos.leclercdrive.fr/image.ashx?id=2789937&use=l&cat=p&typeid=i","cat":284497},{"id":230148,"n":"Tablette de chocolat Pure Via Noir pointe de sel - 100g","p":2.99,"u":"29,90 €/KG","img":"https://fd13-photos.leclercdrive.fr/image.ashx?id=2789940&use=l&cat=p&typeid=i","cat":284956},{"id":230149,"n":"Tablette de chocolat Pur Via Noir - 100g","p":2.99,"u":"29,90 €/KG","img":"https://fd13-photos.leclercdrive.fr/image.ashx?id=2789943&use=l&cat=p&typeid=i","cat":284956},{"id":230151,"n":"Tablette de chocolat Lindt Création blanc rocher - 145g","p":3.99,"u":"27,52 €/KG","img":"https://fd13-photos.leclercdrive.fr/image.ashx?id=2720446&use=l&cat=p&typeid=i","cat":284957},{"id":230158,"n":"Tablette de chocolat Poulain Noir extra mini carrés - 210g","p":3.22,"u":"15,33 €/KG","img":"https://fd13-photos.leclercdrive.fr/image.ashx?id=2720761&use=l&cat=p&typeid=i","cat":284497},{"id":230161,"n":"Tablette de chocolat Lindt Excellence noir dentelle - 100g","p":2.77,"u":"27,70 €/KG","img":"https://fd13-photos.leclercdrive.fr/image.ashx?id=2720440&use=l&cat=p&typeid=i","cat":284497},{"id":230162,"n":"Tablette de chocolat Lindt Excellence noir gaufrette  100g","p":2.76,"u":"27,60 €/KG","img":"https://fd13-photos.leclercdrive.fr/image.ashx?id=2720437&use=l&cat=p&typeid=i","cat":284956},{"id":230167,"n":"Lessive liquide X-tra Total  Ecopack  x41 - 1.845L","p":6.31,"u":"3,42 €/L","img":"https://fd13-photos.leclercdrive.fr/image.ashx?id=2890124&use=l&cat=p&typeid=i","cat":284640},{"id":230171,"n":"Bière Picon 1L","p":10.28,"u":"10,28 €/L","img":"https://fd13-photos.leclercdrive.fr/image.ashx?id=2720908&use=l&cat=p&typeid=i","cat":334872},{"id":230174,"n":"Bière blonde Fischer Tradition 6% - 66cl","p":1.9,"u":"2,88 €/L","img":"https://fd13-photos.leclercdrive.fr/image.ashx?id=3008128&use=l&cat=p&typeid=i","cat":334873},{"id":230176,"n":"Le Comté Président affiné 6 mois 200g","p":3.63,"u":"18,15 €/KG","img":"https://fd13-photos.leclercdrive.fr/image.ashx?id=2721730&use=l&cat=p&typeid=i","cat":314034},{"id":230193,"n":"Nettoyant ménager La Croix Gel utra dégraissant - 1L","p":1.78,"u":"1,78 €/L","img":"https://fd13-photos.leclercdrive.fr/image.ashx?id=2721534&use=l&cat=p&typeid=i","cat":325357},{"id":230198,"n":"Gel nettoyant WC La Croix Ultra WC - 750ml","p":1.39,"u":"1,85 €/L","img":"https://fd13-photos.leclercdrive.fr/image.ashx?id=2721531&use=l&cat=p&typeid=i","cat":284662},{"id":230356,"n":"Vin de France  Domaine Desprat Le Chardonnay Blanc - 75cl","p":6.99,"u":"9,32 €/L","img":"https://fd13-photos.leclercdrive.fr/image.ashx?id=2721820&use=l&cat=p&typeid=i","cat":289557},{"id":230637,"n":"Abricots secs Eco+ 500g","p":4.75,"u":"9,50 €/KG","img":"https://fd13-photos.leclercdrive.fr/image.ashx?id=2754871&use=l&cat=p&typeid=i","cat":284357},{"id":230691,"n":"Carottes rapées Bonduelle À la moutarde à l'ancienne 300g","p":1.99,"u":"6,63 €/KG","img":"https://fd13-photos.leclercdrive.fr/image.ashx?id=2894179&use=l&cat=p&typeid=i","cat":333657},{"id":230705,"n":"Gnocchi à poêler Lustucru Jambon fromage - 500g","p":3.46,"u":"6,92 €/KG","img":"https://fd13-photos.leclercdrive.fr/image.ashx?id=2786213&use=l&cat=p&typeid=i","cat":333682},{"id":230738,"n":"Compotes Charles & Alice Pommes mûres - 4x97g","p":1.65,"u":"4,25 €/KG","img":"https://fd13-photos.leclercdrive.fr/image.ashx?id=2757704&use=l&cat=p&typeid=i","cat":284416},{"id":230740,"n":"Serviettes incontinence Eco+ Extra - x10","p":1.68,"img":"https://fd13-photos.leclercdrive.fr/image.ashx?id=2722979&use=l&cat=p&typeid=i","cat":284628},{"id":230759,"n":"Crème adhésive Fixodent Plus Anti-particules - 40g","p":5.4,"u":"135,00 €/KG","img":"https://fd13-photos.leclercdrive.fr/image.ashx?id=2723947&use=l&cat=p&typeid=i","cat":285158},{"id":230761,"n":"Beurre doux Paysan Breton 250g","p":2.66,"u":"10,64 €/KG","img":"https://fd13-photos.leclercdrive.fr/image.ashx?id=2959460&use=l&cat=p&typeid=i","cat":284379},{"id":230762,"n":"Brossettes Oral-B Cross Action Pro - Noire - x2","p":11.97,"u":"5,99 €/P","img":"https://fd13-photos.leclercdrive.fr/image.ashx?id=2837601&use=l&cat=p&typeid=i","cat":297133},{"id":230763,"n":"Beurre demi-sel Paysan Breton 250g","p":2.76,"u":"11,04 €/KG","img":"https://fd13-photos.leclercdrive.fr/image.ashx?id=2959463&use=l&cat=p&typeid=i","cat":284379},{"id":230781,"n":"Chips Street food Vico Saveur poulet Tex Mex - 120g","p":1.24,"u":"10,33 €/KG","img":"https://fd13-photos.leclercdrive.fr/image.ashx?id=3000099&use=l&cat=p&typeid=i","cat":284447},{"id":230830,"n":"Crackers Belin Monaco Emmental 110g","p":1.24,"u":"11,27 €/KG","img":"https://fd13-photos.leclercdrive.fr/image.ashx?id=3002228&use=l&cat=p&typeid=i","cat":297000},{"id":230855,"n":"Crackers Belin Feuilleté Emmental 95g","p":1.24,"u":"13,05 €/KG","img":"https://fd13-photos.leclercdrive.fr/image.ashx?id=3005320&use=l&cat=p&typeid=i","cat":297000},{"id":230863,"n":"Crackers Monaco Belin Emmental  170g","p":1.42,"u":"8,35 €/KG","img":"https://fd13-photos.leclercdrive.fr/image.ashx?id=3002231&use=l&cat=p&typeid=i","cat":297000},{"id":230980,"n":"Chocolat lait Lindt Noisettes  Lucky Monkey - 100g","p":2.73,"u":"27,30 €/KG","img":"https://fd13-photos.leclercdrive.fr/image.ashx?id=2725075&use=l&cat=p&typeid=i","cat":284497},{"id":231015,"n":"Comté AOP Cave Juraflore Fort des Rousses 12 mois - 200g","p":4.49,"u":"22,45 €/KG","img":"https://fd13-photos.leclercdrive.fr/image.ashx?id=3008677&use=l&cat=p&typeid=i","cat":314034},{"id":231020,"n":"Tube harissa El Manar - 70g","p":0.51,"u":"7,29 €/KG","img":"https://fd13-photos.leclercdrive.fr/image.ashx?id=2725810&use=l&cat=p&typeid=i","cat":289013},{"id":231095,"n":"Mayonnaise de Dijon Amora 605g","p":3.14,"u":"5,19 €/KG","img":"https://fd13-photos.leclercdrive.fr/image.ashx?id=2877292&use=l&cat=p&typeid=i","cat":298295},{"id":231096,"n":"Mayonnaise de Dijon Amora 385g","p":2.52,"u":"6,55 €/KG","img":"https://fd13-photos.leclercdrive.fr/image.ashx?id=3014659&use=l&cat=p&typeid=i","cat":298295},{"id":231126,"n":"Thon entier MSC Rio Mare Filet d'huile d'olive - 120g","p":3.29,"u":"27,42 €/KG","img":"https://fd13-photos.leclercdrive.fr/image.ashx?id=2726263&use=l&cat=p&typeid=i","cat":303867},{"id":231127,"n":"Filets de thon Rio Mare Huile d'olive & piment 130g","p":3.99,"u":"30,69 €/KG","img":"https://fd13-photos.leclercdrive.fr/image.ashx?id=2726260&use=l&cat=p&typeid=i","cat":303867},{"id":231129,"n":"Filets de thon Rio Mare Huile d'olive vierge extra 130g","p":3.99,"u":"30,69 €/KG","img":"https://fd13-photos.leclercdrive.fr/image.ashx?id=2726257&use=l&cat=p&typeid=i","cat":303867},{"id":231147,"n":"Bonbons exotix 180g","p":1.87,"u":"10,39 €/KG","img":"https://fd13-photos.leclercdrive.fr/image.ashx?id=2984970&use=l&cat=p&typeid=i","cat":304250},{"id":231150,"n":"Confiture Bonne Maman Myrtilles 370g + 20% offert","p":3.1,"u":"6,98 €/KG","img":"https://fd13-photos.leclercdrive.fr/image.ashx?id=2726215&use=l&cat=p&typeid=i","cat":284480},{"id":231173,"n":"Pâte à pizza Croustipate XXL - 500g","p":2.28,"u":"4,56 €/KG","img":"https://fd13-photos.leclercdrive.fr/image.ashx?id=2900923&use=l&cat=p&typeid=i","cat":333681},{"id":231203,"n":"Lessive liquide Super Croix  X-tra Japon x42- 1.89L","p":8.32,"u":"4,40 €/L","img":"https://fd13-photos.leclercdrive.fr/image.ashx?id=2876272&use=l&cat=p&typeid=i","cat":284640},{"id":231254,"n":"Bonbons Asti Pik Haribo  180g","p":1.66,"u":"9,22 €/KG","img":"https://fd13-photos.leclercdrive.fr/image.ashx?id=2984967&use=l&cat=p&typeid=i","cat":304250},{"id":231255,"n":"Bonbons pixels Haribo 180g","p":1.55,"u":"8,61 €/KG","img":"https://fd13-photos.leclercdrive.fr/image.ashx?id=2984964&use=l&cat=p&typeid=i","cat":304250},{"id":231282,"n":"Chips Street food Vico  Saveur tzatziki - 120g","p":1.25,"u":"10,42 €/KG","img":"https://fd13-photos.leclercdrive.fr/image.ashx?id=2985192&use=l&cat=p&typeid=i","cat":284447},{"id":231301,"n":"Nouilles au poulet  Tables du Monde - 900g","p":5.19,"u":"5,77 €/KG","img":"https://fd13-photos.leclercdrive.fr/image.ashx?id=2726794&use=l&cat=p&typeid=i","cat":284254},{"id":231324,"n":"Rôti de porc cuit Tradilège Supérieur -25% de sel x4 - 160g","p":2.81,"u":"17,56 €/KG","img":"https://fd13-photos.leclercdrive.fr/image.ashx?id=2726896&use=l&cat=p&typeid=i","cat":316009},{"id":231362,"n":"Barquettes de terrine Cesar Bio Natural Goodness - 100g","p":0.96,"u":"9,60 €/KG","img":"https://fd13-photos.leclercdrive.fr/image.ashx?id=2728657&use=l&cat=p&typeid=i","cat":284673},{"id":231364,"n":"Barquettes terrine Cesar Bio Natural Goodness - 100g","p":0.96,"u":"9,60 €/KG","img":"https://fd13-photos.leclercdrive.fr/image.ashx?id=2728654&use=l&cat=p&typeid=i","cat":284673},{"id":231368,"n":"Capsules café L'Or Espresso Supremo N°10 x30","p":9.3,"u":"59,62 €/KG","img":"https://fd13-photos.leclercdrive.fr/image.ashx?id=2788052&use=l&cat=p&typeid=i","cat":284749},{"id":231369,"n":"Capsules café L'Or Espresso Splendente N°7 x30","p":9.04,"u":"57,95 €/KG","img":"https://fd13-photos.leclercdrive.fr/image.ashx?id=2728846&use=l&cat=p&typeid=i","cat":284749},{"id":231370,"n":"Capsules café L'Or Espresso Ristretto N°11 x30","p":9.14,"u":"58,59 €/KG","img":"https://fd13-photos.leclercdrive.fr/image.ashx?id=2728843&use=l&cat=p&typeid=i","cat":284749},{"id":231371,"n":"Capsules café L'Or Espresso Forza N°9 x30","p":9.12,"u":"58,46 €/KG","img":"https://fd13-photos.leclercdrive.fr/image.ashx?id=3000468&use=l&cat=p&typeid=i","cat":284749},{"id":231372,"n":"Capsules café L'Or Espresso Delizioso N°5 x30","p":9.14,"u":"58,59 €/KG","img":"https://fd13-photos.leclercdrive.fr/image.ashx?id=2851345&use=l&cat=p&typeid=i","cat":284749},{"id":231375,"n":"Fromage Carré Eco+ 25%MG - 200g","p":1.56,"u":"7,80 €/KG","img":"https://fd13-photos.leclercdrive.fr/image.ashx?id=2728047&use=l&cat=p&typeid=i","cat":314033},{"id":231394,"n":"Gommage Le Petit Marseillais Corps - Karité et argan - 150ml","p":4.09,"u":"27,27 €/L","img":"https://fd13-photos.leclercdrive.fr/image.ashx?id=2899428&use=l&cat=p&typeid=i","cat":325375},{"id":231401,"n":"Test de grossesse Clearblue x1","p":11.77,"img":"https://fd13-photos.leclercdrive.fr/image.ashx?id=2906862&use=l&cat=p&typeid=i","cat":324482},{"id":231402,"n":"Chips Paysannes Pom'Lisse Lardon oignon - 135g","p":1.39,"u":"10,30 €/KG","img":"https://fd13-photos.leclercdrive.fr/image.ashx?id=2919538&use=l&cat=p&typeid=i","cat":284447},{"id":231403,"n":"Chips sel & vinaigre Pom'Lisse 135g","p":1.07,"u":"7,93 €/KG","img":"https://fd13-photos.leclercdrive.fr/image.ashx?id=2919670&use=l&cat=p&typeid=i","cat":284447},{"id":231440,"n":"Pistaches grillées sans Sel Sun - 250g","p":4.99,"u":"19,96 €/KG","img":"https://fd13-photos.leclercdrive.fr/image.ashx?id=2728378&use=l&cat=p&typeid=i","cat":284357},{"id":231513,"n":"Eau de parfum Hechter Daniel L'homme - 90ml","p":27.95,"u":"310,56 €/L","img":"https://fd13-photos.leclercdrive.fr/image.ashx?id=2879083&use=l&cat=p&typeid=i","cat":291525},{"id":231570,"n":"Badoit bulles de fruits rouges 1l","p":1.38,"u":"1,38 €/L","img":"https://fd13-photos.leclercdrive.fr/image.ashx?id=2964676&use=l&cat=p&typeid=i","cat":284536},{"id":231571,"n":"Badoit bulles de fruits  Exotiques - 1L","p":1.4,"u":"1,40 €/L","img":"https://fd13-photos.leclercdrive.fr/image.ashx?id=2753952&use=l&cat=p&typeid=i","cat":284536},{"id":231629,"n":"Lasagnes au thon  900g","p":5.13,"u":"5,70 €/KG","img":"https://fd13-photos.leclercdrive.fr/image.ashx?id=2739240&use=l&cat=p&typeid=i","cat":284254},{"id":231657,"n":"Tablettes lave-vaisselle Finish Power Plus - x35","p":7.34,"u":"13,11 €/KG","img":"https://fd13-photos.leclercdrive.fr/image.ashx?id=2749431&use=l&cat=p&typeid=i","cat":284656},{"id":231658,"n":"Lessive liquide X-tra Total  4 en 1 propreté x85 - 3.825L","p":13.41,"u":"3,51 €/L","img":"https://fd13-photos.leclercdrive.fr/image.ashx?id=2740568&use=l&cat=p&typeid=i","cat":284640},{"id":231659,"n":"Tablette lave-vaisselle Tout-en-un - x100","p":11.43,"img":"https://fd13-photos.leclercdrive.fr/image.ashx?id=2954908&use=l&cat=p&typeid=i","cat":284656},{"id":231660,"n":"Lessive liquide Super Croix  X-tra Maroc x42 - 1.890L","p":8.25,"u":"4,37 €/L","img":"https://fd13-photos.leclercdrive.fr/image.ashx?id=2876275&use=l&cat=p&typeid=i","cat":284640},{"id":231667,"n":"Brosse à dent Colgate Zig Zag Souple - x1","p":2.37,"img":"https://fd13-photos.leclercdrive.fr/image.ashx?id=2740910&use=l&cat=p&typeid=i","cat":284614},{"id":231690,"n":"Crème soin Mixa Cica réparatrice - 10en1 150ml","p":7.56,"u":"50,40 €/L","img":"https://fd13-photos.leclercdrive.fr/image.ashx?id=2819403&use=l&cat=p&typeid=i","cat":325350},{"id":231692,"n":"Crème corps Mixa Réparatrice - 150ml","p":3.02,"u":"20,13 €/L","img":"https://fd13-photos.leclercdrive.fr/image.ashx?id=2867557&use=l&cat=p&typeid=i","cat":325350},{"id":231694,"n":"Crème corps Mixa Réparatrice Peau sensibles  - 150ml","p":3.01,"u":"20,07 €/L","img":"https://fd13-photos.leclercdrive.fr/image.ashx?id=2892199&use=l&cat=p&typeid=i","cat":325350},{"id":231704,"n":"Lessive multi-usages St Marc  à la Résine de pin - 1,4kg","p":3.82,"u":"2,73 €/KG","img":"https://fd13-photos.leclercdrive.fr/image.ashx?id=2884645&use=l&cat=p&typeid=i","cat":325365},{"id":231706,"n":"Capsules lave-vaisselle Finish  Ultimate Citron - x42","p":9.88,"u":"18,23 €/KG","img":"https://fd13-photos.leclercdrive.fr/image.ashx?id=2749446&use=l&cat=p&typeid=i","cat":284656},{"id":231707,"n":"Capsules lave-vaisselle Finish  Ultimate - x42","p":10.03,"u":"17,66 €/KG","img":"https://fd13-photos.leclercdrive.fr/image.ashx?id=2749443&use=l&cat=p&typeid=i","cat":284656},{"id":231708,"n":"Capsules lave-vaisselle Finish  Quantum - x46","p":9.78,"u":"20,46 €/KG","img":"https://fd13-photos.leclercdrive.fr/image.ashx?id=2749440&use=l&cat=p&typeid=i","cat":284656},{"id":231709,"n":"Capsules lave-vaisselle Finish Ultimate Plus Citron - x35","p":9.4,"u":"22,01 €/KG","img":"https://fd13-photos.leclercdrive.fr/image.ashx?id=2749437&use=l&cat=p&typeid=i","cat":284656},{"id":231710,"n":"Capsules lave-vaisselle Finish Ultimate Plus - x35","p":9.86,"u":"23,09 €/KG","img":"https://fd13-photos.leclercdrive.fr/image.ashx?id=2749434&use=l&cat=p&typeid=i","cat":284656},{"id":231712,"n":"Tablettes lave-vaisselle Finish Power Plus - x54","p":9.76,"u":"11,30 €/KG","img":"https://fd13-photos.leclercdrive.fr/image.ashx?id=2749425&use=l&cat=p&typeid=i","cat":284656},{"id":231713,"n":"Spray nettoyant Cillit Bang Expert crasse & calcaire 750ml","p":3.45,"u":"4,60 €/L","img":"https://fd13-photos.leclercdrive.fr/image.ashx?id=2839755&use=l&cat=p&typeid=i","cat":325362},{"id":231714,"n":"Spray nettoyant Cillit Bang  Expert Anti-moisissures - 750ml","p":3.19,"u":"4,25 €/L","img":"https://fd13-photos.leclercdrive.fr/image.ashx?id=2790114&use=l&cat=p&typeid=i","cat":325357},{"id":231715,"n":"Spray nettoyant Cillit Bang  Expert Javel - 750ml","p":3.44,"u":"4,59 €/L","img":"https://fd13-photos.leclercdrive.fr/image.ashx?id=2793653&use=l&cat=p&typeid=i","cat":325357},{"id":231717,"n":"ST MARC Liquide Nettoyant Multi Usages Côtes Bretonnes - 1L","p":2.33,"u":"2,33 €/L","img":"https://fd13-photos.leclercdrive.fr/image.ashx?id=2859074&use=l&cat=p&typeid=i","cat":284907},{"id":231719,"n":"Lessive capsules Super Croix X-tra Bora Bora x28  - 336g","p":8.29,"u":"24,67 €/KG","img":"https://fd13-photos.leclercdrive.fr/image.ashx?id=2876284&use=l&cat=p&typeid=i","cat":284641},{"id":231731,"n":"Crème glacée L'Angélys Stracciatella chocolat - 300g","p":4.99,"u":"16,63 €/KG","img":"https://fd13-photos.leclercdrive.fr/image.ashx?id=2963769&use=l&cat=p&typeid=i","cat":284725},{"id":231735,"n":"Dés de jambon à l'étouffé Fleury Michon - 150g","p":1.95,"u":"13,00 €/KG","img":"https://fd13-photos.leclercdrive.fr/image.ashx?id=2740538&use=l&cat=p&typeid=i","cat":316011},{"id":231857,"n":"Sacs poubelles hautes Handy Bag Fixation élastique 50L x10","p":4.1,"pp":3.6,"u":"0,36 €/P","img":"https://fd13-photos.leclercdrive.fr/image.ashx?id=2741138&use=l&cat=p&typeid=i","cat":285168},{"id":231918,"n":"AOP Côtes de Provence rouge Berne Grande récolte - 75cl","p":8.9,"u":"11,87 €/L","img":"https://fd13-photos.leclercdrive.fr/image.ashx?id=2857533&use=l&cat=p&typeid=i","cat":289556},{"id":231923,"n":"Liquide vaisselle Maison Verte  Dégraissant, écologique - 500ml","p":1.66,"u":"3,32 €/L","img":"https://fd13-photos.leclercdrive.fr/image.ashx?id=2890619&use=l&cat=p&typeid=i","cat":284655},{"id":231951,"n":"Calculatrice poche Esquisse Grise","p":2.99,"u":"Dont 0,13 € d'éco-part.","img":"https://fd13-photos.leclercdrive.fr/image.ashx?id=2742339&use=l&cat=p&typeid=i","cat":334133},{"id":232022,"n":"Lessive capsules Super Croix  X-tra Japon x28 - 336g","p":8.32,"u":"24,76 €/KG","img":"https://fd13-photos.leclercdrive.fr/image.ashx?id=2876278&use=l&cat=p&typeid=i","cat":284641},{"id":232025,"n":"Lessive capsules Super Croix X-tra - Maroc - x28 - 336g","p":8.37,"u":"24,91 €/KG","img":"https://fd13-photos.leclercdrive.fr/image.ashx?id=2876281&use=l&cat=p&typeid=i","cat":284641},{"id":232036,"n":"Compotes Andros Pomme citron - 4x100g","p":1.51,"u":"3,78 €/KG","img":"https://fd13-photos.leclercdrive.fr/image.ashx?id=2989327&use=l&cat=p&typeid=i","cat":284416},{"id":232043,"n":"Lessive liquide X-tra Total 4+1 - Ecopack - 1.26L - x28","p":5.2,"u":"4,13 €/L","img":"https://fd13-photos.leclercdrive.fr/image.ashx?id=2890637&use=l&cat=p&typeid=i","cat":284640},{"id":232112,"n":"Bâtonnets Magnum 3 variétés x8 - 572g","p":5.59,"u":"9,77 €/KG","img":"https://fd13-photos.leclercdrive.fr/image.ashx?id=3009308&use=l&cat=p&typeid=i","cat":284265},{"id":232130,"n":"Lessive liquide Super Croix  X-tra Bora Bora x63 - 2.835L","p":12.74,"u":"4,49 €/L","img":"https://fd13-photos.leclercdrive.fr/image.ashx?id=2876269&use=l&cat=p&typeid=i","cat":284640},{"id":232136,"n":"Lessive poudre Le Chat  Sensitive x36 - 2.16kg","p":11.87,"u":"5,50 €/KG","img":"https://fd13-photos.leclercdrive.fr/image.ashx?id=2965031&use=l&cat=p&typeid=i","cat":284642},{"id":232145,"n":"Lessive liquide Mir Noir - 650ml - x13","p":4.77,"u":"7,34 €/L","img":"https://fd13-photos.leclercdrive.fr/image.ashx?id=2743043&use=l&cat=p&typeid=i","cat":284644},{"id":232150,"n":"Lessive liquide Mir Couleurs  Raviveur couleurs x27 - 1.35L","p":6.19,"u":"4,59 €/L","img":"https://fd13-photos.leclercdrive.fr/image.ashx?id=2744034&use=l&cat=p&typeid=i","cat":284644},{"id":232165,"n":"Adoucissant concentré Soupline Couleurs éclatantes - x52 -1.2L","p":5.09,"u":"4,24 €/L","img":"https://fd13-photos.leclercdrive.fr/image.ashx?id=2745427&use=l&cat=p&typeid=i","cat":284650},{"id":232183,"n":"Liquide vaisselle Mir  Dégraissant citron - 450ml","p":1.59,"u":"3,53 €/L","img":"https://fd13-photos.leclercdrive.fr/image.ashx?id=2744028&use=l&cat=p&typeid=i","cat":284655},{"id":232186,"n":"Liquide vaisselle Mir  Dégraissant orange - 450ml","p":1.66,"u":"3,69 €/L","img":"https://fd13-photos.leclercdrive.fr/image.ashx?id=2874907&use=l&cat=p&typeid=i","cat":284655},{"id":232193,"n":"Liquide vaisselle Mir vinaigre Pamplemousse dégraissant -450ml","p":1.77,"u":"3,93 €/L","img":"https://fd13-photos.leclercdrive.fr/image.ashx?id=2889346&use=l&cat=p&typeid=i","cat":284655},{"id":232195,"n":"Liquide vaisselle Mir  Peau sensible aloe vera - 450ml","p":1.47,"u":"3,27 €/L","img":"https://fd13-photos.leclercdrive.fr/image.ashx?id=2874904&use=l&cat=p&typeid=i","cat":284655},{"id":232201,"n":"Liquide vaisselle Mir  Dégraissant & brillance - 450ml","p":1.79,"u":"3,98 €/L","img":"https://fd13-photos.leclercdrive.fr/image.ashx?id=2744049&use=l&cat=p&typeid=i","cat":284655},{"id":232230,"n":"Crème visage Mixa Expert Anti-tâches SPF20 - 50ml","p":9.13,"u":"182,60 €/L","img":"https://fd13-photos.leclercdrive.fr/image.ashx?id=2770551&use=l&cat=p&typeid=i","cat":325345},{"id":232231,"n":"Nettoyant confort visage Mixa Anti-secheresse - 150ml","p":4.98,"u":"33,20 €/L","img":"https://fd13-photos.leclercdrive.fr/image.ashx?id=2744171&use=l&cat=p&typeid=i","cat":284603},{"id":232233,"n":"Gelée matifiante visage Mixa Anti-imperfections - 50ml","p":9.68,"u":"193,60 €/L","img":"https://fd13-photos.leclercdrive.fr/image.ashx?id=2770554&use=l&cat=p&typeid=i","cat":325345},{"id":232237,"n":"Nettoyant confort visage Mixa Anti-imperfection - 150ml","p":4.8,"u":"32,00 €/L","img":"https://fd13-photos.leclercdrive.fr/image.ashx?id=2744168&use=l&cat=p&typeid=i","cat":284603},{"id":232275,"n":"Bain de bouche Colgate Max Fraîcheur intense - 500ml","p":3.8,"u":"7,60 €/L","img":"https://fd13-photos.leclercdrive.fr/image.ashx?id=2745433&use=l&cat=p&typeid=i","cat":284613},{"id":232299,"n":"Bande de cire visage Nair Kit Caresse - x20","p":3.7,"img":"https://fd13-photos.leclercdrive.fr/image.ashx?id=2903236&use=l&cat=p&typeid=i","cat":325351},{"id":232301,"n":"Dentifrice Signal Professionnel Sensibilité - Blancheur - 75ml","p":3.59,"u":"47,87 €/L","img":"https://fd13-photos.leclercdrive.fr/image.ashx?id=2858717&use=l&cat=p&typeid=i","cat":284612},{"id":232302,"n":"Dentifrice Signal Professionnel Soin complet - 75ml","p":3.58,"u":"47,73 €/L","img":"https://fd13-photos.leclercdrive.fr/image.ashx?id=2903878&use=l&cat=p&typeid=i","cat":284612},{"id":232304,"n":"Brosse à dent Signal  Integral 8 - Souple - x1","p":1.68,"img":"https://fd13-photos.leclercdrive.fr/image.ashx?id=2772539&use=l&cat=p&typeid=i","cat":284614},{"id":232309,"n":"Bloc WC Fresh Disc Canard Citron vert - 1x36ml","p":2.64,"img":"https://fd13-photos.leclercdrive.fr/image.ashx?id=2745769&use=l&cat=p&typeid=i","cat":284662},{"id":232311,"n":"Dentifrice enfant L'Arbre Vert Bien-être Fraise 7-12 ans 50ml","p":2.18,"u":"43,60 €/L","img":"https://fd13-photos.leclercdrive.fr/image.ashx?id=2892811&use=l&cat=p&typeid=i","cat":288898},{"id":232313,"n":"Brossettes interdentaires Ricqles Réutilisables 5x0.7mm","p":4.44,"img":"https://fd13-photos.leclercdrive.fr/image.ashx?id=2745640&use=l&cat=p&typeid=i","cat":285159},{"id":232314,"n":"Fil dentaire ciré Ricqles Fluoré & Mentholé - 60m","p":3.52,"img":"https://fd13-photos.leclercdrive.fr/image.ashx?id=2745637&use=l&cat=p&typeid=i","cat":285159},{"id":232318,"n":"Tablette lave-vaisselle Sun Tout-en-1 - x86 - 1.419kg","p":14.78,"u":"10,42 €/KG","img":"https://fd13-photos.leclercdrive.fr/image.ashx?id=3000899&use=l&cat=p&typeid=i","cat":284656},{"id":232319,"n":"Tablettes lave-vaisselle Sun Tout-en-1 - x24 -396g","p":5.76,"u":"14,55 €/KG","img":"https://fd13-photos.leclercdrive.fr/image.ashx?id=2760543&use=l&cat=p&typeid=i","cat":284656},{"id":232321,"n":"Lessive capsules Tout-en-1 Skip Soin complet - x24 - 506.4g","p":10.61,"u":"20,97 €/KG","img":"https://fd13-photos.leclercdrive.fr/image.ashx?id=2773931&use=l&cat=p&typeid=i","cat":284641},{"id":232341,"n":"Bloc WC Canard Fresh Disc Fraîcheur marine - 36ml","p":3.05,"img":"https://fd13-photos.leclercdrive.fr/image.ashx?id=2747691&use=l&cat=p&typeid=i","cat":284662},{"id":232345,"n":"Adoucissant Soupline concentré Utra Emotion Rose - 1.28L - x60","p":5.84,"u":"4,56 €/L","img":"https://fd13-photos.leclercdrive.fr/image.ashx?id=2832575&use=l&cat=p&typeid=i","cat":284650},{"id":232347,"n":"Perles de linge Soupline Coco - 230g","p":5.25,"u":"22,83 €/KG","img":"https://fd13-photos.leclercdrive.fr/image.ashx?id=2945829&use=l&cat=p&typeid=i","cat":325302},{"id":232349,"n":"Adoucissant Soupline Concentré Lavande Elixir - x45 1L","p":7.19,"u":"7,19 €/L","img":"https://fd13-photos.leclercdrive.fr/image.ashx?id=2745850&use=l&cat=p&typeid=i","cat":284650},{"id":232352,"n":"Désinfectant du linge Lysol  Parfum linge frais - 1,5L","p":5.99,"pp":3.95,"u":"2,63 €/L","img":"https://fd13-photos.leclercdrive.fr/image.ashx?id=2745742&use=l&cat=p&typeid=i","cat":290451},{"id":232353,"n":"Désodorisant diffuseur Airwick  huile essentielle Vanille -20ml","p":6.65,"img":"https://fd13-photos.leclercdrive.fr/image.ashx?id=2963481&use=l&cat=p&typeid=i","cat":311629},{"id":232356,"n":"Gel douche Sanex Zéro Family - Pompe - 700ml","p":5.76,"u":"8,23 €/L","img":"https://fd13-photos.leclercdrive.fr/image.ashx?id=2745859&use=l&cat=p&typeid=i","cat":284594},{"id":232357,"n":"Recharge Gel douche Sanex Zéro - Peaux sensibles - 500ml","p":3.32,"u":"6,64 €/L","img":"https://fd13-photos.leclercdrive.fr/image.ashx?id=2745856&use=l&cat=p&typeid=i","cat":284594},{"id":232358,"n":"Gel lavant désinfectant Sanytol Purifiant - 500ml","p":5.57,"u":"11,14 €/L","img":"https://fd13-photos.leclercdrive.fr/image.ashx?id=2904664&use=l&cat=p&typeid=i","cat":284597},{"id":232369,"n":"Bain de bouche Colgate Max Fresh Protection complète 500ml","p":3.32,"u":"6,64 €/L","img":"https://fd13-photos.leclercdrive.fr/image.ashx?id=2747178&use=l&cat=p&typeid=i","cat":284613},{"id":232371,"n":"Dentifrice enfant Elmex Anti-caries - 6-12 ans - 75ml","p":2.69,"u":"35,87 €/L","img":"https://fd13-photos.leclercdrive.fr/image.ashx?id=2747175&use=l&cat=p&typeid=i","cat":288898},{"id":232389,"n":"Nettoyant Textiles Tech9 + Brosse","p":4.59,"img":"https://fd13-photos.leclercdrive.fr/image.ashx?id=2907267&use=l&cat=p&typeid=i","cat":298252},{"id":232390,"n":"Efface rayures Tech9 Universel - 100ml","p":2.6,"u":"26,00 €/L","img":"https://fd13-photos.leclercdrive.fr/image.ashx?id=2907273&use=l&cat=p&typeid=i","cat":298252},{"id":232391,"n":"Shampooing Tech9 3en1 - 500ml","p":5.45,"u":"10,90 €/L","img":"https://fd13-photos.leclercdrive.fr/image.ashx?id=2949661&use=l&cat=p&typeid=i","cat":298252},{"id":232395,"n":"Nettoyant Jantes Tech9 Pulvérisateur - 500ml","p":3.99,"u":"7,98 €/L","img":"https://fd13-photos.leclercdrive.fr/image.ashx?id=2907276&use=l&cat=p&typeid=i","cat":298252},{"id":232398,"n":"Polish rénovateur Tech9 500ml","p":2.99,"u":"5,98 €/L","img":"https://fd13-photos.leclercdrive.fr/image.ashx?id=2943455&use=l&cat=p&typeid=i","cat":298252},{"id":232410,"n":"Nettoyant plastique Tech9 Vanille - Brillance - 400ml","p":3.99,"u":"9,98 €/L","img":"https://fd13-photos.leclercdrive.fr/image.ashx?id=2884285&use=l&cat=p&typeid=i","cat":298252},{"id":232413,"n":"Nettoyant tissus moquettes Tech9 - Ecocert - 500ml","p":4.99,"u":"9,98 €/L","img":"https://fd13-photos.leclercdrive.fr/image.ashx?id=2889182&use=l&cat=p&typeid=i","cat":298252},{"id":232416,"n":"Nettoyant pour vitres TECH9 500ml","p":3.2,"u":"6,40 €/L","img":"https://fd13-photos.leclercdrive.fr/image.ashx?id=2907291&use=l&cat=p&typeid=i","cat":298252},{"id":232518,"n":"Pâtes Barilla Stelline - 500g","p":1.28,"u":"2,56 €/KG","img":"https://fd13-photos.leclercdrive.fr/image.ashx?id=2748662&use=l&cat=p&typeid=i","cat":284427},{"id":232519,"n":"Pâtes Barilla Risoni - 500g","p":1.27,"u":"2,54 €/KG","img":"https://fd13-photos.leclercdrive.fr/image.ashx?id=2748665&use=l&cat=p&typeid=i","cat":284427},{"id":232520,"n":"Pâtes Barilla Ditalini Rigati - 500g","p":1.27,"u":"2,54 €/KG","img":"https://fd13-photos.leclercdrive.fr/image.ashx?id=2748668&use=l&cat=p&typeid=i","cat":284427},{"id":232642,"n":"Boisson énergisante Red Bull Goût Juneberry, 250ml","p":1.25,"u":"5,00 €/L","img":"https://fd13-photos.leclercdrive.fr/image.ashx?id=2748713&use=l&cat=p&typeid=i","cat":284533},{"id":232701,"n":"Thon au naturel Petit Navire  93g","p":1.37,"u":"14,73 €/KG","img":"https://fd13-photos.leclercdrive.fr/image.ashx?id=2748101&use=l&cat=p&typeid=i","cat":303867},{"id":232703,"n":"Miettes de thon Petit Navire à l'huile de tournesol 80g","p":1.05,"u":"13,13 €/KG","img":"https://fd13-photos.leclercdrive.fr/image.ashx?id=2748104&use=l&cat=p&typeid=i","cat":303867},{"id":232782,"n":"Sparadrap Mercurochrome Prévention ampoules - 2m x 5cm","p":2.39,"img":"https://fd13-photos.leclercdrive.fr/image.ashx?id=2785835&use=l&cat=p&typeid=i","cat":284630},{"id":232786,"n":"Solution Mercurochrome Antiseptique incolore - 100ml","p":4.51,"u":"45,10 €/L","img":"https://fd13-photos.leclercdrive.fr/image.ashx?id=2816853&use=l&cat=p&typeid=i","cat":284630},{"id":232839,"n":"Gel déboucheur Destop  Turbo 5 min - 4 doses - 1L","p":7.17,"u":"7,17 €/L","img":"https://fd13-photos.leclercdrive.fr/image.ashx?id=2976032&use=l&cat=p&typeid=i","cat":284908},{"id":232840,"n":"Gel déboucheur Destop  Turbo 5 min - 2 doses - 500ml","p":4.19,"u":"8,38 €/L","img":"https://fd13-photos.leclercdrive.fr/image.ashx?id=2976029&use=l&cat=p&typeid=i","cat":284908},{"id":232841,"n":"Porc au cidre Paysan Breton 300g","p":3.38,"u":"11,27 €/KG","img":"https://fd13-photos.leclercdrive.fr/image.ashx?id=2750288&use=l&cat=p&typeid=i","cat":284953},{"id":232842,"n":"Saucisse au chou Paysan Breton  300g","p":3.39,"u":"11,30 €/KG","img":"https://fd13-photos.leclercdrive.fr/image.ashx?id=2750294&use=l&cat=p&typeid=i","cat":284953},{"id":232843,"n":"Porc paysanne Paysan Breton 300g","p":3.34,"u":"11,13 €/KG","img":"https://fd13-photos.leclercdrive.fr/image.ashx?id=2750291&use=l&cat=p&typeid=i","cat":284953},{"id":232949,"n":"Cottage cheese Danone Nature x2 - 360g","p":3.89,"u":"10,81 €/KG","img":"https://fd13-photos.leclercdrive.fr/image.ashx?id=2915694&use=l&cat=p&typeid=i","cat":314029},{"id":232953,"n":"Gel douche Sanex Huile surgras - 250ml","p":3.25,"u":"13,00 €/L","img":"https://fd13-photos.leclercdrive.fr/image.ashx?id=2751390&use=l&cat=p&typeid=i","cat":284594},{"id":232961,"n":"Gel douche Sanex Zéro% Sensitive Pompe - 700ml","p":5.67,"u":"8,10 €/L","img":"https://fd13-photos.leclercdrive.fr/image.ashx?id=2751384&use=l&cat=p&typeid=i","cat":284594},{"id":232964,"n":"Gel douche enfant Sanex Zéro % Pompe - 700ml","p":5.01,"u":"7,16 €/L","img":"https://fd13-photos.leclercdrive.fr/image.ashx?id=2751381&use=l&cat=p&typeid=i","cat":284594},{"id":232969,"n":"Gel douche Sanex Essentials Zéro% - Peau sensibles - 475ml","p":4.59,"u":"9,66 €/L","img":"https://fd13-photos.leclercdrive.fr/image.ashx?id=2751375&use=l&cat=p&typeid=i","cat":284594},{"id":232974,"n":"Gel massage Intimy Pomme d'amour - 200ml","p":6.8,"u":"34,00 €/L","img":"https://fd13-photos.leclercdrive.fr/image.ashx?id=2751012&use=l&cat=p&typeid=i","cat":285160},{"id":232979,"n":"Bougie Glade Aromatherapy  Orange & Néroli - x1","p":5.7,"img":"https://fd13-photos.leclercdrive.fr/image.ashx?id=2867725&use=l&cat=p&typeid=i","cat":284666},{"id":232982,"n":"Bougie Glade Vanille - 112g","p":3.29,"img":"https://fd13-photos.leclercdrive.fr/image.ashx?id=2751285&use=l&cat=p&typeid=i","cat":284666},{"id":232985,"n":"Bougie Glade Honey & Chocolate - x1","p":3.29,"img":"https://fd13-photos.leclercdrive.fr/image.ashx?id=2865437&use=l&cat=p&typeid=i","cat":284666},{"id":232986,"n":"Bougie Glade Anti-tabac - 112g","p":3.29,"img":"https://fd13-photos.leclercdrive.fr/image.ashx?id=2751276&use=l&cat=p&typeid=i","cat":284666},{"id":232989,"n":"Spray nettoyant Cillit Bang  Expert Dégraissant - 750ml","p":3.19,"img":"https://fd13-photos.leclercdrive.fr/image.ashx?id=2751222&use=l&cat=p&typeid=i","cat":325357},{"id":232991,"n":"Déodorant Eco+ Floral - 200ml","p":0.87,"u":"4,35 €/L","img":"https://fd13-photos.leclercdrive.fr/image.ashx?id=2750270&use=l&cat=p&typeid=i","cat":284595},{"id":232994,"n":"Gel Lubrifiant Intime Intimy Fleur de coton - 70ml","p":4.85,"u":"69,29 €/L","img":"https://fd13-photos.leclercdrive.fr/image.ashx?id=2774957&use=l&cat=p&typeid=i","cat":285160},{"id":232996,"n":"Lotion anti-poux Marie Rose Extra forte - 200ml","p":15.05,"u":"75,25 €/L","img":"https://fd13-photos.leclercdrive.fr/image.ashx?id=2751009&use=l&cat=p&typeid=i","cat":299654},{"id":233001,"n":"Gel Lubrifiant Durex Naturel Hydratant - 100ML","p":8.52,"u":"85,20 €/L","img":"https://fd13-photos.leclercdrive.fr/image.ashx?id=2962026&use=l&cat=p&typeid=i","cat":285160},{"id":233005,"n":"Microfibre Eco+ Multi-usage - x3","p":1.37,"img":"https://fd13-photos.leclercdrive.fr/image.ashx?id=2750273&use=l&cat=p&typeid=i","cat":298252},{"id":233040,"n":"Collant Beauty resist Dim Semi-opaque - Noir - T1","p":5.3,"img":"https://fd13-photos.leclercdrive.fr/image.ashx?id=3002120&use=l&cat=p&typeid=i","cat":334130},{"id":233041,"n":"Collant Beauty resist Dim Semi-opaque - Noir - T2","p":5.3,"img":"https://fd13-photos.leclercdrive.fr/image.ashx?id=3002123&use=l&cat=p&typeid=i","cat":334130},{"id":233042,"n":"Collant Beauty resist Dim Semi-opaque - Noir - T3","p":5.3,"img":"https://fd13-photos.leclercdrive.fr/image.ashx?id=3002126&use=l&cat=p&typeid=i","cat":334130},{"id":233045,"n":"Collant Beauty resist Dim Semi-opaque - Noir - T4","p":5.3,"img":"https://fd13-photos.leclercdrive.fr/image.ashx?id=2753160&use=l&cat=p&typeid=i","cat":334130},{"id":233050,"n":"Collant Body touch Dim Ventre plat - Noir - T1","p":8.9,"img":"https://fd13-photos.leclercdrive.fr/image.ashx?id=3001994&use=l&cat=p&typeid=i","cat":334130},{"id":233051,"n":"Collant Body Touch Dim Ventre plat - Noir - T2","p":8.9,"img":"https://fd13-photos.leclercdrive.fr/image.ashx?id=3003152&use=l&cat=p&typeid=i","cat":334130},{"id":233053,"n":"Collant Body Touch Dim Ventre plat - Noir - T3","p":8.9,"img":"https://fd13-photos.leclercdrive.fr/image.ashx?id=3002000&use=l&cat=p&typeid=i","cat":334130},{"id":233055,"n":"Collant Body Touch Dim Ventre plat - Noir - T4","p":8.9,"img":"https://fd13-photos.leclercdrive.fr/image.ashx?id=3002003&use=l&cat=p&typeid=i","cat":334130},{"id":233102,"n":"Dentifrice Sensodyne Soin complet - 2x75ml","p":7.55,"u":"50,33 €/L","img":"https://fd13-photos.leclercdrive.fr/image.ashx?id=2805186&use=l&cat=p&typeid=i","cat":284612},{"id":233103,"n":"Dentifrice Sensodyne Soin blancheur - 2x75ml","p":7.55,"u":"50,33 €/L","img":"https://fd13-photos.leclercdrive.fr/image.ashx?id=2829928&use=l&cat=p&typeid=i","cat":284612},{"id":233104,"n":"Dentifrice Sensodyne Soin Gencives - 2x75ml","p":7.45,"u":"49,67 €/L","img":"https://fd13-photos.leclercdrive.fr/image.ashx?id=2829934&use=l&cat=p&typeid=i","cat":284612},{"id":233137,"n":"Masque cheveux Fructis Réparateur - Papaye - 320ml","p":5.91,"u":"18,47 €/L","img":"https://fd13-photos.leclercdrive.fr/image.ashx?id=2754036&use=l&cat=p&typeid=i","cat":284608},{"id":233151,"n":"Masque cheveux fructis Nourrissant - Banana - 320ml","p":5.91,"u":"18,47 €/L","img":"https://fd13-photos.leclercdrive.fr/image.ashx?id=2754042&use=l&cat=p&typeid=i","cat":284608},{"id":233153,"n":"Masque cheveux Fructis Nutrition Beurre de cacao 320ml","p":5.96,"u":"18,63 €/L","img":"https://fd13-photos.leclercdrive.fr/image.ashx?id=2788763&use=l&cat=p&typeid=i","cat":284608},{"id":233154,"n":"Masque cheveux Fructis Hydratant - Aloe Vera - 320ml","p":5.8,"u":"18,13 €/L","img":"https://fd13-photos.leclercdrive.fr/image.ashx?id=2754048&use=l&cat=p&typeid=i","cat":284608},{"id":233280,"n":"Nouilles Tables du Monde Boeuf - 3x65g","p":1.25,"u":"6,41 €/KG","img":"https://fd13-photos.leclercdrive.fr/image.ashx?id=2752545&use=l&cat=p&typeid=i","cat":288992},{"id":233284,"n":"Bougie romantique Glade Vanille  blossom Longue durée","p":6.29,"img":"https://fd13-photos.leclercdrive.fr/image.ashx?id=2753226&use=l&cat=p&typeid=i","cat":284666},{"id":233317,"n":"Bière ambrée Fischer Dorelei 66cl","p":2.72,"u":"4,12 €/L","img":"https://fd13-photos.leclercdrive.fr/image.ashx?id=3008131&use=l&cat=p&typeid=i","cat":334852},{"id":233405,"n":"Emmental Entremont  Tendre Meule - 160g","p":2.13,"u":"13,31 €/KG","img":"https://fd13-photos.leclercdrive.fr/image.ashx?id=2983135&use=l&cat=p&typeid=i","cat":314034},{"id":233443,"n":"Escalopes de dinde Eco+ x5 - 600g","p":5.98,"u":"9,97 €/KG","img":"https://fd13-photos.leclercdrive.fr/image.ashx?id=2759187&use=l&cat=p&typeid=i","cat":284337},{"id":233453,"n":"Oeufs Fraîcheur Coque Matines Gros et très gros x10","p":2.62,"u":"0,26 €/P","img":"https://fd13-photos.leclercdrive.fr/image.ashx?id=2796243&use=l&cat=p&typeid=i","cat":284378},{"id":233473,"n":"Bière blonde Leffe Prestige 124 8,5% - 75cl","p":3.32,"u":"4,43 €/L","img":"https://fd13-photos.leclercdrive.fr/image.ashx?id=2755816&use=l&cat=p&typeid=i","cat":334852},{"id":233480,"n":"Fromage à tartiner Madame Loïk 9x20g","p":1.87,"u":"10,39 €/KG","img":"https://fd13-photos.leclercdrive.fr/image.ashx?id=2945562&use=l&cat=p&typeid=i","cat":314029},{"id":233493,"n":"Concombre Noa 1p","p":1.29,"img":"https://fd13-photos.leclercdrive.fr/image.ashx?id=2115890&use=l&cat=p&typeid=i","cat":284352},{"id":233612,"n":"Thé glacé Lipton Ice Tea Pêche - 5x1.25L + 1 offerte","p":7.35,"u":"29,40 €/L","img":"https://fd13-photos.leclercdrive.fr/image.ashx?id=2921100&use=l&cat=p&typeid=i","cat":295019},{"id":233623,"n":"Baume corps Le Petit Marseillais - Monoï - 380ml","p":7.09,"u":"18,66 €/L","img":"https://fd13-photos.leclercdrive.fr/image.ashx?id=2908171&use=l&cat=p&typeid=i","cat":325350},{"id":233624,"n":"Baume corps Le Petit Marseillais - Coco - 380ml","p":6.03,"u":"15,87 €/L","img":"https://fd13-photos.leclercdrive.fr/image.ashx?id=2758105&use=l&cat=p&typeid=i","cat":325350},{"id":233625,"n":"Gommage corps Le Petit Marseillais - Coco - 150ml","p":4.41,"u":"29,40 €/L","img":"https://fd13-photos.leclercdrive.fr/image.ashx?id=2758108&use=l&cat=p&typeid=i","cat":325375},{"id":233626,"n":"Spray démêlant Le Petit Marseillais Pamplemousse 200ml","p":3.67,"u":"18,35 €/L","img":"https://fd13-photos.leclercdrive.fr/image.ashx?id=2758099&use=l&cat=p&typeid=i","cat":284608},{"id":233627,"n":"Gel douche Le Petit Marseillais Verveine Bio & citron Bio 650ml","p":3.79,"u":"5,83 €/L","img":"https://fd13-photos.leclercdrive.fr/image.ashx?id=2758114&use=l&cat=p&typeid=i","cat":284594},{"id":233628,"n":"Gel douche Le Petit Marseillais Pin & Criste marine Bio 650ml","p":4.23,"u":"6,51 €/L","img":"https://fd13-photos.leclercdrive.fr/image.ashx?id=2758117&use=l&cat=p&typeid=i","cat":284594},{"id":233629,"n":"Shampooing Le Petit Marseillais Force & éclat - 300ml","p":1.86,"u":"6,20 €/L","img":"https://fd13-photos.leclercdrive.fr/image.ashx?id=2758090&use=l&cat=p&typeid=i","cat":284606},{"id":233631,"n":"Shampooing Le Petit Marseillais Purifiant - 300ml","p":1.86,"u":"6,20 €/L","img":"https://fd13-photos.leclercdrive.fr/image.ashx?id=2758096&use=l&cat=p&typeid=i","cat":284606},{"id":233632,"n":"Shampooing Le Petit Marseillais Douceur & éclat - 300ml","p":2.47,"u":"8,23 €/MT","img":"https://fd13-photos.leclercdrive.fr/image.ashx?id=2758111&use=l&cat=p&typeid=i","cat":284606},{"id":233644,"n":"Escalopes de dinde Eco+ x2 - 240g","p":2.99,"u":"12,46 €/KG","img":"https://fd13-photos.leclercdrive.fr/image.ashx?id=2764797&use=l&cat=p&typeid=i","cat":284337},{"id":233645,"n":"Café Soluble Starbucks Caramel Latte 5 sticks - 115g","p":2.51,"u":"21,83 €/KG","img":"https://fd13-photos.leclercdrive.fr/image.ashx?id=2766099&use=l&cat=p&typeid=i","cat":284843},{"id":233646,"n":"Café Soluble Starbucks White Mocha 5 sticks - 120g","p":2.98,"u":"24,83 €/KG","img":"https://fd13-photos.leclercdrive.fr/image.ashx?id=2758463&use=l&cat=p&typeid=i","cat":284843},{"id":233648,"n":"Capsules Starbucks by Nespresso  Blonde Décaféiné Int 6 - x10","p":3.16,"u":"0,32 €/P","img":"https://fd13-photos.leclercdrive.fr/image.ashx?id=2758469&use=l&cat=p&typeid=i","cat":284749},{"id":233661,"n":"Belvita moelleux multi céréales x5 250g","p":2.39,"u":"9,56 €/KG","img":"https://fd13-photos.leclercdrive.fr/image.ashx?id=2914771&use=l&cat=p&typeid=i","cat":285281},{"id":233662,"n":"Granola barre extra cookie  x10 280g","p":3.3,"u":"11,79 €/KG","img":"https://fd13-photos.leclercdrive.fr/image.ashx?id=2758604&use=l&cat=p&typeid=i","cat":284488},{"id":233664,"n":"Biscuits feuilletés dorés LU 125g","p":1.04,"u":"8,32 €/KG","img":"https://fd13-photos.leclercdrive.fr/image.ashx?id=2880294&use=l&cat=p&typeid=i","cat":284490},{"id":233696,"n":"Gaufres Brioche Pasquier aux  Perles de sucre x6 -240g","p":2.6,"u":"10,83 €/KG","img":"https://fd13-photos.leclercdrive.fr/image.ashx?id=2858633&use=l&cat=p&typeid=i","cat":294777},{"id":233716,"n":"Nectar Pauline pomme fraise - 75cl","p":3.35,"u":"4,47 €/L","img":"https://fd13-photos.leclercdrive.fr/image.ashx?id=2761247&use=l&cat=p&typeid=i","cat":284522},{"id":233729,"n":"Lessive liquide Skip Cycle  Court Efficacité Express x54","p":13.89,"u":"6,43 €/L","img":"https://fd13-photos.leclercdrive.fr/image.ashx?id=2843553&use=l&cat=p&typeid=i","cat":284640},{"id":233730,"n":"Lessive liquide Skip Cycle Court Couleur Protect x54","p":13.89,"u":"6,43 €/L","img":"https://fd13-photos.leclercdrive.fr/image.ashx?id=2842168&use=l&cat=p&typeid=i","cat":284640},{"id":233731,"n":"Lessive liquide Skip Cycle  Court Odeur Control x54","p":13.89,"u":"6,43 €/L","img":"https://fd13-photos.leclercdrive.fr/image.ashx?id=2788253&use=l&cat=p&typeid=i","cat":284640},{"id":233746,"n":"Bâtonnets glace Ferrero Rondnoir x4 - 200g","p":3.63,"u":"18,15 €/KG","img":"https://fd13-photos.leclercdrive.fr/image.ashx?id=2807891&use=l&cat=p&typeid=i","cat":284265},{"id":233755,"n":"Infusion à froid Tiséa  Pêche x15 - 33g","p":1.89,"u":"57,27 €/KG","img":"https://fd13-photos.leclercdrive.fr/image.ashx?id=2929888&use=l&cat=p&typeid=i","cat":293234},{"id":233756,"n":"Riz long grain Taureau Ailé Méditerranée - 800g","p":2.3,"u":"2,88 €/KG","img":"https://fd13-photos.leclercdrive.fr/image.ashx?id=2866801&use=l&cat=p&typeid=i","cat":284428},{"id":233874,"n":"Boisson Alpro café avoine 750ml","p":1.86,"u":"2,48 €/L","img":"https://fd13-photos.leclercdrive.fr/image.ashx?id=2975416&use=l&cat=p&typeid=i","cat":313736},{"id":233886,"n":"Dosettes café Senseo Cappuccino x8","p":3.22,"u":"35,00 €/KG","img":"https://fd13-photos.leclercdrive.fr/image.ashx?id=2760187&use=l&cat=p&typeid=i","cat":293238},{"id":233920,"n":"Os Vitakraft Calcium Poulet  Pure Bonas","p":2.54,"img":"https://fd13-photos.leclercdrive.fr/image.ashx?id=2851255&use=l&cat=p&typeid=i","cat":294527},{"id":233946,"n":"Lessive capsules Omo Monoï - 3en1 - x29 - 502g","p":9.84,"u":"19,60 €/KG","img":"https://fd13-photos.leclercdrive.fr/image.ashx?id=2841607&use=l&cat=p&typeid=i","cat":284641},{"id":233947,"n":"Lessive capsules 3en1 Omo Rose & Lilas Blanc - 502g x29","p":9.87,"u":"19,66 €/KG","img":"https://fd13-photos.leclercdrive.fr/image.ashx?id=2841610&use=l&cat=p&typeid=i","cat":284641},{"id":233949,"n":"Lessive capsules 3en1 Omo Lavande & Patchouli - x29 502g","p":9.84,"u":"19,60 €/KG","img":"https://fd13-photos.leclercdrive.fr/image.ashx?id=2832599&use=l&cat=p&typeid=i","cat":284641},{"id":233950,"n":"Lessive capsules 3en1 Omo Jasmin fleur de coton 502g x29","p":9.86,"u":"19,64 €/KG","img":"https://fd13-photos.leclercdrive.fr/image.ashx?id=2841613&use=l&cat=p&typeid=i","cat":284641},{"id":233953,"n":"Lessive liquide Skip Cycle  Court Efficacité Express x37","p":10.29,"u":"6,95 €/L","img":"https://fd13-photos.leclercdrive.fr/image.ashx?id=2910240&use=l&cat=p&typeid=i","cat":284640},{"id":233955,"n":"Lessive liquide Skip Cycle Court Odeur Control x37","p":10.52,"u":"7,11 €/L","img":"https://fd13-photos.leclercdrive.fr/image.ashx?id=2927735&use=l&cat=p&typeid=i","cat":284640},{"id":233956,"n":"Lessive liquide Omo Rose & Lilas Blanc - 1.76L","p":8.86,"u":"5,02 €/L","img":"https://fd13-photos.leclercdrive.fr/image.ashx?id=2818208&use=l&cat=p&typeid=i","cat":284640},{"id":233961,"n":"Lessive liquide Omo Jasmin & Fleur de coton 1.764L x42","p":8.86,"u":"5,02 €/L","img":"https://fd13-photos.leclercdrive.fr/image.ashx?id=2841616&use=l&cat=p&typeid=i","cat":284640},{"id":233963,"n":"Lessive liquide Skip Cycle Court Couleur Protect x37","p":10.28,"u":"6,95 €/L","img":"https://fd13-photos.leclercdrive.fr/image.ashx?id=2910246&use=l&cat=p&typeid=i","cat":284640},{"id":233984,"n":"Nouilles instantanées Daisuki Curry Pirikara - 61g","p":1.79,"u":"29,34 €/KG","img":"https://fd13-photos.leclercdrive.fr/image.ashx?id=2762007&use=l&cat=p&typeid=i","cat":288992},{"id":233985,"n":"Nouilles instantanées Daisuki Boeuf Gyudon - 60g","p":1.41,"u":"23,50 €/KG","img":"https://fd13-photos.leclercdrive.fr/image.ashx?id=2762004&use=l&cat=p&typeid=i","cat":288992},{"id":234019,"n":"Bol nouilles instantanées  Daisuki - Poulet Teriyaki 60g","p":1.41,"u":"23,50 €/KG","img":"https://fd13-photos.leclercdrive.fr/image.ashx?id=2762001&use=l&cat=p&typeid=i","cat":288992},{"id":234147,"n":"Mascara Maybelline  Fire Work Sensationnal - x1","p":8.95,"pp":5.91,"img":"https://fd13-photos.leclercdrive.fr/image.ashx?id=2826459&use=l&cat=p&typeid=i","cat":287029},{"id":234149,"n":"Crème de douche Cadum Hypoallergenic - 750ml","p":4.59,"u":"6,12 €/L","img":"https://fd13-photos.leclercdrive.fr/image.ashx?id=2802515&use=l&cat=p&typeid=i","cat":284594},{"id":234150,"n":"Crème de douche Cadum Douceur velours - 450ml","p":3.02,"u":"6,71 €/L","img":"https://fd13-photos.leclercdrive.fr/image.ashx?id=2802518&use=l&cat=p&typeid=i","cat":284594},{"id":234151,"n":"Déodorant bille Narta  Resixyl 72h - 50ml","p":4.36,"u":"87,20 €/L","img":"https://fd13-photos.leclercdrive.fr/image.ashx?id=2769017&use=l&cat=p&typeid=i","cat":284595},{"id":234152,"n":"Déodorant bille Ushuaïa Monoï & tiaré - 50ml","p":2.74,"u":"54,80 €/L","img":"https://fd13-photos.leclercdrive.fr/image.ashx?id=2769020&use=l&cat=p&typeid=i","cat":284595},{"id":234155,"n":"Déodorant bille femme Ushuaïa Grenade açores - 50ml","p":2.74,"u":"54,80 €/L","img":"https://fd13-photos.leclercdrive.fr/image.ashx?id=2789092&use=l&cat=p&typeid=i","cat":284595},{"id":234156,"n":"Déodorant bille Ushuaïa Vanille - 50ml","p":2.74,"u":"54,80 €/L","img":"https://fd13-photos.leclercdrive.fr/image.ashx?id=2769023&use=l&cat=p&typeid=i","cat":284595},{"id":234157,"n":"Déodorant spray Ushuaïa Grenade - 200ml","p":2.74,"u":"13,70 €/L","img":"https://fd13-photos.leclercdrive.fr/image.ashx?id=2769026&use=l&cat=p&typeid=i","cat":284595},{"id":234158,"n":"Déodorant spray Ushuaïa Orchidée - 200ml","p":2.74,"u":"13,70 €/L","img":"https://fd13-photos.leclercdrive.fr/image.ashx?id=2769029&use=l&cat=p&typeid=i","cat":284595},{"id":234159,"n":"Déodorant spray Ushuaïa Vanille - 200ml","p":2.74,"u":"13,70 €/L","img":"https://fd13-photos.leclercdrive.fr/image.ashx?id=2769032&use=l&cat=p&typeid=i","cat":284595},{"id":234163,"n":"Déodorant compressé Narta Resixyl Physio - 100ml","p":4.49,"u":"44,90 €/L","img":"https://fd13-photos.leclercdrive.fr/image.ashx?id=2778401&use=l&cat=p&typeid=i","cat":284595},{"id":234164,"n":"Déodorant compressé homme Narta Resixyl Physio - 100ml","p":4.6,"u":"46,00 €/L","img":"https://fd13-photos.leclercdrive.fr/image.ashx?id=2769041&use=l&cat=p&typeid=i","cat":284596},{"id":234166,"n":"Déodorant spray homme Narta Resixyl Physio - 200ml","p":4.95,"u":"24,75 €/L","img":"https://fd13-photos.leclercdrive.fr/image.ashx?id=2769044&use=l&cat=p&typeid=i","cat":284596},{"id":234168,"n":"Déodorant bille homme Narta Resixyl Physio - 50ml","p":4.36,"u":"87,20 €/L","img":"https://fd13-photos.leclercdrive.fr/image.ashx?id=2769035&use=l&cat=p&typeid=i","cat":284596},{"id":234254,"n":"Nectar de mangue Pauline - 75cl","p":2.99,"u":"3,99 €/L","img":"https://fd13-photos.leclercdrive.fr/image.ashx?id=2772011&use=l&cat=p&typeid=i","cat":284916},{"id":234268,"n":"Haricots verts d'aucy  Cuisson vapeur - 4/4","p":2.84,"u":"6,24 €/KG","img":"https://fd13-photos.leclercdrive.fr/image.ashx?id=2763085&use=l&cat=p&typeid=i","cat":312606},{"id":234274,"n":"Aérosol Glade huile essentielle  jasmin et bois santal 300ml","p":1.99,"u":"6,63 €/L","img":"https://fd13-photos.leclercdrive.fr/image.ashx?id=2763685&use=l&cat=p&typeid=i","cat":311626},{"id":234281,"n":"Gel parfumé Glade huiles essentielles - Lavande 150g","p":1.53,"u":"10,20 €/KG","img":"https://fd13-photos.leclercdrive.fr/image.ashx?id=2763748&use=l&cat=p&typeid=i","cat":311628},{"id":234290,"n":"KINDER Surprise PLAYMOBIL Chocolat au lait - 3x20g","p":3.09,"u":"51,50 €/KG","img":"https://fd13-photos.leclercdrive.fr/image.ashx?id=2948495&use=l&cat=p&typeid=i","cat":284958},{"id":234370,"n":"Cornichons Croq'Vert  Amora Extra-fins aux épices 210g","p":1.9,"u":"9,05 €/KG","img":"https://fd13-photos.leclercdrive.fr/image.ashx?id=2770671&use=l&cat=p&typeid=i","cat":284458},{"id":234375,"n":"Nouilles Tables du Monde Poulet - 3x65g","p":1.39,"u":"7,13 €/KG","img":"https://fd13-photos.leclercdrive.fr/image.ashx?id=2763045&use=l&cat=p&typeid=i","cat":288992},{"id":234378,"n":"Bâtonnets Magnum Wonder Chocolat blanc caramélisé 208g","p":2.89,"u":"13,89 €/KG","img":"https://fd13-photos.leclercdrive.fr/image.ashx?id=2764044&use=l&cat=p&typeid=i","cat":284265},{"id":234379,"n":"Bâtonnets Magnum Euphoria Pink limonade x3 - 208g","p":2.71,"u":"13,03 €/KG","img":"https://fd13-photos.leclercdrive.fr/image.ashx?id=2788121&use=l&cat=p&typeid=i","cat":284265},{"id":234477,"n":"Chips Bret's Rôtisserie 120g","p":2.3,"u":"19,17 €/KG","img":"https://fd13-photos.leclercdrive.fr/image.ashx?id=2765222&use=l&cat=p&typeid=i","cat":284447},{"id":234507,"n":"Café froid Nescafé Latte  Expresso - 240ml","p":1.59,"u":"6,63 €/L","img":"https://fd13-photos.leclercdrive.fr/image.ashx?id=2980149&use=l&cat=p&typeid=i","cat":295246},{"id":234520,"n":"Boisson tropical Jafun 1.5L","p":1.59,"u":"1,06 €/L","img":"https://fd13-photos.leclercdrive.fr/image.ashx?id=2997967&use=l&cat=p&typeid=i","cat":295018},{"id":234597,"n":"Glaces Twister Mini Tropical 8 bâtonnets - 348g","p":3.28,"u":"9,43 €/KG","img":"https://fd13-photos.leclercdrive.fr/image.ashx?id=3009317&use=l&cat=p&typeid=i","cat":285250},{"id":234598,"n":"Glaces Twister Mini Ananas Fraise Citron 8 bâtonnets 312g","p":3.28,"u":"10,51 €/KG","img":"https://fd13-photos.leclercdrive.fr/image.ashx?id=3009281&use=l&cat=p&typeid=i","cat":285250},{"id":234703,"n":"Poivre noir grains Ducros Mélange d'origines - 38g","p":2.8,"u":"73,68 €/KG","img":"https://fd13-photos.leclercdrive.fr/image.ashx?id=2767111&use=l&cat=p&typeid=i","cat":284457},{"id":234745,"n":"Thon entier Rio Mare  filet d'huile d'olive - 120g","p":3.29,"u":"27,42 €/KG","img":"https://fd13-photos.leclercdrive.fr/image.ashx?id=2767240&use=l&cat=p&typeid=i","cat":303867},{"id":234760,"n":"AOP Muscat du Ventoux Raisin Nos Régions ont du Talent 500g","p":4.99,"u":"9,98 €/KG","img":"https://fd13-photos.leclercdrive.fr/image.ashx?id=2931874&use=l&cat=p&typeid=i","cat":284356},{"id":234860,"n":"Fromage Mini Caprice Des Dieux Filet de 4 Portions - 200g","p":3.23,"u":"16,15 €/KG","img":"https://fd13-photos.leclercdrive.fr/image.ashx?id=2768933&use=l&cat=p&typeid=i","cat":314033},{"id":234865,"n":"Curry de poulet  Tables du Monde - 900g","p":5.33,"u":"5,92 €/KG","img":"https://fd13-photos.leclercdrive.fr/image.ashx?id=2768481&use=l&cat=p&typeid=i","cat":284254},{"id":234867,"n":"Mini nems au porc Tables du Monde x8 - 240g","p":2.82,"u":"11,75 €/KG","img":"https://fd13-photos.leclercdrive.fr/image.ashx?id=2768487&use=l&cat=p&typeid=i","cat":319774},{"id":234875,"n":"Purée de tomates Heinz x 3 - 212g","p":1.88,"u":"2,96 €/KG","img":"https://fd13-photos.leclercdrive.fr/image.ashx?id=2927004&use=l&cat=p&typeid=i","cat":288384},{"id":234959,"n":"Croissants prêts à cuire Eco+ x20 - 1.1kg","p":5.7,"u":"5,18 €/KG","img":"https://fd13-photos.leclercdrive.fr/image.ashx?id=2770286&use=l&cat=p&typeid=i","cat":284267},{"id":234960,"n":"Pains au chocolat Eco+ x20 - 1.2kg","p":5.99,"u":"4,99 €/KG","img":"https://fd13-photos.leclercdrive.fr/image.ashx?id=2770289&use=l&cat=p&typeid=i","cat":284267},{"id":235016,"n":"Chocolats  Lucky Monkey Lindt Céréales - 100g","p":2.73,"u":"27,30 €/KG","img":"https://fd13-photos.leclercdrive.fr/image.ashx?id=2773068&use=l&cat=p&typeid=i","cat":284497},{"id":235068,"n":"Repas bébé Blédichef 15 mois Lasagne bolognaise -230g","p":2.56,"u":"11,13 €/KG","img":"https://fd13-photos.leclercdrive.fr/image.ashx?id=2975098&use=l&cat=p&typeid=i","cat":312238},{"id":235071,"n":"Aubergines compotées & blé  Cassegrain - 375g","p":3.46,"u":"9,23 €/KG","img":"https://fd13-photos.leclercdrive.fr/image.ashx?id=2970840&use=l&cat=p&typeid=i","cat":312612},{"id":235078,"n":"Repas bébé Blédichef 15 mois Carottes lentilles corail -200g","p":2.28,"u":"11,40 €/KG","img":"https://fd13-photos.leclercdrive.fr/image.ashx?id=2866304&use=l&cat=p&typeid=i","cat":312238},{"id":235080,"n":"Plat cuisiné William Saurin  Blanquette volaille - 320g","p":3.8,"u":"11,88 €/KG","img":"https://fd13-photos.leclercdrive.fr/image.ashx?id=2966017&use=l&cat=p&typeid=i","cat":284953},{"id":235081,"n":"Plat cuisiné William Saurin Trio gourmand boeuf - 320g","p":3.84,"u":"12,00 €/KG","img":"https://fd13-photos.leclercdrive.fr/image.ashx?id=2986386&use=l&cat=p&typeid=i","cat":284953},{"id":235083,"n":"Plat cuisiné William Saurin Trio gourmand poulet pesto 320g","p":3.85,"u":"12,03 €/KG","img":"https://fd13-photos.leclercdrive.fr/image.ashx?id=2986383&use=l&cat=p&typeid=i","cat":284953},{"id":235084,"n":"Plat cuisiné William Saurin Trio gourmand 320g","p":3.82,"u":"11,94 €/KG","img":"https://fd13-photos.leclercdrive.fr/image.ashx?id=2986380&use=l&cat=p&typeid=i","cat":284953},{"id":235127,"n":"Biscuits parmesan poivre Savour 100g","p":1.85,"u":"18,50 €/KG","img":"https://fd13-photos.leclercdrive.fr/image.ashx?id=2791048&use=l&cat=p&typeid=i","cat":297000},{"id":235132,"n":"Meule de Savoie Nos Régions ont du Talent 200g","p":2.99,"u":"14,95 €/KG","img":"https://fd13-photos.leclercdrive.fr/image.ashx?id=2775706&use=l&cat=p&typeid=i","cat":329184},{"id":235133,"n":"Cabécou du Périgord NRT - 3x35g","p":2.19,"u":"20,86 €/KG","img":"https://fd13-photos.leclercdrive.fr/image.ashx?id=2788984&use=l&cat=p&typeid=i","cat":314031},{"id":235240,"n":"Pâte à tartiner Andros Be Nut's Beurre cacahuète crémeux - 525g","p":4.98,"u":"9,49 €/KG","img":"https://fd13-photos.leclercdrive.fr/image.ashx?id=2985357&use=l&cat=p&typeid=i","cat":284481},{"id":235243,"n":"Pate à tartiner Bonne Maman Cacahuète et cacao - 350g","p":3.38,"u":"9,66 €/KG","img":"https://fd13-photos.leclercdrive.fr/image.ashx?id=2986663&use=l&cat=p&typeid=i","cat":284481},{"id":235247,"n":"M&M's Peanut x5 180g","p":1.97,"u":"10,94 €/KG","img":"https://fd13-photos.leclercdrive.fr/image.ashx?id=3009011&use=l&cat=p&typeid=i","cat":304238},{"id":235260,"n":"Pâte Lotus Biscoff Speculoos Creamy - 410g","p":3.73,"u":"9,10 €/KG","img":"https://fd13-photos.leclercdrive.fr/image.ashx?id=2776208&use=l&cat=p&typeid=i","cat":284481},{"id":235328,"n":"Sauce Tomacouli Panzani  Basilic - 2x200g","p":1.87,"u":"4,68 €/KG","img":"https://fd13-photos.leclercdrive.fr/image.ashx?id=2890607&use=l&cat=p&typeid=i","cat":288384},{"id":235349,"n":"Sucre glace Daddy 500g","p":1.75,"u":"3,50 €/KG","img":"https://fd13-photos.leclercdrive.fr/image.ashx?id=2975864&use=l&cat=p&typeid=i","cat":284502},{"id":235350,"n":"Apéritif Apérol 70cl","p":12.48,"u":"17,83 €/L","img":"https://fd13-photos.leclercdrive.fr/image.ashx?id=2812022&use=l&cat=p&typeid=i","cat":286032},{"id":235364,"n":"Friandises chat Whiskas  Poulet et fromage - 60g","p":1.13,"u":"18,83 €/KG","img":"https://fd13-photos.leclercdrive.fr/image.ashx?id=2976851&use=l&cat=p&typeid=i","cat":285285},{"id":235365,"n":"Friandises chat Whiskas saveur Saumon maxi pack -180g","p":2.99,"u":"16,61 €/KG","img":"https://fd13-photos.leclercdrive.fr/image.ashx?id=2944963&use=l&cat=p&typeid=i","cat":285285},{"id":235369,"n":"Friandises chat Whiskas saveur  Poulet et fromage -180g","p":3.02,"u":"16,78 €/KG","img":"https://fd13-photos.leclercdrive.fr/image.ashx?id=2944966&use=l&cat=p&typeid=i","cat":285285},{"id":235404,"n":"Lait éveil croissance Lactel  système immunitaire - 6x1L","p":13.46,"u":"2,24 €/L","img":"https://fd13-photos.leclercdrive.fr/image.ashx?id=2776531&use=l&cat=p&typeid=i","cat":284728},{"id":235405,"n":"Friandises chat temptations Whiskas saveur saumon - 60g","p":1.11,"u":"18,50 €/KG","img":"https://fd13-photos.leclercdrive.fr/image.ashx?id=2976854&use=l&cat=p&typeid=i","cat":285285},{"id":235413,"n":"Tube harissa El Manar  - 140g","p":0.82,"u":"5,86 €/KG","img":"https://fd13-photos.leclercdrive.fr/image.ashx?id=2776552&use=l&cat=p&typeid=i","cat":289013},{"id":235414,"n":"Lait en poudre Modilac Actigest LF+1 Bébé 0-6 mois - 800g","p":20.38,"u":"25,48 €/KG","img":"https://fd13-photos.leclercdrive.fr/image.ashx?id=2981184&use=l&cat=p&typeid=i","cat":284726},{"id":235420,"n":"Lait en poudre Modilac Actigest LF+1 Bébé 2ème âge - 800g","p":18.71,"u":"23,39 €/KG","img":"https://fd13-photos.leclercdrive.fr/image.ashx?id=2981181&use=l&cat=p&typeid=i","cat":284727},{"id":235459,"n":"Goûter moelleux Tendrissime Cacao Noisette x8 - 264g","p":3.06,"u":"11,59 €/KG","img":"https://fd13-photos.leclercdrive.fr/image.ashx?id=2962461&use=l&cat=p&typeid=i","cat":284495},{"id":235547,"n":"Bière blonde IPA Brooklyn Pulp Art 6° - 50cl canette","p":2.13,"u":"4,26 €/L","img":"https://fd13-photos.leclercdrive.fr/image.ashx?id=2779390&use=l&cat=p&typeid=i","cat":334853},{"id":235636,"n":"Capsules lave-vaisselle Finish Quantum Citron - x46 - 478g","p":10.43,"u":"21,82 €/KG","img":"https://fd13-photos.leclercdrive.fr/image.ashx?id=2780493&use=l&cat=p&typeid=i","cat":284656},{"id":235655,"n":"Cassonade Saint Louis Equitable - 650g","p":2.46,"u":"3,78 €/KG","img":"https://fd13-photos.leclercdrive.fr/image.ashx?id=2780214&use=l&cat=p&typeid=i","cat":284502},{"id":235685,"n":"Lait bébé en poudre Calisma Gallia Croissance 12 mois 830g","p":11.21,"u":"13,51 €/KG","img":"https://fd13-photos.leclercdrive.fr/image.ashx?id=2794274&use=l&cat=p&typeid=i","cat":290219},{"id":235710,"n":"Chapelure Tablier Blanc 400g","p":0.88,"u":"2,20 €/KG","img":"https://fd13-photos.leclercdrive.fr/image.ashx?id=2793335&use=l&cat=p&typeid=i","cat":288382},{"id":235786,"n":"Tablette lave-vaisselle Visior Tout-en-un - x45 - 765g","p":5.27,"u":"6,89 €/KG","img":"https://fd13-photos.leclercdrive.fr/image.ashx?id=2954902&use=l&cat=p&typeid=i","cat":284656},{"id":235793,"n":"Dentifrice Junior Signal Menthe douce - 6-13 ans 75ml","p":2.68,"u":"35,73 €/L","img":"https://fd13-photos.leclercdrive.fr/image.ashx?id=2993502&use=l&cat=p&typeid=i","cat":288898},{"id":235828,"n":"Sac poubelle  Elembal Rectangle coulissant - 40L x 20","p":2.99,"u":"0,15 €/P","img":"https://fd13-photos.leclercdrive.fr/image.ashx?id=2793338&use=l&cat=p&typeid=i","cat":285168},{"id":235838,"n":"Lessive capsules Skip Tout en 1 Odeur Control+ - 759.6g x36","p":19.36,"u":"25,47 €/KG","img":"https://fd13-photos.leclercdrive.fr/image.ashx?id=3000893&use=l&cat=p&typeid=i","cat":284641},{"id":235841,"n":"Lessive capsules Tout-en-1 Skip Skip - 506.4g x24","p":9.99,"u":"19,74 €/KG","img":"https://fd13-photos.leclercdrive.fr/image.ashx?id=2781756&use=l&cat=p&typeid=i","cat":284641},{"id":235861,"n":"Pack 2 cartouches Brita Filtrantes Maxtra Pro All-in-1","p":18.9,"img":"https://fd13-photos.leclercdrive.fr/image.ashx?id=2950549&use=l&cat=p&typeid=i","cat":334135},{"id":235863,"n":"Pack 4 cartouches Brita Filtrantes Maxtra Pro All-in-1","p":28.8,"img":"https://fd13-photos.leclercdrive.fr/image.ashx?id=2950552&use=l&cat=p&typeid=i","cat":334135},{"id":235864,"n":"Carafe filtrante Marella Brita Blanche - 2.4L - x1 recharge","p":21.8,"img":"https://fd13-photos.leclercdrive.fr/image.ashx?id=2878276&use=l&cat=p&typeid=i","cat":334135},{"id":235944,"n":"Compotée Bonne Maman Pêches - 590g","p":2.98,"u":"5,05 €/KG","img":"https://fd13-photos.leclercdrive.fr/image.ashx?id=2951866&use=l&cat=p&typeid=i","cat":284508},{"id":236050,"n":"Lait bébé en poudre Calisma Gallia Junior Dès 18 mois 830g","p":10.94,"u":"13,18 €/KG","img":"https://fd13-photos.leclercdrive.fr/image.ashx?id=2907860&use=l&cat=p&typeid=i","cat":290219},{"id":236096,"n":"Fromage Fouetté Saint Agur  130g","p":2.49,"u":"19,15 €/KG","img":"https://fd13-photos.leclercdrive.fr/image.ashx?id=2784818&use=l&cat=p&typeid=i","cat":314029},{"id":236122,"n":"Haché moelleux Férial x20 - 1.6kg","p":15.99,"u":"9,99 €/KG","img":"https://fd13-photos.leclercdrive.fr/image.ashx?id=2783797&use=l&cat=p&typeid=i","cat":319778},{"id":236236,"n":"Café en capsules Lavazza Tales of Roma x10 - 57g","p":3.66,"u":"64,21 €/KG","img":"https://fd13-photos.leclercdrive.fr/image.ashx?id=2919042&use=l&cat=p&typeid=i","cat":284749},{"id":236240,"n":"Café en capsules Lavazza Tales  of Napoli x10 - 55g","p":3.65,"u":"66,36 €/KG","img":"https://fd13-photos.leclercdrive.fr/image.ashx?id=2919039&use=l&cat=p&typeid=i","cat":284749},{"id":236243,"n":"Rôti de chapon farci Maître Coq Marrons - 700g","p":16.5,"u":"23,57 €/KG","img":"https://fd13-photos.leclercdrive.fr/image.ashx?id=2784776&use=l&cat=p&typeid=i","cat":327289},{"id":236386,"n":"Bière IPA Ninkasi Flower Lager 44cl - 6.5% vol.","p":2.69,"u":"6,11 €/L","img":"https://fd13-photos.leclercdrive.fr/image.ashx?id=2790144&use=l&cat=p&typeid=i","cat":334853},{"id":236397,"n":"Franui Framboise  chocolat au lait - 150g","p":4.39,"u":"29,27 €/KG","img":"https://fd13-photos.leclercdrive.fr/image.ashx?id=3003441&use=l&cat=p&typeid=i","cat":284266},{"id":236398,"n":"Franui Framboise  chocolat noir - 150g","p":4.39,"u":"29,27 €/KG","img":"https://fd13-photos.leclercdrive.fr/image.ashx?id=3005371&use=l&cat=p&typeid=i","cat":284266},{"id":236465,"n":"Chocolat L'escargot Lanvin Noir - 362g","p":14.5,"u":"40,06 €/KG","img":"https://fd13-photos.leclercdrive.fr/image.ashx?id=2903836&use=l&cat=p&typeid=i","cat":327595},{"id":236495,"n":"Pizza Dr.Oetker Ristorante Margherita - 295g","p":2.78,"u":"9,42 €/KG","img":"https://fd13-photos.leclercdrive.fr/image.ashx?id=2993074&use=l&cat=p&typeid=i","cat":284256},{"id":236595,"n":"Fromage rapé Leerdammer  Fruité fondant 150g","p":2.1,"u":"14,00 €/KG","img":"https://fd13-photos.leclercdrive.fr/image.ashx?id=2793578&use=l&cat=p&typeid=i","cat":314035},{"id":236620,"n":"Pandoro Bauli 700g","p":8.12,"u":"11,60 €/KG","img":"https://fd13-photos.leclercdrive.fr/image.ashx?id=2938163&use=l&cat=p&typeid=i","cat":327607},{"id":236663,"n":"Purée Cajou Bio Ethiquable Faso/Senegal - 170g","p":5.62,"u":"33,06 €/KG","img":"https://fd13-photos.leclercdrive.fr/image.ashx?id=2878168&use=l&cat=p&typeid=i","cat":284481},{"id":236809,"n":"Pavé de saumon Eco+ 2x110g","p":4.99,"u":"22,68 €/KG","img":"https://fd13-photos.leclercdrive.fr/image.ashx?id=2796330&use=l&cat=p&typeid=i","cat":284342},{"id":236810,"n":"Pavé de saumon Eco+ 4x110g","p":8.99,"u":"20,43 €/KG","img":"https://fd13-photos.leclercdrive.fr/image.ashx?id=2796333&use=l&cat=p&typeid=i","cat":284342},{"id":236829,"n":"Olives dénoyautées Croc Frais A l'ail - 500g","p":3.8,"u":"7,60 €/KG","img":"https://fd13-photos.leclercdrive.fr/image.ashx?id=2796884&use=l&cat=p&typeid=i","cat":316002},{"id":237036,"n":"Petits plaisirs Ferrero Rocher Mix 3 goûts - 200g","p":8.88,"u":"44,40 €/KG","img":"https://fd13-photos.leclercdrive.fr/image.ashx?id=2945017&use=l&cat=p&typeid=i","cat":327600},{"id":237040,"n":"Boîte Grand assortiment Ferrero Chocolat - x20 - 197g","p":9.99,"u":"50,71 €/KG","img":"https://fd13-photos.leclercdrive.fr/image.ashx?id=2909251&use=l&cat=p&typeid=i","cat":327595},{"id":237047,"n":"Moulage Kinder Caramel - 110g","p":3.69,"u":"33,55 €/KG","img":"https://fd13-photos.leclercdrive.fr/image.ashx?id=2797013&use=l&cat=p&typeid=i","cat":327592},{"id":237049,"n":"Chocolat Kinder Mini friends Eclats caramel - 122g","p":4.52,"u":"37,05 €/KG","img":"https://fd13-photos.leclercdrive.fr/image.ashx?id=2797052&use=l&cat=p&typeid=i","cat":327592},{"id":237056,"n":"Chocolat Ferrero Collection Grand assortiment x42 - 441g","p":16.99,"u":"38,53 €/KG","img":"https://fd13-photos.leclercdrive.fr/image.ashx?id=2940540&use=l&cat=p&typeid=i","cat":327595},{"id":237057,"n":"Chocolat Ferrero Collection Grand assortiment x43 - 432g","p":16.99,"u":"39,33 €/KG","img":"https://fd13-photos.leclercdrive.fr/image.ashx?id=2940543&use=l&cat=p&typeid=i","cat":327595},{"id":237120,"n":"Père Noël Milka Party mix - 61g","p":3.69,"u":"60,49 €/KG","img":"https://fd13-photos.leclercdrive.fr/image.ashx?id=2796998&use=l&cat=p&typeid=i","cat":327592},{"id":237128,"n":"Assortiment chocolat Lanvin Chocolat noir - 294g","p":14.99,"u":"50,99 €/KG","img":"https://fd13-photos.leclercdrive.fr/image.ashx?id=2966149&use=l&cat=p&typeid=i","cat":327595},{"id":237131,"n":"Boîte chocolat Lanvin Assortiment chocolat Lait 274g","p":12.07,"u":"44,05 €/KG","img":"https://fd13-photos.leclercdrive.fr/image.ashx?id=2797139&use=l&cat=p&typeid=i","cat":327595},{"id":237136,"n":"L'escargot chocolat Lanvin Chocolat au lait - 362g","p":14.49,"u":"40,03 €/KG","img":"https://fd13-photos.leclercdrive.fr/image.ashx?id=2987005&use=l&cat=p&typeid=i","cat":327595},{"id":237837,"n":"Ouvre boite éco +","p":1.13,"img":"https://fd13-photos.leclercdrive.fr/image.ashx?id=2804777&use=l&cat=p&typeid=i","cat":334135},{"id":237839,"n":"Cartouches filtrantes Brita Maxtra pro Pack de 6","p":39.95,"img":"https://fd13-photos.leclercdrive.fr/image.ashx?id=2950555&use=l&cat=p&typeid=i","cat":334135},{"id":237844,"n":"Rince doigts x10  Homeside","p":1.9,"img":"https://fd13-photos.leclercdrive.fr/image.ashx?id=2806792&use=l&cat=p&typeid=i","cat":334135},{"id":237847,"n":"Ménagère Eco+ Gris 24 pièces","p":7.97,"img":"https://fd13-photos.leclercdrive.fr/image.ashx?id=2806786&use=l&cat=p&typeid=i","cat":334134},{"id":237851,"n":"Mini Flam's Coté table x12 - 360g","p":5.99,"u":"16,64 €/KG","img":"https://fd13-photos.leclercdrive.fr/image.ashx?id=2801282&use=l&cat=p&typeid=i","cat":319774},{"id":237927,"n":"Crème Revitalift L'Oréal Paris Soin défatigant jour - 100ml","p":10.23,"u":"102,30 €/L","img":"https://fd13-photos.leclercdrive.fr/image.ashx?id=2887965&use=l&cat=p&typeid=i","cat":325345},{"id":237947,"n":"Pâtes Barilla Mezzi Rigatoni Al Bronzo - 500g","p":1.95,"u":"3,90 €/KG","img":"https://fd13-photos.leclercdrive.fr/image.ashx?id=2798680&use=l&cat=p&typeid=i","cat":284427},{"id":237948,"n":"Pâtes Barilla Fusilli  Al Bronzo - 500g","p":1.95,"u":"3,90 €/KG","img":"https://fd13-photos.leclercdrive.fr/image.ashx?id=2798689&use=l&cat=p&typeid=i","cat":284427},{"id":237949,"n":"Pâtes Barilla Penne Rigate Al Bronzo - 500g","p":1.95,"u":"3,90 €/KG","img":"https://fd13-photos.leclercdrive.fr/image.ashx?id=2798677&use=l&cat=p&typeid=i","cat":284427},{"id":237950,"n":"Pâtes Barilla Linguine  Al Bronzo - 500g","p":1.95,"u":"3,90 €/KG","img":"https://fd13-photos.leclercdrive.fr/image.ashx?id=2798683&use=l&cat=p&typeid=i","cat":284427},{"id":238056,"n":"Pâtes Barilla Spaghettoni  Al Bronzo - 500g","p":1.95,"u":"3,90 €/KG","img":"https://fd13-photos.leclercdrive.fr/image.ashx?id=2798686&use=l&cat=p&typeid=i","cat":284427},{"id":238073,"n":"Soda Coca-Cola Sans Sucres Bouteille - Pack 6x50CL","p":5.59,"u":"1,86 €/L","img":"https://fd13-photos.leclercdrive.fr/image.ashx?id=2860532&use=l&cat=p&typeid=i","cat":284530},{"id":238135,"n":"Beurre d'Etrez de baratte AOP Doux - 250g","p":2.85,"u":"11,40 €/KG","img":"https://fd13-photos.leclercdrive.fr/image.ashx?id=2799446&use=l&cat=p&typeid=i","cat":284379},{"id":238137,"n":"Yaourt nature Etrez  4x125g","p":1.25,"u":"2,50 €/KG","img":"https://fd13-photos.leclercdrive.fr/image.ashx?id=2799458&use=l&cat=p&typeid=i","cat":284409},{"id":238139,"n":"Crème fraîche  fleurette Etrez 33% mg - 50cl","p":2.65,"u":"5,30 €/L","img":"https://fd13-photos.leclercdrive.fr/image.ashx?id=2872505&use=l&cat=p&typeid=i","cat":284381},{"id":238140,"n":"Crème épaisse Etrez AOP 36%mg - 50cl","p":2.95,"u":"5,90 €/L","img":"https://fd13-photos.leclercdrive.fr/image.ashx?id=2799449&use=l&cat=p&typeid=i","cat":284381},{"id":238313,"n":"Nouilles Tables du Monde Curry - 3x65g","p":1.39,"u":"7,13 €/KG","img":"https://fd13-photos.leclercdrive.fr/image.ashx?id=2799850&use=l&cat=p&typeid=i","cat":288992},{"id":238377,"n":"Mousse à raser Wilkinson 200ml","p":3.06,"u":"15,30 €/L","img":"https://fd13-photos.leclercdrive.fr/image.ashx?id=2801252&use=l&cat=p&typeid=i","cat":284617},{"id":238421,"n":"Chewing-Gum Bubble Gum Fancy Fruit HUBBA BUBBA, 56g","p":1.93,"u":"34,46 €/KG","img":"https://fd13-photos.leclercdrive.fr/image.ashx?id=2801219&use=l&cat=p&typeid=i","cat":304251},{"id":238423,"n":"Chewing-gum Refreshers  Menthe verte, 67g","p":2.98,"u":"44,48 €/KG","img":"https://fd13-photos.leclercdrive.fr/image.ashx?id=3008990&use=l&cat=p&typeid=i","cat":304251},{"id":238429,"n":"Chocolat au lait Tablette d'Or caramel beurre salé 180g","p":2.49,"u":"13,83 €/KG","img":"https://fd13-photos.leclercdrive.fr/image.ashx?id=2800758&use=l&cat=p&typeid=i","cat":284497},{"id":238530,"n":"Ravioli Lustucru Selection  4 fromages - 310g","p":1.95,"u":"6,29 €/KG","img":"https://fd13-photos.leclercdrive.fr/image.ashx?id=2962524&use=l&cat=p&typeid=i","cat":333682},{"id":238565,"n":"Compotes gourdes Pom'Potes Multivariétés - 64x90g","p":28.39,"pp":19.94,"u":"3,46 €/KG","img":"https://fd13-photos.leclercdrive.fr/image.ashx?id=2977270&use=l&cat=p&typeid=i","cat":284508},{"id":238567,"n":"Masque cheveux Fructis Garnier Longueur & glow Ananas - 320ml","p":6.37,"u":"19,91 €/L","img":"https://fd13-photos.leclercdrive.fr/image.ashx?id=2802129&use=l&cat=p&typeid=i","cat":284608},{"id":238730,"n":"Sarment chocolat noir orange Mademoiselle de Margaux 150g","p":6.95,"u":"46,33 €/KG","img":"https://fd13-photos.leclercdrive.fr/image.ashx?id=2802572&use=l&cat=p&typeid=i","cat":327601},{"id":238735,"n":"Sarment chocolat noir framboise Mademoiselle de Margaux - 150g","p":6.98,"u":"46,53 €/KG","img":"https://fd13-photos.leclercdrive.fr/image.ashx?id=2802566&use=l&cat=p&typeid=i","cat":327601},{"id":238741,"n":"Mini pizza Piccolissima Jambon - x12  288g","p":3.94,"u":"13,68 €/KG","img":"https://fd13-photos.leclercdrive.fr/image.ashx?id=2993089&use=l&cat=p&typeid=i","cat":284256},{"id":238791,"n":"Maxi croustis Bonduelle Epinards 240g","p":3.29,"u":"13,71 €/KG","img":"https://fd13-photos.leclercdrive.fr/image.ashx?id=2805180&use=l&cat=p&typeid=i","cat":284254},{"id":238796,"n":"Menus Gourmands Viande en  gelée Tous mes Amis - 48x100g","p":13.95,"u":"2,91 €/KG","img":"https://fd13-photos.leclercdrive.fr/image.ashx?id=2820007&use=l&cat=p&typeid=i","cat":285286},{"id":238825,"n":"Dragées M&M'S crispy family 374g","p":5.13,"u":"13,72 €/KG","img":"https://fd13-photos.leclercdrive.fr/image.ashx?id=3003402&use=l&cat=p&typeid=i","cat":304238},{"id":238872,"n":"Quinoa facile Lustucru 300g","p":2.2,"u":"7,33 €/KG","img":"https://fd13-photos.leclercdrive.fr/image.ashx?id=2804565&use=l&cat=p&typeid=i","cat":284429},{"id":238899,"n":"Yaourt protéiné Skyr Yoplait Vanille 0%Mg - 450g","p":2.6,"u":"5,78 €/KG","img":"https://fd13-photos.leclercdrive.fr/image.ashx?id=2884447&use=l&cat=p&typeid=i","cat":315000},{"id":238973,"n":"Quenelles nature Ecochard - 6x40g","p":1.71,"u":"7,13 €/KG","img":"https://fd13-photos.leclercdrive.fr/image.ashx?id=2842624&use=l&cat=p&typeid=i","cat":333666},{"id":238989,"n":"Lessive capsules Le Chat Disc Expert 4 en 1 x25 - 413g","p":8.72,"u":"21,11 €/KG","img":"https://fd13-photos.leclercdrive.fr/image.ashx?id=2936128&use=l&cat=p&typeid=i","cat":284641},{"id":239075,"n":"Bloc foie gras canard Larnaudie Sel de Guérande - 240g","p":22.7,"u":"94,58 €/KG","img":"https://fd13-photos.leclercdrive.fr/image.ashx?id=2916806&use=l&cat=p&typeid=i","cat":316008},{"id":239101,"n":"Riz Thaï Taureau Ailé 1kg","p":2.97,"u":"2,97 €/KG","img":"https://fd13-photos.leclercdrive.fr/image.ashx?id=2805558&use=l&cat=p&typeid=i","cat":284428},{"id":239107,"n":"Pâte à tartiner Chocolat blanc Noisettes Lucien Georgelin 400g","p":4.99,"u":"12,48 €/KG","img":"https://fd13-photos.leclercdrive.fr/image.ashx?id=2921286&use=l&cat=p&typeid=i","cat":284481},{"id":239185,"n":"AOP Ventoux vin rouge 3L","p":9.99,"u":"3,33 €/L","img":"https://fd13-photos.leclercdrive.fr/image.ashx?id=2804843&use=l&cat=p&typeid=i","cat":289560},{"id":239191,"n":"AOP Pic Saint Loup Biranq Nos Vignerons ont du talent - 75cl","p":9.9,"u":"13,20 €/L","img":"https://fd13-photos.leclercdrive.fr/image.ashx?id=2804849&use=l&cat=p&typeid=i","cat":289556},{"id":239202,"n":"Moscato Spumante 75cl","p":3.75,"u":"5,00 €/L","img":"https://fd13-photos.leclercdrive.fr/image.ashx?id=2977189&use=l&cat=p&typeid=i","cat":289557},{"id":239207,"n":"Coloration Palette N°909 Noir bleuté - x1","p":5.3,"img":"https://fd13-photos.leclercdrive.fr/image.ashx?id=2911294&use=l&cat=p&typeid=i","cat":288899},{"id":239208,"n":"Lessive capsules Le Chat  Disc Expert 4 en 1 x25 - 413g","p":7.99,"u":"19,39 €/KG","img":"https://fd13-photos.leclercdrive.fr/image.ashx?id=2936125&use=l&cat=p&typeid=i","cat":284641},{"id":239213,"n":"Huile Essentielle So Bio Etic Arbre à thé Bio - 12ml","p":5.06,"u":"421,67 €/L","img":"https://fd13-photos.leclercdrive.fr/image.ashx?id=2805459&use=l&cat=p&typeid=i","cat":284630},{"id":239215,"n":"Huile Essentielle So Bio Etic Menthe poivrée Bio - 10ml","p":7.08,"u":"708,00 €/L","img":"https://fd13-photos.leclercdrive.fr/image.ashx?id=2805462&use=l&cat=p&typeid=i","cat":284630},{"id":239217,"n":"Lingettes Décolor Stop  Anti-décoloration x40","p":5.53,"u":"0,14 €/P","img":"https://fd13-photos.leclercdrive.fr/image.ashx?id=2976785&use=l&cat=p&typeid=i","cat":290450},{"id":239218,"n":"Lingettes Décolor Stop  Anti-décoloration x52","p":5.87,"u":"0,11 €/P","img":"https://fd13-photos.leclercdrive.fr/image.ashx?id=2805264&use=l&cat=p&typeid=i","cat":290450},{"id":239220,"n":"Bain de Bouche Listerine Haleine Fraiche 500ml","p":3.89,"u":"7,78 €/L","img":"https://fd13-photos.leclercdrive.fr/image.ashx?id=2806309&use=l&cat=p&typeid=i","cat":284613},{"id":239221,"n":"Bain de Bouche Listerine Total Care 10 en 1-500ml","p":4.99,"u":"9,98 €/L","img":"https://fd13-photos.leclercdrive.fr/image.ashx?id=2806312&use=l&cat=p&typeid=i","cat":284613},{"id":239223,"n":"Bain de bouche Listerine Total Care - Sans alcool 500ml","p":2.97,"u":"5,94 €/L","img":"https://fd13-photos.leclercdrive.fr/image.ashx?id=2806315&use=l&cat=p&typeid=i","cat":284613},{"id":239224,"n":"Bain de Bouche Listerine Dents et Gencives 10 en 1 500ml","p":4.16,"u":"8,32 €/L","img":"https://fd13-photos.leclercdrive.fr/image.ashx?id=2806318&use=l&cat=p&typeid=i","cat":284613},{"id":239225,"n":"Bain de Bouche Listerine Total Care - Sans alcool 500ml","p":4.16,"u":"8,32 €/L","img":"https://fd13-photos.leclercdrive.fr/image.ashx?id=2806321&use=l&cat=p&typeid=i","cat":284613},{"id":239226,"n":"Adoucissant recharge Soupline à diluer Grand Air - 600ml","p":2.2,"u":"3,67 €/L","img":"https://fd13-photos.leclercdrive.fr/image.ashx?id=2957314&use=l&cat=p&typeid=i","cat":284650},{"id":239227,"n":"Adoucissant recharge Soupline à diluer Hypoallergénique 600ml","p":2.29,"u":"3,82 €/L","img":"https://fd13-photos.leclercdrive.fr/image.ashx?id=2813546&use=l&cat=p&typeid=i","cat":284650},{"id":239229,"n":"Brume de linge Soupline spray Grand Air - 300ml","p":5.66,"u":"18,87 €/L","img":"https://fd13-photos.leclercdrive.fr/image.ashx?id=2866202&use=l&cat=p&typeid=i","cat":325302},{"id":239230,"n":"Recharge liquide vaisselle Paic Excel 2 - Dégraissant - 900ml","p":3.11,"u":"3,46 €/L","img":"https://fd13-photos.leclercdrive.fr/image.ashx?id=2835586&use=l&cat=p&typeid=i","cat":284655},{"id":239231,"n":"Dentifrice Sensitive Elmex Blancheur - 75ml","p":5.3,"u":"70,67 €/L","img":"https://fd13-photos.leclercdrive.fr/image.ashx?id=2806447&use=l&cat=p&typeid=i","cat":284612},{"id":239232,"n":"Dentifrice Colgate Active Blancheur - 75ml","p":2.43,"u":"32,40 €/L","img":"https://fd13-photos.leclercdrive.fr/image.ashx?id=2814623&use=l&cat=p&typeid=i","cat":284612},{"id":239233,"n":"Dentifrice Colgate Soin complet - 75ml","p":2.43,"u":"32,40 €/L","img":"https://fd13-photos.leclercdrive.fr/image.ashx?id=2836196&use=l&cat=p&typeid=i","cat":284612},{"id":239234,"n":"Dentifrice Colgate Total Résistance de l'émail 75ml","p":2.95,"u":"39,33 €/L","img":"https://fd13-photos.leclercdrive.fr/image.ashx?id=2832578&use=l&cat=p&typeid=i","cat":284612},{"id":239235,"n":"Lingettes bébé Biolane Pure water - x48","p":2.45,"img":"https://fd13-photos.leclercdrive.fr/image.ashx?id=2877907&use=l&cat=p&typeid=i","cat":284738},{"id":239236,"n":"Lingettes pocket bébé Biolane Visage et mains - x20","p":1.39,"img":"https://fd13-photos.leclercdrive.fr/image.ashx?id=2806195&use=l&cat=p&typeid=i","cat":284738},{"id":239237,"n":"Couches bébé Mots d'enfant Taille 3 - 4-9kg - x104","p":12.67,"u":"12,67 €/PRT","img":"https://fd13-photos.leclercdrive.fr/image.ashx?id=2922439&use=l&cat=p&typeid=i","cat":284737},{"id":239239,"n":"Couches bébé Mots d'enfant Taille 4 - 7-18kg - x92","p":12.67,"img":"https://fd13-photos.leclercdrive.fr/image.ashx?id=2922442&use=l&cat=p&typeid=i","cat":284737},{"id":239241,"n":"Couches bébé Mots d'enfant Taille 4+ - 9-20kg - x88","p":12.67,"img":"https://fd13-photos.leclercdrive.fr/image.ashx?id=2922445&use=l&cat=p&typeid=i","cat":284737},{"id":239242,"n":"Couches bébé Mots d'enfant Taille 5 - 11-25kg - x84","p":12.67,"u":"0,15 €/P","img":"https://fd13-photos.leclercdrive.fr/image.ashx?id=2922448&use=l&cat=p&typeid=i","cat":284737},{"id":239256,"n":"Filet de poulet blanc Maitre Coq nourri blé 300g","p":4.18,"u":"13,93 €/KG","img":"https://fd13-photos.leclercdrive.fr/image.ashx?id=2856097&use=l&cat=p&typeid=i","cat":284336},{"id":239371,"n":"Capsules café L'Or Espresso Supremo N°10 x50","p":14.58,"u":"56,08 €/KG","img":"https://fd13-photos.leclercdrive.fr/image.ashx?id=3000480&use=l&cat=p&typeid=i","cat":284749},{"id":239478,"n":"Burger Géant Jacquet Nature x4 - 330g","p":1.09,"u":"3,30 €/KG","img":"https://fd13-photos.leclercdrive.fr/image.ashx?id=3010981&use=l&cat=p&typeid=i","cat":325067},{"id":239504,"n":"Burger Géant Jacquet Nature x6 - 495g","p":1.65,"u":"3,33 €/KG","img":"https://fd13-photos.leclercdrive.fr/image.ashx?id=2991876&use=l&cat=p&typeid=i","cat":325067},{"id":239509,"n":"Préparation maison Vahiné Gâteau 3en1 chocolat  280g","p":2.65,"u":"9,46 €/KG","img":"https://fd13-photos.leclercdrive.fr/image.ashx?id=2806961&use=l&cat=p&typeid=i","cat":284505},{"id":239527,"n":"Tomates entières pelées Bio Rochefontaine - 400g","p":1.71,"u":"4,28 €/KG","img":"https://fd13-photos.leclercdrive.fr/image.ashx?id=2807561&use=l&cat=p&typeid=i","cat":312608},{"id":239867,"n":"Soupe Légumes du Soleil Knorr - 600ml","p":2.92,"u":"4,87 €/L","img":"https://fd13-photos.leclercdrive.fr/image.ashx?id=2953079&use=l&cat=p&typeid=i","cat":284462},{"id":239871,"n":"Soupe Douceur à l'Italienne Knorr - 600ml","p":2.81,"u":"4,68 €/L","img":"https://fd13-photos.leclercdrive.fr/image.ashx?id=2950906&use=l&cat=p&typeid=i","cat":284462},{"id":239879,"n":"Soupe Liebig Legumes lait de coco - 1L","p":3.29,"u":"3,29 €/L","img":"https://fd13-photos.leclercdrive.fr/image.ashx?id=2810639&use=l&cat=p&typeid=i","cat":284462},{"id":239881,"n":"Soupe Douceur de 8 légumes Knorr - 1L","p":2.78,"u":"2,78 €/L","img":"https://fd13-photos.leclercdrive.fr/image.ashx?id=2944509&use=l&cat=p&typeid=i","cat":284462},{"id":239883,"n":"Velouté Eco+ Poireaux pomme de terre","p":0.87,"u":"0,87 €/L","img":"https://fd13-photos.leclercdrive.fr/image.ashx?id=2808724&use=l&cat=p&typeid=i","cat":284462},{"id":239888,"n":"Bouillon Maggi Tomate vermicelle - 70g","p":0.58,"u":"8,29 €/KG","img":"https://fd13-photos.leclercdrive.fr/image.ashx?id=2811713&use=l&cat=p&typeid=i","cat":288379},{"id":239889,"n":"Soupe Douceur d'Automne Knorr - 2x30cl","p":2.34,"u":"3,90 €/L","img":"https://fd13-photos.leclercdrive.fr/image.ashx?id=2953076&use=l&cat=p&typeid=i","cat":284462},{"id":239891,"n":"Poule aux vermicelles Maggi 65g","p":0.54,"u":"8,31 €/KG","img":"https://fd13-photos.leclercdrive.fr/image.ashx?id=2811716&use=l&cat=p&typeid=i","cat":288379},{"id":239899,"n":"Plat Bledina Boeuf et carotte - 200g","p":2.34,"u":"11,70 €/KG","img":"https://fd13-photos.leclercdrive.fr/image.ashx?id=2866307&use=l&cat=p&typeid=i","cat":312238},{"id":239902,"n":"Saumon en croûte Côté Table 700g","p":7.49,"u":"10,70 €/KG","img":"https://fd13-photos.leclercdrive.fr/image.ashx?id=2808733&use=l&cat=p&typeid=i","cat":319776},{"id":239903,"n":"Bonbons  Copains  Copines Mini sucettes - 168g","p":2.19,"u":"13,04 €/KG","img":"https://fd13-photos.leclercdrive.fr/image.ashx?id=2934796&use=l&cat=p&typeid=i","cat":304250},{"id":239905,"n":"Nouilles Tables du Monde Legumes - 3x65g","p":1.39,"u":"7,13 €/KG","img":"https://fd13-photos.leclercdrive.fr/image.ashx?id=2808727&use=l&cat=p&typeid=i","cat":288992},{"id":239928,"n":"Pâte à tartinerLotus Speculoos crunchy Biscoff 390g","p":3.77,"u":"9,67 €/KG","img":"https://fd13-photos.leclercdrive.fr/image.ashx?id=2811575&use=l&cat=p&typeid=i","cat":284481},{"id":239953,"n":"Chocolat noir Excellence Lindt 3 graines - 100g","p":2.58,"u":"2,58 €/L","img":"https://fd13-photos.leclercdrive.fr/image.ashx?id=2810675&use=l&cat=p&typeid=i","cat":284499},{"id":240002,"n":"Billes M&Ms caramel salé 367g","p":5.02,"u":"13,68 €/KG","img":"https://fd13-photos.leclercdrive.fr/image.ashx?id=2924770&use=l&cat=p&typeid=i","cat":304238},{"id":240103,"n":"Lessive Disc Le Chat Rosée du matin - 627g x38","p":12.99,"u":"20,72 €/KG","img":"https://fd13-photos.leclercdrive.fr/image.ashx?id=2810810&use=l&cat=p&typeid=i","cat":284641},{"id":240106,"n":"Lessive Mono-doses - x20 Uni vert","p":5.65,"img":"https://fd13-photos.leclercdrive.fr/image.ashx?id=2842322&use=l&cat=p&typeid=i","cat":284641},{"id":240203,"n":"Bâtonnets friandises Creamy Poulet Catisfaction 4x10g","p":1.92,"u":"48,00 €/KG","img":"https://fd13-photos.leclercdrive.fr/image.ashx?id=2912533&use=l&cat=p&typeid=i","cat":285285},{"id":240234,"n":"Bûche glacée Pilpa Duo de Vanilles - 535g","p":5.27,"u":"9,85 €/KG","img":"https://fd13-photos.leclercdrive.fr/image.ashx?id=2812765&use=l&cat=p&typeid=i","cat":284266},{"id":240338,"n":"Laque Elnett Fixation normale  200ml","p":5.61,"u":"28,05 €/L","img":"https://fd13-photos.leclercdrive.fr/image.ashx?id=2814064&use=l&cat=p&typeid=i","cat":284609},{"id":240426,"n":"Soda à l'orange Orangina 2x1,5L","p":3.93,"u":"1,31 €/L","img":"https://fd13-photos.leclercdrive.fr/image.ashx?id=2812690&use=l&cat=p&typeid=i","cat":284532},{"id":240482,"n":"Riz basmati Lustucru 10min - 5x180g","p":3.15,"u":"3,50 €/KG","img":"https://fd13-photos.leclercdrive.fr/image.ashx?id=2814163&use=l&cat=p&typeid=i","cat":284428},{"id":240623,"n":"Laque fixation forte Elnett 200ml","p":5.61,"u":"28,05 €/L","img":"https://fd13-photos.leclercdrive.fr/image.ashx?id=2828013&use=l&cat=p&typeid=i","cat":284609},{"id":240751,"n":"Spaghetti Barilla Quadrati Al bronzo - 500g","p":1.99,"u":"3,98 €/KG","img":"https://fd13-photos.leclercdrive.fr/image.ashx?id=2815145&use=l&cat=p&typeid=i","cat":284427},{"id":240842,"n":"Skyr nature Délisse 4x100g","p":1.72,"u":"4,30 €/KG","img":"https://fd13-photos.leclercdrive.fr/image.ashx?id=2992588&use=l&cat=p&typeid=i","cat":315000},{"id":240843,"n":"Skyr nature Délisse 850g","p":2.75,"u":"3,24 €/KG","img":"https://fd13-photos.leclercdrive.fr/image.ashx?id=2992600&use=l&cat=p&typeid=i","cat":315000},{"id":240850,"n":"Tomme de Savoie IGP L'Atelier Fromagerie 200g","p":3.46,"u":"17,30 €/KG","img":"https://fd13-photos.leclercdrive.fr/image.ashx?id=2814716&use=l&cat=p&typeid=i","cat":329184},{"id":240876,"n":"Yaourt à la Grecque Eco+ Nature - 4x125g","p":0.98,"u":"1,96 €/KG","img":"https://fd13-photos.leclercdrive.fr/image.ashx?id=2814854&use=l&cat=p&typeid=i","cat":284409},{"id":240880,"n":"Yaourt nature Délisse Au lait entier 4x125g","p":1.29,"u":"2,58 €/KG","img":"https://fd13-photos.leclercdrive.fr/image.ashx?id=2814908&use=l&cat=p&typeid=i","cat":284409},{"id":240883,"n":"Saumon fumé Delpeyrat Ecosse 4 tranches mini - 110g","p":6.53,"u":"59,36 €/KG","img":"https://fd13-photos.leclercdrive.fr/image.ashx?id=2901716&use=l&cat=p&typeid=i","cat":285188},{"id":240889,"n":"Oeufs de lompe Labeyrie  MSC 80g","p":4.17,"u":"52,13 €/KG","img":"https://fd13-photos.leclercdrive.fr/image.ashx?id=2817602&use=l&cat=p&typeid=i","cat":285191},{"id":240908,"n":"Pomme de terre piment Espelette Nos Régions ont du Talent 500g","p":3.2,"u":"6,40 €/KG","img":"https://fd13-photos.leclercdrive.fr/image.ashx?id=2954181&use=l&cat=p&typeid=i","cat":319792},{"id":240920,"n":"Saumon fumé Delpeyrat Noorvège 4 tranches - 120g","p":7.0,"u":"58,33 €/KG","img":"https://fd13-photos.leclercdrive.fr/image.ashx?id=2901713&use=l&cat=p&typeid=i","cat":285188},{"id":240957,"n":"Bière Brasserie du Mont Blanc La blanche - 33cl  4.7% vol.","p":1.9,"u":"5,76 €/L","img":"https://fd13-photos.leclercdrive.fr/image.ashx?id=2828235&use=l&cat=p&typeid=i","cat":334872},{"id":241099,"n":"Nouilles asiatiques Maggi Pad Thai - 128g","p":1.95,"u":"15,23 €/KG","img":"https://fd13-photos.leclercdrive.fr/image.ashx?id=2899776&use=l&cat=p&typeid=i","cat":288992},{"id":241153,"n":"Chutney de mangues Lucien Georgelin - 150g","p":2.27,"u":"15,13 €/KG","img":"https://fd13-photos.leclercdrive.fr/image.ashx?id=2817650&use=l&cat=p&typeid=i","cat":284480},{"id":241210,"n":"Dentifrice Enfants Signal  Super Mario - Fruité - 75ml","p":2.75,"u":"36,67 €/L","img":"https://fd13-photos.leclercdrive.fr/image.ashx?id=2993173&use=l&cat=p&typeid=i","cat":288898},{"id":241211,"n":"Dentifrice Enfants Signal Super Mario - Fraise - 75ml","p":2.19,"u":"29,20 €/L","img":"https://fd13-photos.leclercdrive.fr/image.ashx?id=2987047&use=l&cat=p&typeid=i","cat":288898},{"id":241215,"n":"Vin de France blanc Viognier - Bib 3L","p":11.5,"u":"3,83 €/L","img":"https://fd13-photos.leclercdrive.fr/image.ashx?id=2817578&use=l&cat=p&typeid=i","cat":289557},{"id":241489,"n":"Thon au naturel Petit Navire x3 - 112g","p":6.29,"u":"56,16 €/KG","img":"https://fd13-photos.leclercdrive.fr/image.ashx?id=2887491&use=l&cat=p&typeid=i","cat":303867},{"id":241499,"n":"Bloc foie gras de canard  Pierre de Chaumeyrac 2x40g","p":5.95,"u":"74,38 €/KG","img":"https://fd13-photos.leclercdrive.fr/image.ashx?id=2817235&use=l&cat=p&typeid=i","cat":316008},{"id":241513,"n":"Bloc foie gras de canard  Pierre de Chaumeyrac 200g","p":11.59,"u":"57,95 €/KG","img":"https://fd13-photos.leclercdrive.fr/image.ashx?id=2817238&use=l&cat=p&typeid=i","cat":316008},{"id":241514,"n":"Foie gras de canard Labeyrie 320g","p":40.17,"u":"125,53 €/KG","img":"https://fd13-photos.leclercdrive.fr/image.ashx?id=2819307&use=l&cat=p&typeid=i","cat":316008},{"id":241657,"n":"Riz Thai Taureau ailé 500g","p":2.16,"u":"4,32 €/KG","img":"https://fd13-photos.leclercdrive.fr/image.ashx?id=2828340&use=l&cat=p&typeid=i","cat":284428},{"id":241803,"n":"Terrine de saumon ASC Ronde des Mers 2x60g","p":1.99,"u":"16,58 €/KG","img":"https://fd13-photos.leclercdrive.fr/image.ashx?id=2856217&use=l&cat=p&typeid=i","cat":285191},{"id":241812,"n":"Gourde bébé Blédina - 10 mois Multifruits - 8x85g","p":8.09,"u":"11,90 €/KG","img":"https://fd13-photos.leclercdrive.fr/image.ashx?id=2826642&use=l&cat=p&typeid=i","cat":312393},{"id":241912,"n":"Couches Culottes Huggies Pull-ups - T5 - x24","p":11.85,"img":"https://fd13-photos.leclercdrive.fr/image.ashx?id=2844721&use=l&cat=p&typeid=i","cat":290633},{"id":241915,"n":"Couches culottes Huggies Pull-ups - Taille 6 - x20","p":11.85,"img":"https://fd13-photos.leclercdrive.fr/image.ashx?id=2844724&use=l&cat=p&typeid=i","cat":290633},{"id":241923,"n":"Biscuits sablés Mère Poulard Coffret fer mythique - 500g","p":11.62,"u":"23,24 €/KG","img":"https://fd13-photos.leclercdrive.fr/image.ashx?id=2827911&use=l&cat=p&typeid=i","cat":284490},{"id":242218,"n":"Lingettes Mixa bébé au lait x80","p":3.03,"u":"0,04 €/P","img":"https://fd13-photos.leclercdrive.fr/image.ashx?id=2828079&use=l&cat=p&typeid=i","cat":284738},{"id":242220,"n":"Lingettes Mixa bébé  eau minérale x48","p":2.96,"u":"0,06 €/P","img":"https://fd13-photos.leclercdrive.fr/image.ashx?id=2828082&use=l&cat=p&typeid=i","cat":284738},{"id":242222,"n":"Lingettes Mixa bébé  eau nettoyante x80","p":3.15,"u":"0,04 €/P","img":"https://fd13-photos.leclercdrive.fr/image.ashx?id=2828085&use=l&cat=p&typeid=i","cat":284738},{"id":242226,"n":"Déodorant Mixa Anti-transpirant 48h","p":2.69,"u":"53,80 €/L","img":"https://fd13-photos.leclercdrive.fr/image.ashx?id=2869116&use=l&cat=p&typeid=i","cat":284595},{"id":242235,"n":"Lingettes bébé Cadum  Ultra-douces x48","p":4.0,"u":"0,04 €/P","img":"https://fd13-photos.leclercdrive.fr/image.ashx?id=2828091&use=l&cat=p&typeid=i","cat":284738},{"id":242258,"n":"Laque Elnett 300ml","p":7.02,"u":"23,40 €/L","img":"https://fd13-photos.leclercdrive.fr/image.ashx?id=2828019&use=l&cat=p&typeid=i","cat":284609},{"id":242259,"n":"Laque Elnett fixation forte 300ml","p":7.29,"u":"24,30 €/L","img":"https://fd13-photos.leclercdrive.fr/image.ashx?id=2828016&use=l&cat=p&typeid=i","cat":284609},{"id":242261,"n":"Laque Elnett Fixation normale 400ml","p":8.67,"u":"21,68 €/L","img":"https://fd13-photos.leclercdrive.fr/image.ashx?id=2828025&use=l&cat=p&typeid=i","cat":284609},{"id":242262,"n":"Laque Elnett Fixation forte 400ml","p":9.43,"u":"23,58 €/L","img":"https://fd13-photos.leclercdrive.fr/image.ashx?id=2828022&use=l&cat=p&typeid=i","cat":284609},{"id":242266,"n":"Après-shampoing Garnier Ultra  Doux Cheveux secs -250ml","p":2.7,"u":"10,80 €/L","img":"https://fd13-photos.leclercdrive.fr/image.ashx?id=2828046&use=l&cat=p&typeid=i","cat":284607},{"id":242267,"n":"Shampoing Dessange Blond 250ml","p":3.82,"u":"15,28 €/L","img":"https://fd13-photos.leclercdrive.fr/image.ashx?id=2870692&use=l&cat=p&typeid=i","cat":284606},{"id":242268,"n":"Démaquillant Mixa Yeux sensible 125ml","p":3.01,"u":"24,08 €/L","img":"https://fd13-photos.leclercdrive.fr/image.ashx?id=2828067&use=l&cat=p&typeid=i","cat":284603},{"id":242274,"n":"Gel douche DOP Lait framboise 290ml","p":2.15,"u":"7,41 €/L","img":"https://fd13-photos.leclercdrive.fr/image.ashx?id=2828076&use=l&cat=p&typeid=i","cat":284594},{"id":242279,"n":"Shampoing DOP Pomme verte 400ml","p":2.12,"u":"5,30 €/L","img":"https://fd13-photos.leclercdrive.fr/image.ashx?id=2828094&use=l&cat=p&typeid=i","cat":284606},{"id":242329,"n":"Bonbons Copains Copines Acides - 200g","p":1.13,"u":"5,65 €/KG","img":"https://fd13-photos.leclercdrive.fr/image.ashx?id=2934793&use=l&cat=p&typeid=i","cat":304250},{"id":242353,"n":"Riz Comptoir du Grain Thaï suprême - 500g","p":1.95,"u":"3,90 €/KG","img":"https://fd13-photos.leclercdrive.fr/image.ashx?id=2822371&use=l&cat=p&typeid=i","cat":284428},{"id":242617,"n":"Jambon L'Origine du Gout Cuit à la truffe - 120g","p":2.3,"u":"19,17 €/KG","img":"https://fd13-photos.leclercdrive.fr/image.ashx?id=2840434&use=l&cat=p&typeid=i","cat":316009},{"id":242619,"n":"Gruyère AOP Suisse L'Origine du Goût 150g","p":5.5,"u":"36,67 €/KG","img":"https://fd13-photos.leclercdrive.fr/image.ashx?id=2829241&use=l&cat=p&typeid=i","cat":314034},{"id":242701,"n":"Déodorant Narta Impeccable anti-traces 48h -50ml","p":2.79,"u":"55,80 €/L","img":"https://fd13-photos.leclercdrive.fr/image.ashx?id=2828097&use=l&cat=p&typeid=i","cat":284595},{"id":242702,"n":"Déodorant Narta Magnesium  protect - 100ml","p":3.82,"u":"38,20 €/L","img":"https://fd13-photos.leclercdrive.fr/image.ashx?id=2828100&use=l&cat=p&typeid=i","cat":284595},{"id":242703,"n":"Déodorant Mennen Intracable  Xtrem 72h - 50ml","p":3.55,"u":"71,00 €/L","img":"https://fd13-photos.leclercdrive.fr/image.ashx?id=2828109&use=l&cat=p&typeid=i","cat":284596},{"id":242704,"n":"Déodorant Ushuaia Bio Hibiscus 50ml","p":3.07,"u":"61,40 €/L","img":"https://fd13-photos.leclercdrive.fr/image.ashx?id=2828118&use=l&cat=p&typeid=i","cat":284595},{"id":242705,"n":"Déodorant Bio Ushuaia Vanille 50ml","p":3.07,"u":"61,40 €/L","img":"https://fd13-photos.leclercdrive.fr/image.ashx?id=2828121&use=l&cat=p&typeid=i","cat":284595},{"id":242706,"n":"Crème dessert Danette Praliné - 4x125g","p":1.5,"u":"3,00 €/KG","img":"https://fd13-photos.leclercdrive.fr/image.ashx?id=2918556&use=l&cat=p&typeid=i","cat":285041},{"id":242707,"n":"Crème dessert Danette Petit-beurre chocolat 4x125g","p":1.5,"u":"3,00 €/KG","img":"https://fd13-photos.leclercdrive.fr/image.ashx?id=2928414&use=l&cat=p&typeid=i","cat":285041},{"id":242710,"n":"Yaourt à boire Myrtille Hipro 300g","p":2.29,"u":"7,63 €/KG","img":"https://fd13-photos.leclercdrive.fr/image.ashx?id=2826573&use=l&cat=p&typeid=i","cat":284415},{"id":242712,"n":"Skyr Danone Cerise - 2x140g","p":2.2,"u":"7,86 €/KG","img":"https://fd13-photos.leclercdrive.fr/image.ashx?id=2826570&use=l&cat=p&typeid=i","cat":315000},{"id":242718,"n":"Crème dessert protéinée Hipro Saveur chocolat - 180g","p":1.66,"u":"9,22 €/KG","img":"https://fd13-photos.leclercdrive.fr/image.ashx?id=2826582&use=l&cat=p&typeid=i","cat":285041},{"id":242719,"n":"Yaourt protéiné Hipro Fraise - 2x160g","p":2.39,"u":"7,47 €/KG","img":"https://fd13-photos.leclercdrive.fr/image.ashx?id=2945418&use=l&cat=p&typeid=i","cat":315000},{"id":242886,"n":"Terrine de Saint-Jacques  Ronde des Mers 2x60g","p":1.99,"u":"16,58 €/KG","img":"https://fd13-photos.leclercdrive.fr/image.ashx?id=2856214&use=l&cat=p&typeid=i","cat":285191},{"id":242950,"n":"Toasts croquants 3 graines Labeyrie - 100g","p":3.89,"u":"38,90 €/KG","img":"https://fd13-photos.leclercdrive.fr/image.ashx?id=2825535&use=l&cat=p&typeid=i","cat":285191},{"id":243182,"n":"Ecrasé Pom Bristo Façon grand-mère - 450g","p":3.87,"u":"8,60 €/KG","img":"https://fd13-photos.leclercdrive.fr/image.ashx?id=2866442&use=l&cat=p&typeid=i","cat":319793},{"id":243249,"n":"Foie gras de canard Delpeyrat Bloc 540g","p":44.9,"u":"83,15 €/KG","img":"https://fd13-photos.leclercdrive.fr/image.ashx?id=2833267&use=l&cat=p&typeid=i","cat":316008},{"id":243312,"n":"Nectar de cranberry Pauline 1L","p":3.49,"u":"3,49 €/L","img":"https://fd13-photos.leclercdrive.fr/image.ashx?id=2830417&use=l&cat=p&typeid=i","cat":284915},{"id":243335,"n":"Terrine aux noix de St-Jacques Guyader - 840g","p":15.97,"u":"19,01 €/KG","img":"https://fd13-photos.leclercdrive.fr/image.ashx?id=2830267&use=l&cat=p&typeid=i","cat":285191},{"id":243660,"n":"Pain de mie 100% Mie Harrys Tranches épaisses Nature - 500g","p":1.72,"u":"3,44 €/KG","img":"https://fd13-photos.leclercdrive.fr/image.ashx?id=2686783&use=l&cat=p&typeid=i","cat":326550},{"id":243688,"n":"Concentré de citron Frucci 75cl","p":1.54,"u":"2,05 €/L","img":"https://fd13-photos.leclercdrive.fr/image.ashx?id=2865308&use=l&cat=p&typeid=i","cat":295020},{"id":243689,"n":"Boisson energisante X-Tense Energisante pina coco - 50cl","p":0.98,"u":"1,96 €/L","img":"https://fd13-photos.leclercdrive.fr/image.ashx?id=2956798&use=l&cat=p&typeid=i","cat":284533},{"id":243706,"n":"Boisson energisante X-tense  Tropical - 50cl","p":0.98,"u":"1,96 €/L","img":"https://fd13-photos.leclercdrive.fr/image.ashx?id=2956795&use=l&cat=p&typeid=i","cat":284533},{"id":243774,"n":"Piles AAA Duracel Optimum x8","p":11.85,"img":"https://fd13-photos.leclercdrive.fr/image.ashx?id=2929119&use=l&cat=p&typeid=i","cat":300572},{"id":243962,"n":"Lingettes Decolor Stop Protection couleurs - x22","p":4.25,"img":"https://fd13-photos.leclercdrive.fr/image.ashx?id=2890127&use=l&cat=p&typeid=i","cat":290450},{"id":243963,"n":"Lessive liquide Winni's Savon d'Alep & Verveine 1125ml","p":6.41,"u":"5,70 €/L","img":"https://fd13-photos.leclercdrive.fr/image.ashx?id=2834539&use=l&cat=p&typeid=i","cat":284640},{"id":243964,"n":"Lessive liquide Ecopack Winni's Savon d'Alep et Verveine 1350ml","p":7.66,"u":"5,67 €/L","img":"https://fd13-photos.leclercdrive.fr/image.ashx?id=2834542&use=l&cat=p&typeid=i","cat":284640},{"id":243967,"n":"Lessive liquide Winni's Couleurs Ecolabel 1125ml x25","p":7.2,"u":"6,40 €/L","img":"https://fd13-photos.leclercdrive.fr/image.ashx?id=2834545&use=l&cat=p&typeid=i","cat":284640},{"id":243968,"n":"Lessive liquide Ecopack Winni's Couleurs Ecolabel 1350ml x30","p":7.1,"u":"5,26 €/L","img":"https://fd13-photos.leclercdrive.fr/image.ashx?id=2834548&use=l&cat=p&typeid=i","cat":284640},{"id":243969,"n":"Adoucissant Winni's Fleurs blanches - 775ml - x31","p":2.39,"u":"3,08 €/L","img":"https://fd13-photos.leclercdrive.fr/image.ashx?id=2834551&use=l&cat=p&typeid=i","cat":284650},{"id":243970,"n":"Adoucissant Eco-pack Winni's Fleurs Blanches - 1250ml - x50","p":3.79,"u":"3,03 €/L","img":"https://fd13-photos.leclercdrive.fr/image.ashx?id=2834554&use=l&cat=p&typeid=i","cat":284650},{"id":243976,"n":"Tablette lave-vaisselle Visior Classique - x45","p":3.81,"img":"https://fd13-photos.leclercdrive.fr/image.ashx?id=2931856&use=l&cat=p&typeid=i","cat":284656},{"id":243995,"n":"Croutons saveur ail Pasquier 80g","p":1.09,"u":"13,63 €/KG","img":"https://fd13-photos.leclercdrive.fr/image.ashx?id=2834458&use=l&cat=p&typeid=i","cat":284464},{"id":243996,"n":"Croutons nature Pasquier 80g","p":0.99,"u":"12,38 €/KG","img":"https://fd13-photos.leclercdrive.fr/image.ashx?id=2834461&use=l&cat=p&typeid=i","cat":284464},{"id":244166,"n":"Café Gaillard moulu Sélection 250g","p":4.19,"u":"16,76 €/KG","img":"https://fd13-photos.leclercdrive.fr/image.ashx?id=2839238&use=l&cat=p&typeid=i","cat":284750},{"id":244169,"n":"Café Gaillard moulu Italien 250g","p":4.19,"u":"16,76 €/KG","img":"https://fd13-photos.leclercdrive.fr/image.ashx?id=2839241&use=l&cat=p&typeid=i","cat":284750},{"id":244180,"n":"Café en grains Gaillard Sélection 1kg","p":15.64,"u":"15,64 €/KG","img":"https://fd13-photos.leclercdrive.fr/image.ashx?id=2839253&use=l&cat=p&typeid=i","cat":293237},{"id":244183,"n":"Café en grains Italien Gaillard 1kg","p":15.64,"u":"15,64 €/KG","img":"https://fd13-photos.leclercdrive.fr/image.ashx?id=2839250&use=l&cat=p&typeid=i","cat":293237},{"id":244188,"n":"Café Gaillard moulu Moka 250g","p":4.31,"u":"17,24 €/KG","img":"https://fd13-photos.leclercdrive.fr/image.ashx?id=2839244&use=l&cat=p&typeid=i","cat":284750},{"id":244190,"n":"Café Gaillard en grains Moka 1000g","p":15.64,"u":"15,64 €/KG","img":"https://fd13-photos.leclercdrive.fr/image.ashx?id=2839247&use=l&cat=p&typeid=i","cat":293237},{"id":244204,"n":"Poêlée Champêtre Ec0+ 1kg","p":2.49,"img":"https://fd13-photos.leclercdrive.fr/image.ashx?id=2835045&use=l&cat=p&typeid=i","cat":319823},{"id":244218,"n":"Croquettes Friskies chat adulte Thon Légumes - 3kg","p":8.63,"u":"2,88 €/KG","img":"https://fd13-photos.leclercdrive.fr/image.ashx?id=2835148&use=l&cat=p&typeid=i","cat":284680},{"id":244229,"n":"Croquettes Friskies chat adulte Lapin Poulet Légumes - 1.5kg","p":4.59,"u":"3,06 €/KG","img":"https://fd13-photos.leclercdrive.fr/image.ashx?id=2835160&use=l&cat=p&typeid=i","cat":284680},{"id":244230,"n":"Croquettes Friskies chat adulte Poulet Légumes - 3kg","p":8.67,"u":"2,89 €/KG","img":"https://fd13-photos.leclercdrive.fr/image.ashx?id=2835151&use=l&cat=p&typeid=i","cat":284680},{"id":244234,"n":"Croquettes Friskies chat adulte Saumon Légumes - 1.5kg","p":4.59,"u":"3,06 €/KG","img":"https://fd13-photos.leclercdrive.fr/image.ashx?id=2860586&use=l&cat=p&typeid=i","cat":284680},{"id":244235,"n":"Croquettes Friskies chat adulte  Boeuf Poulet Légumes - 1.5kg","p":4.65,"u":"3,10 €/KG","img":"https://fd13-photos.leclercdrive.fr/image.ashx?id=2835154&use=l&cat=p&typeid=i","cat":284680},{"id":244261,"n":"Gnocchi à poêler  Lustucru - 1kg","p":3.89,"u":"3,89 €/KG","img":"https://fd13-photos.leclercdrive.fr/image.ashx?id=2835917&use=l&cat=p&typeid=i","cat":333682},{"id":244351,"n":"Shampooing Elsève Color vive 250ml","p":2.35,"u":"9,40 €/L","img":"https://fd13-photos.leclercdrive.fr/image.ashx?id=2989318&use=l&cat=p&typeid=i","cat":284606},{"id":244354,"n":"Shampooing Garnier Ultra doux  Miel - 250ml","p":2.09,"u":"8,36 €/L","img":"https://fd13-photos.leclercdrive.fr/image.ashx?id=2836502&use=l&cat=p&typeid=i","cat":284606},{"id":244356,"n":"Shampooing Garnier Ultra doux  Avocat 250ml","p":2.05,"u":"8,20 €/L","img":"https://fd13-photos.leclercdrive.fr/image.ashx?id=2836499&use=l&cat=p&typeid=i","cat":284606},{"id":244359,"n":"Shampooing Elsève Dream length  250ml","p":3.48,"u":"13,92 €/L","img":"https://fd13-photos.leclercdrive.fr/image.ashx?id=2863614&use=l&cat=p&typeid=i","cat":284606},{"id":244360,"n":"Shampooing Elsève Hyaluronique  250ml","p":3.48,"u":"13,92 €/L","img":"https://fd13-photos.leclercdrive.fr/image.ashx?id=2863617&use=l&cat=p&typeid=i","cat":284606},{"id":244535,"n":"Pâte force carbone texturisante Taft - 100ml","p":4.41,"u":"44,10 €/L","img":"https://fd13-photos.leclercdrive.fr/image.ashx?id=2836337&use=l&cat=p&typeid=i","cat":284608},{"id":244637,"n":"Gel tube Taft Force Maxx - 300ml","p":4.17,"u":"13,90 €/L","img":"https://fd13-photos.leclercdrive.fr/image.ashx?id=2921109&use=l&cat=p&typeid=i","cat":284609},{"id":244641,"n":"Gel cheveux Taft  Fixation forte - 250ml","p":4.41,"u":"17,64 €/L","img":"https://fd13-photos.leclercdrive.fr/image.ashx?id=2902690&use=l&cat=p&typeid=i","cat":284609},{"id":244661,"n":"Riz Basmati Lustucru Selection  10 min - 450g","p":2.2,"u":"4,89 €/KG","img":"https://fd13-photos.leclercdrive.fr/image.ashx?id=2836732&use=l&cat=p&typeid=i","cat":284428},{"id":245064,"n":"Riz Basmati Lustucru 900g","p":3.38,"u":"3,76 €/KG","img":"https://fd13-photos.leclercdrive.fr/image.ashx?id=2837640&use=l&cat=p&typeid=i","cat":284428},{"id":245074,"n":"Nouilles instantanées Maggi sauce aigre douce - 128g","p":1.95,"u":"15,23 €/KG","img":"https://fd13-photos.leclercdrive.fr/image.ashx?id=2837628&use=l&cat=p&typeid=i","cat":288992},{"id":245075,"n":"Nouilles instantanées Maggi  sauce Teriyaki - 128g","p":1.95,"u":"15,23 €/KG","img":"https://fd13-photos.leclercdrive.fr/image.ashx?id=2837625&use=l&cat=p&typeid=i","cat":288992},{"id":245076,"n":"Nouilles instantanées Maggi sauce Teriyaki - 75g","p":1.95,"u":"26,00 €/KG","img":"https://fd13-photos.leclercdrive.fr/image.ashx?id=2842966&use=l&cat=p&typeid=i","cat":288992},{"id":245078,"n":"Nouilles instantanées Maggi sauce poulet sésame - 75g","p":1.95,"u":"26,00 €/KG","img":"https://fd13-photos.leclercdrive.fr/image.ashx?id=2842963&use=l&cat=p&typeid=i","cat":288992},{"id":245082,"n":"Nouilles instantanées Maggi sauce sweet chili - 75g","p":1.95,"u":"26,00 €/KG","img":"https://fd13-photos.leclercdrive.fr/image.ashx?id=2842960&use=l&cat=p&typeid=i","cat":288992},{"id":245085,"n":"Sauce aigre douce Maggi  pour poulet - 355g","p":3.65,"u":"10,28 €/KG","img":"https://fd13-photos.leclercdrive.fr/image.ashx?id=2947231&use=l&cat=p&typeid=i","cat":288992},{"id":245086,"n":"Sauce Tikka Masala Maggi pour poulet - 340g","p":3.65,"u":"10,74 €/KG","img":"https://fd13-photos.leclercdrive.fr/image.ashx?id=2971772&use=l&cat=p&typeid=i","cat":289012},{"id":245230,"n":"Cottage cheese Danone Nature x2 - 360g","p":2.92,"u":"8,11 €/KG","img":"https://fd13-photos.leclercdrive.fr/image.ashx?id=2915694&use=l&cat=p&typeid=i","cat":326550},{"id":245238,"n":"Gousses vanille Tablier Blanc x2 - 4g","p":5.44,"img":"https://fd13-photos.leclercdrive.fr/image.ashx?id=2837701&use=l&cat=p&typeid=i","cat":284504},{"id":245383,"n":"Confiture Bonne Maman Abricot - 370g","p":1.74,"u":"4,70 €/KG","img":"https://fd13-photos.leclercdrive.fr/image.ashx?id=2968905&use=l&cat=p&typeid=i","cat":284480},{"id":245533,"n":"Rillettes du Mans La Véritable Bordeau Chesnel - 220g","p":1.61,"u":"7,32 €/KG","img":"https://fd13-photos.leclercdrive.fr/image.ashx?id=2763100&use=l&cat=p&typeid=i","cat":326550},{"id":245576,"n":"Sauce Pesto vert Panzani au basilic - 2x90g","p":2.79,"u":"15,50 €/KG","img":"https://fd13-photos.leclercdrive.fr/image.ashx?id=2873841&use=l&cat=p&typeid=i","cat":299047},{"id":245579,"n":"Sauce Pesto vert crémeux  Panzani - 190g","p":2.07,"u":"10,89 €/KG","img":"https://fd13-photos.leclercdrive.fr/image.ashx?id=2873838&use=l&cat=p&typeid=i","cat":299047},{"id":245580,"n":"Sauce Arrabbiata Panzani 400g","p":2.05,"u":"5,13 €/KG","img":"https://fd13-photos.leclercdrive.fr/image.ashx?id=2880694&use=l&cat=p&typeid=i","cat":299047},{"id":245582,"n":"Sauce Pesto Panzani poivrons ricotta - 190g","p":2.13,"u":"11,21 €/KG","img":"https://fd13-photos.leclercdrive.fr/image.ashx?id=2873835&use=l&cat=p&typeid=i","cat":299047},{"id":245605,"n":"Spécialité Lucien Georgelin  Pommes façon tatin - 320g","p":2.87,"u":"8,97 €/KG","img":"https://fd13-photos.leclercdrive.fr/image.ashx?id=2840596&use=l&cat=p&typeid=i","cat":284480},{"id":245681,"n":"Tranches Emmental Baguette Président - 8 tranches - 120g","p":1.95,"u":"16,25 €/KG","img":"https://fd13-photos.leclercdrive.fr/image.ashx?id=2840518&use=l&cat=p&typeid=i","cat":314028},{"id":245682,"n":"Tranches Gouda Baguette Président - 8 tranches - 120g","p":1.95,"u":"16,25 €/KG","img":"https://fd13-photos.leclercdrive.fr/image.ashx?id=2840521&use=l&cat=p&typeid=i","cat":314028},{"id":245683,"n":"Tranches Mimolette Baguette Président - 8 tranches - 120g","p":2.0,"u":"16,67 €/KG","img":"https://fd13-photos.leclercdrive.fr/image.ashx?id=2840524&use=l&cat=p&typeid=i","cat":314028},{"id":245745,"n":"Farine de blé type 55 - 1kg Pratiques agricoles bas carbone","p":0.89,"u":"0,89 €/KG","img":"https://fd13-photos.leclercdrive.fr/image.ashx?id=2969994&use=l&cat=p&typeid=i","cat":284503},{"id":245901,"n":"Terrines saumon Guyader 120g","p":2.24,"u":"18,67 €/KG","img":"https://fd13-photos.leclercdrive.fr/image.ashx?id=2504722&use=l&cat=p&typeid=i","cat":326550},{"id":245929,"n":"Tablette chocolat KitKat Caramel salé - 99g","p":2.35,"u":"23,74 €/KG","img":"https://fd13-photos.leclercdrive.fr/image.ashx?id=2990868&use=l&cat=p&typeid=i","cat":284497},{"id":245930,"n":"Tablette KitKat  Double chocolat - 99g","p":2.34,"u":"23,64 €/KG","img":"https://fd13-photos.leclercdrive.fr/image.ashx?id=2990865&use=l&cat=p&typeid=i","cat":284497},{"id":245931,"n":"Tablette chocolat KitKat  Noisette - 99g","p":2.34,"u":"23,64 €/KG","img":"https://fd13-photos.leclercdrive.fr/image.ashx?id=2871046&use=l&cat=p&typeid=i","cat":284497},{"id":245983,"n":"Café en capsules L'Or Espresso  Forza x35+15 260g","p":9.07,"u":"34,88 €/KG","img":"https://fd13-photos.leclercdrive.fr/image.ashx?id=2842156&use=l&cat=p&typeid=i","cat":284749},{"id":245985,"n":"Café en capsules LOr Espresso Ristretto x35+15 260g","p":9.07,"u":"34,88 €/KG","img":"https://fd13-photos.leclercdrive.fr/image.ashx?id=2842159&use=l&cat=p&typeid=i","cat":284749},{"id":246160,"n":"Café capsules L'OR Espresso Supremo - x35 +15 - 260g","p":10.5,"u":"40,38 €/KG","img":"https://fd13-photos.leclercdrive.fr/image.ashx?id=2843532&use=l&cat=p&typeid=i","cat":284749},{"id":246201,"n":"Pâtes penné rigaté Eco+ 1kg","p":1.1,"u":"1,10 €/KG","img":"https://fd13-photos.leclercdrive.fr/image.ashx?id=2856736&use=l&cat=p&typeid=i","cat":284427},{"id":246216,"n":"Coupelles Douceurs du Verger Pomme Fraise - 4x100g","p":1.23,"u":"3,08 €/KG","img":"https://fd13-photos.leclercdrive.fr/image.ashx?id=2878741&use=l&cat=p&typeid=i","cat":284508},{"id":246217,"n":"Gourdes Douceur du Verger Pommes Fraises abricot 4x90g","p":1.6,"u":"4,44 €/KG","img":"https://fd13-photos.leclercdrive.fr/image.ashx?id=2934781&use=l&cat=p&typeid=i","cat":284508},{"id":246225,"n":"Tablette de chocolat Equador Amandes caramel - 100g","p":1.69,"u":"16,90 €/KG","img":"https://fd13-photos.leclercdrive.fr/image.ashx?id=2843120&use=l&cat=p&typeid=i","cat":284497},{"id":246226,"n":"Houmous Blini 200g","p":1.48,"u":"7,40 €/KG","img":"https://fd13-photos.leclercdrive.fr/image.ashx?id=2487716&use=l&cat=p&typeid=i","cat":326550},{"id":246231,"n":"Fromage St Nectaire NRT AOP  600g","p":6.5,"u":"10,83 €/KG","img":"https://fd13-photos.leclercdrive.fr/image.ashx?id=2550854&use=l&cat=p&typeid=i","cat":326550},{"id":246260,"n":"Masque Elseve Total Repair 5 - 310ml","p":5.23,"u":"16,87 €/L","img":"https://fd13-photos.leclercdrive.fr/image.ashx?id=2844178&use=l&cat=p&typeid=i","cat":284608},{"id":246261,"n":"Shampooing Elseve Hyaluronique - 400ml","p":5.91,"u":"14,78 €/L","img":"https://fd13-photos.leclercdrive.fr/image.ashx?id=2844181&use=l&cat=p&typeid=i","cat":284606},{"id":246262,"n":"Shampooing Elseve Dream long - 400ml","p":5.12,"u":"12,80 €/L","img":"https://fd13-photos.leclercdrive.fr/image.ashx?id=2844187&use=l&cat=p&typeid=i","cat":284606},{"id":246263,"n":"Sérum Elseve Anti-chute - 102ml","p":10.96,"u":"107,45 €/L","img":"https://fd13-photos.leclercdrive.fr/image.ashx?id=2844190&use=l&cat=p&typeid=i","cat":284608},{"id":246269,"n":"Après-shampooing Elseve Démêlant anti-chute - 150ml","p":5.49,"u":"36,60 €/L","img":"https://fd13-photos.leclercdrive.fr/image.ashx?id=2844193&use=l&cat=p&typeid=i","cat":284607},{"id":246270,"n":"Shampooing Elseve Anti-chute - 200ml","p":5.59,"u":"27,95 €/L","img":"https://fd13-photos.leclercdrive.fr/image.ashx?id=2844196&use=l&cat=p&typeid=i","cat":284606},{"id":246272,"n":"Shampooing Elseve Hyaluronique Pure - 250ml","p":4.18,"u":"16,72 €/L","img":"https://fd13-photos.leclercdrive.fr/image.ashx?id=2981593&use=l&cat=p&typeid=i","cat":284606},{"id":246330,"n":"Saumon Selection Purina One Junior 1 à 12 mois - 1.5 kg","p":7.41,"u":"4,94 €/KG","img":"https://fd13-photos.leclercdrive.fr/image.ashx?id=2844487&use=l&cat=p&typeid=i","cat":284680},{"id":246335,"n":"Mini boeuf Purina One Mini 85g","p":4.32,"u":"5,08 €/KG","img":"https://fd13-photos.leclercdrive.fr/image.ashx?id=2844481&use=l&cat=p&typeid=i","cat":284673},{"id":246363,"n":"Déboucheur à la soude Briochin 900ml","p":4.04,"u":"4,49 €/L","img":"https://fd13-photos.leclercdrive.fr/image.ashx?id=3000779&use=l&cat=p&typeid=i","cat":284908},{"id":246364,"n":"Savon noir Briochin 1L","p":2.98,"u":"2,98 €/L","img":"https://fd13-photos.leclercdrive.fr/image.ashx?id=3000752&use=l&cat=p&typeid=i","cat":284907},{"id":246466,"n":"Soupe Knorr Pot au feu -14x55g","p":1.55,"u":"2,01 €/KG","img":"https://fd13-photos.leclercdrive.fr/image.ashx?id=2845656&use=l&cat=p&typeid=i","cat":293527},{"id":246468,"n":"Kub or Maggi  Herbes de provence x32 - 128g","p":1.52,"u":"11,88 €/KG","img":"https://fd13-photos.leclercdrive.fr/image.ashx?id=2992320&use=l&cat=p&typeid=i","cat":298297},{"id":246480,"n":"Dentifrice Colgate Total 24h Active Soin émail - 2x75ml","p":4.89,"u":"32,60 €/L","img":"https://fd13-photos.leclercdrive.fr/image.ashx?id=2845671&use=l&cat=p&typeid=i","cat":284612},{"id":246546,"n":"Cube allume feu Silex Sans odeur - x40","p":2.35,"u":"0,06 €/P","img":"https://fd13-photos.leclercdrive.fr/image.ashx?id=2849593&use=l&cat=p&typeid=i","cat":300578},{"id":246547,"n":"Crème nettoyante Neutrogena Points noirs 2% - 150ml","p":5.27,"u":"35,13 €/L","img":"https://fd13-photos.leclercdrive.fr/image.ashx?id=2846045&use=l&cat=p&typeid=i","cat":284603},{"id":246548,"n":"Gel exfoliant Neutrogena Pamplemousse 0.5% - 150ml","p":4.38,"u":"29,20 €/L","img":"https://fd13-photos.leclercdrive.fr/image.ashx?id=2846048&use=l&cat=p&typeid=i","cat":325346},{"id":246549,"n":"Gel nettoyant Neutrogena Pamplemousse 0.5% - 200ml","p":4.95,"u":"24,75 €/L","img":"https://fd13-photos.leclercdrive.fr/image.ashx?id=2846051&use=l&cat=p&typeid=i","cat":284603},{"id":246638,"n":"Riz parfumé Taureau Ailé 1kg","p":2.87,"u":"2,87 €/KG","img":"https://fd13-photos.leclercdrive.fr/image.ashx?id=2846739&use=l&cat=p&typeid=i","cat":284428},{"id":246918,"n":"Lentilles vertes Notre Jardin 600g","p":1.99,"u":"3,32 €/KG","img":"https://fd13-photos.leclercdrive.fr/image.ashx?id=2873177&use=l&cat=p&typeid=i","cat":319805},{"id":246920,"n":"Pois chiches Notre Jardin 600g","p":1.7,"u":"2,83 €/KG","img":"https://fd13-photos.leclercdrive.fr/image.ashx?id=2873180&use=l&cat=p&typeid=i","cat":319805},{"id":247010,"n":"AOP Pic Saint Loup rouge Rocastel La Gravette - 75 cl","p":7.5,"u":"10,00 €/L","img":"https://fd13-photos.leclercdrive.fr/image.ashx?id=2850880&use=l&cat=p&typeid=i","cat":289556},{"id":247058,"n":"Les Mini Galettes Saint Michel Emmental - 100g","p":1.95,"u":"19,50 €/KG","img":"https://fd13-photos.leclercdrive.fr/image.ashx?id=2936278&use=l&cat=p&typeid=i","cat":297000},{"id":247059,"n":"Les minis galettes Saint Michel Comté - 100g","p":1.95,"u":"19,50 €/KG","img":"https://fd13-photos.leclercdrive.fr/image.ashx?id=2936281&use=l&cat=p&typeid=i","cat":297000},{"id":247060,"n":"Les Minis Galettes Saint Michel Tomates herbes de provence 100g","p":1.59,"u":"15,90 €/KG","img":"https://fd13-photos.leclercdrive.fr/image.ashx?id=2936284&use=l&cat=p&typeid=i","cat":297000},{"id":247061,"n":"Les minis pesto Saint Michel madeleines moelleuses  100g","p":1.42,"u":"14,20 €/KG","img":"https://fd13-photos.leclercdrive.fr/image.ashx?id=2936302&use=l&cat=p&typeid=i","cat":297000},{"id":247083,"n":"Mélange Rustica Tournesol & olive - 1L","p":3.39,"u":"3,39 €/L","img":"https://fd13-photos.leclercdrive.fr/image.ashx?id=2900358&use=l&cat=p&typeid=i","cat":284453},{"id":247099,"n":"Coupelles Douceur du verger pomme banane - 4x100g","p":1.09,"u":"2,73 €/KG","img":"https://fd13-photos.leclercdrive.fr/image.ashx?id=2878744&use=l&cat=p&typeid=i","cat":284508},{"id":247139,"n":"Croutons Tipiak Ail - 150g","p":1.7,"u":"11,33 €/KG","img":"https://fd13-photos.leclercdrive.fr/image.ashx?id=2864089&use=l&cat=p&typeid=i","cat":284464},{"id":247140,"n":"Crouton Tipiak Nature - 150g","p":1.72,"u":"11,47 €/KG","img":"https://fd13-photos.leclercdrive.fr/image.ashx?id=2866376&use=l&cat=p&typeid=i","cat":284464},{"id":247141,"n":"Petit pois carottes D'Aucy Tendres et fondants - 265g","p":1.1,"u":"4,15 €/KG","img":"https://fd13-photos.leclercdrive.fr/image.ashx?id=2849680&use=l&cat=p&typeid=i","cat":312607},{"id":247142,"n":"Patée en sauce Purina One Thon et poulet - 340g","p":2.19,"u":"6,44 €/KG","img":"https://fd13-photos.leclercdrive.fr/image.ashx?id=2850207&use=l&cat=p&typeid=i","cat":285286},{"id":247143,"n":"Mini madeleines Saint Michel Provencale - 100g","p":1.42,"u":"14,20 €/KG","img":"https://fd13-photos.leclercdrive.fr/image.ashx?id=2936305&use=l&cat=p&typeid=i","cat":297000},{"id":247155,"n":"Soupe pour chat Felix Sélection de la campagne  4x48g","p":1.77,"u":"6,15 €/KG","img":"https://fd13-photos.leclercdrive.fr/image.ashx?id=2899701&use=l&cat=p&typeid=i","cat":285286},{"id":247261,"n":"Shampooing Elsève Colorvive - 300ml","p":4.18,"u":"13,93 €/L","img":"https://fd13-photos.leclercdrive.fr/image.ashx?id=2850614&use=l&cat=p&typeid=i","cat":284606},{"id":247262,"n":"Shampooing Elsève Hyaluronique - 250ml","p":4.18,"u":"16,72 €/L","img":"https://fd13-photos.leclercdrive.fr/image.ashx?id=2869095&use=l&cat=p&typeid=i","cat":284606},{"id":247263,"n":"Shampooing Elsève Total repair 5 - 300ml","p":4.18,"u":"13,93 €/L","img":"https://fd13-photos.leclercdrive.fr/image.ashx?id=2850617&use=l&cat=p&typeid=i","cat":284606},{"id":247264,"n":"Shampooing Elseve Huile extraordinaire - 250ml","p":4.18,"u":"16,72 €/L","img":"https://fd13-photos.leclercdrive.fr/image.ashx?id=2868690&use=l&cat=p&typeid=i","cat":284606},{"id":247265,"n":"Shampooing Elseve Dream long - 250ml","p":4.18,"u":"16,72 €/L","img":"https://fd13-photos.leclercdrive.fr/image.ashx?id=2850623&use=l&cat=p&typeid=i","cat":284606},{"id":247269,"n":"Shampooing Elseve Nutri gloss - 300ml","p":4.18,"u":"13,93 €/L","img":"https://fd13-photos.leclercdrive.fr/image.ashx?id=2869089&use=l&cat=p&typeid=i","cat":284606},{"id":247270,"n":"Shampooing Elseve Multi-vitaminé - 300ml","p":4.18,"u":"13,93 €/L","img":"https://fd13-photos.leclercdrive.fr/image.ashx?id=2850629&use=l&cat=p&typeid=i","cat":284606},{"id":247271,"n":"Après-shampooing Elseve Color vive - 250ml","p":4.18,"u":"16,72 €/L","img":"https://fd13-photos.leclercdrive.fr/image.ashx?id=2850632&use=l&cat=p&typeid=i","cat":284607},{"id":247273,"n":"Démélant Elseve Hyaluronique Booster hydratation 72h - 200ml","p":4.18,"u":"20,90 €/L","img":"https://fd13-photos.leclercdrive.fr/image.ashx?id=2869092&use=l&cat=p&typeid=i","cat":284607},{"id":247274,"n":"Après-Shampooing Elseve Dream Long - 200ml","p":4.18,"u":"20,90 €/L","img":"https://fd13-photos.leclercdrive.fr/image.ashx?id=2850638&use=l&cat=p&typeid=i","cat":284607},{"id":247275,"n":"Après-shampooing Elseve Nutri gloss - 250ml","p":4.18,"u":"16,72 €/L","img":"https://fd13-photos.leclercdrive.fr/image.ashx?id=2850641&use=l&cat=p&typeid=i","cat":284607},{"id":247466,"n":"Gougères L'Atelier Traiteur x16 - 175g","p":3.37,"u":"19,26 €/KG","img":"https://fd13-photos.leclercdrive.fr/image.ashx?id=2815656&use=l&cat=p&typeid=i","cat":326550},{"id":247716,"n":"Mangue passion Lucien Georgelin Préparation e pommes - 320g","p":2.36,"u":"7,38 €/KG","img":"https://fd13-photos.leclercdrive.fr/image.ashx?id=2853089&use=l&cat=p&typeid=i","cat":284480},{"id":247720,"n":"Préparation Lucien Georgelin coing - 320g","p":2.66,"u":"8,31 €/KG","img":"https://fd13-photos.leclercdrive.fr/image.ashx?id=2855244&use=l&cat=p&typeid=i","cat":284480},{"id":247828,"n":"Rénovateur plastiques TECH9 Extérieurs - 500ml","p":3.45,"u":"6,90 €/L","img":"https://fd13-photos.leclercdrive.fr/image.ashx?id=2953422&use=l&cat=p&typeid=i","cat":298252},{"id":247829,"n":"Lingettes vitres TECH9 x25","p":2.75,"img":"https://fd13-photos.leclercdrive.fr/image.ashx?id=2907279&use=l&cat=p&typeid=i","cat":298252},{"id":247830,"n":"Lingettes tableau de bord","p":3.14,"img":"https://fd13-photos.leclercdrive.fr/image.ashx?id=2907282&use=l&cat=p&typeid=i","cat":298252},{"id":247831,"n":"Nettoyant plastique mat Tech9 400ml","p":3.99,"u":"9,98 €/L","img":"https://fd13-photos.leclercdrive.fr/image.ashx?id=2949664&use=l&cat=p&typeid=i","cat":298252},{"id":247834,"n":"Nettoyant plastique mat Tech9 400ml","p":3.99,"u":"9,98 €/L","img":"https://fd13-photos.leclercdrive.fr/image.ashx?id=2907288&use=l&cat=p&typeid=i","cat":298252},{"id":247863,"n":"Shampooing Elsève Color vive  2 en 1 - 250ml","p":4.25,"u":"17,00 €/L","img":"https://fd13-photos.leclercdrive.fr/image.ashx?id=2853961&use=l&cat=p&typeid=i","cat":284606},{"id":247865,"n":"Shampooing Elsève Color vive  500ml","p":5.12,"u":"10,24 €/L","img":"https://fd13-photos.leclercdrive.fr/image.ashx?id=2853964&use=l&cat=p&typeid=i","cat":284606},{"id":247866,"n":"Shampooing Elsève Full resist  250ml","p":3.69,"u":"14,76 €/L","img":"https://fd13-photos.leclercdrive.fr/image.ashx?id=2853967&use=l&cat=p&typeid=i","cat":284606},{"id":247867,"n":"Shampooing Elsève Huile  extraordinaire Coco - 250ml","p":4.09,"u":"16,36 €/L","img":"https://fd13-photos.leclercdrive.fr/image.ashx?id=2853970&use=l&cat=p&typeid=i","cat":284606},{"id":247869,"n":"Shampooing Elsève Huile  extraordinaire amla -250ml","p":3.69,"u":"14,76 €/L","img":"https://fd13-photos.leclercdrive.fr/image.ashx?id=2853973&use=l&cat=p&typeid=i","cat":284606},{"id":247871,"n":"Shampooing Elsève  Liss intense -300ml","p":4.1,"u":"13,67 €/L","img":"https://fd13-photos.leclercdrive.fr/image.ashx?id=2853976&use=l&cat=p&typeid=i","cat":284606},{"id":247873,"n":"Shampooing Elsève Fibralogy Volume - 300ml","p":4.17,"u":"13,90 €/L","img":"https://fd13-photos.leclercdrive.fr/image.ashx?id=2870686&use=l&cat=p&typeid=i","cat":284606},{"id":247874,"n":"Savon liquide Le Naturel  Extra pur de Marseille -500ml","p":2.53,"u":"5,06 €/L","img":"https://fd13-photos.leclercdrive.fr/image.ashx?id=2869119&use=l&cat=p&typeid=i","cat":284597},{"id":247877,"n":"Savon liquide Le Naturel Fleur d'oranger - 500ml","p":2.39,"u":"4,78 €/L","img":"https://fd13-photos.leclercdrive.fr/image.ashx?id=2868693&use=l&cat=p&typeid=i","cat":284597},{"id":247878,"n":"Savon liquide Le Natural  Recharge Savon de Marseille -1l","p":4.73,"u":"4,73 €/L","img":"https://fd13-photos.leclercdrive.fr/image.ashx?id=2869122&use=l&cat=p&typeid=i","cat":284597},{"id":247879,"n":"Adoucissant Soupline Concentré Grand air - 1.9L","p":8.25,"u":"4,34 €/L","img":"https://fd13-photos.leclercdrive.fr/image.ashx?id=2966800&use=l&cat=p&typeid=i","cat":284650},{"id":247881,"n":"Adoucissant concentré Soupline  Douceur des Alpes -0,9L","p":3.28,"u":"3,64 €/L","img":"https://fd13-photos.leclercdrive.fr/image.ashx?id=2854825&use=l&cat=p&typeid=i","cat":284650},{"id":247882,"n":"Shampooing Elsève  Antipelliculaire - 300ml","p":3.84,"u":"12,80 €/L","img":"https://fd13-photos.leclercdrive.fr/image.ashx?id=2853982&use=l&cat=p&typeid=i","cat":284606},{"id":247934,"n":"Préfou chèvre miel NRT L'Atelier Traiteur - 280g","p":2.99,"u":"10,68 €/KG","img":"https://fd13-photos.leclercdrive.fr/image.ashx?id=2989778&use=l&cat=p&typeid=i","cat":326550},{"id":248324,"n":"Eponges L'essentielle Spontex Grattantes - x2","p":1.31,"u":"0,66 €/P","img":"https://fd13-photos.leclercdrive.fr/image.ashx?id=2855936&use=l&cat=p&typeid=i","cat":325894},{"id":248327,"n":"Crème de douche Corine de Farme Surgras - Noix de coco - 500ml","p":3.32,"u":"6,64 €/L","img":"https://fd13-photos.leclercdrive.fr/image.ashx?id=2856386&use=l&cat=p&typeid=i","cat":284594},{"id":248328,"n":"Recharge Crème de douche  Le Petit Marseillais Lait 500ml","p":2.8,"u":"5,60 €/L","img":"https://fd13-photos.leclercdrive.fr/image.ashx?id=2855957&use=l&cat=p&typeid=i","cat":284594},{"id":248329,"n":"Recharge Crème de douche Fleur d'oranger - 500ml","p":2.78,"u":"5,56 €/L","img":"https://fd13-photos.leclercdrive.fr/image.ashx?id=2855960&use=l&cat=p&typeid=i","cat":284594},{"id":248330,"n":"Recharge Crème de douche Lait d'amande - 500ml","p":2.92,"u":"5,84 €/L","img":"https://fd13-photos.leclercdrive.fr/image.ashx?id=2855963&use=l&cat=p&typeid=i","cat":284594},{"id":248340,"n":"Recharge Crème de douche Le Petit Marseillais Vanille 500ml","p":2.73,"u":"5,46 €/L","img":"https://fd13-photos.leclercdrive.fr/image.ashx?id=2855966&use=l&cat=p&typeid=i","cat":284594},{"id":248342,"n":"Lait après-soleil Garnier Ambre solaire - 175ml","p":5.52,"u":"31,54 €/L","img":"https://fd13-photos.leclercdrive.fr/image.ashx?id=2881954&use=l&cat=p&typeid=i","cat":325355},{"id":248343,"n":"Masque capillaire Fructis Méthode boucles - 370ml","p":6.66,"u":"18,00 €/L","img":"https://fd13-photos.leclercdrive.fr/image.ashx?id=2867107&use=l&cat=p&typeid=i","cat":284608},{"id":248345,"n":"Bandes de cire visage Veet Peaux sensibles - x16","p":4.27,"img":"https://fd13-photos.leclercdrive.fr/image.ashx?id=2901668&use=l&cat=p&typeid=i","cat":325351},{"id":248414,"n":"Bonbons à mâcher Hi-Chew  Fraise 50g","p":1.72,"u":"34,40 €/KG","img":"https://fd13-photos.leclercdrive.fr/image.ashx?id=2856808&use=l&cat=p&typeid=i","cat":304251},{"id":248542,"n":"Mangue 1p","p":1.89,"img":"https://fd13-photos.leclercdrive.fr/image.ashx?id=1636371&use=l&cat=p&typeid=i","cat":284356},{"id":248545,"n":"Chou-fleur blanc 1p","p":1.3,"img":"https://fd13-photos.leclercdrive.fr/image.ashx?id=1631991&use=l&cat=p&typeid=i","cat":284352},{"id":248646,"n":"Fromage Maroilles AOP  Nos Régions ont du Talent 200g","p":2.02,"u":"10,10 €/KG","img":"https://fd13-photos.leclercdrive.fr/image.ashx?id=2411892&use=l&cat=p&typeid=i","cat":326550},{"id":248823,"n":"Sauce algérienne Rustica 260g","p":1.67,"u":"6,42 €/KG","img":"https://fd13-photos.leclercdrive.fr/image.ashx?id=2954397&use=l&cat=p&typeid=i","cat":318431},{"id":249019,"n":"Lessive liquide Xéor Savon de Marseille - 2.2L","p":3.89,"u":"1,77 €/L","img":"https://fd13-photos.leclercdrive.fr/image.ashx?id=2901500&use=l&cat=p&typeid=i","cat":284640},{"id":249021,"n":"Lessive liquide Xéor Savon de Marseille - 1.2L","p":2.12,"u":"1,77 €/L","img":"https://fd13-photos.leclercdrive.fr/image.ashx?id=2901503&use=l&cat=p&typeid=i","cat":284640},{"id":249037,"n":"Spray Huile d'amande douce Biolane 75ml","p":2.29,"u":"30,53 €/L","img":"https://fd13-photos.leclercdrive.fr/image.ashx?id=2893705&use=l&cat=p&typeid=i","cat":284741},{"id":249038,"n":"Shampooing Bio Mixa Bébé Très doux 2x300ml","p":5.23,"u":"8,72 €/L","img":"https://fd13-photos.leclercdrive.fr/image.ashx?id=3008053&use=l&cat=p&typeid=i","cat":284740},{"id":249039,"n":"Lingettes au lait de toilette  Biolane x72","p":2.79,"u":"0,04 €/P","img":"https://fd13-photos.leclercdrive.fr/image.ashx?id=2875381&use=l&cat=p&typeid=i","cat":284738},{"id":249040,"n":"Crème nourrissante et hydratant Biolane 100ml","p":2.29,"u":"22,90 €/L","img":"https://fd13-photos.leclercdrive.fr/image.ashx?id=2893699&use=l&cat=p&typeid=i","cat":284741},{"id":249041,"n":"Crème de change dermo-pédiatrie Biolane 100ml","p":2.29,"u":"22,90 €/L","img":"https://fd13-photos.leclercdrive.fr/image.ashx?id=2893702&use=l&cat=p&typeid=i","cat":284741},{"id":249091,"n":"Fromage à Raclette RichesMonts  Duo Classique & Fumée - 420G","p":4.88,"u":"11,62 €/KG","img":"https://fd13-photos.leclercdrive.fr/image.ashx?id=2953815&use=l&cat=p&typeid=i","cat":326550},{"id":249173,"n":"Riz basmati Taureau Ailé 1kg","p":3.62,"u":"3,62 €/KG","img":"https://fd13-photos.leclercdrive.fr/image.ashx?id=2860457&use=l&cat=p&typeid=i","cat":284428},{"id":249233,"n":"Fromage Gruyère NRT IGP 250g","p":2.99,"u":"11,96 €/KG","img":"https://fd13-photos.leclercdrive.fr/image.ashx?id=2466229&use=l&cat=p&typeid=i","cat":326550},{"id":249595,"n":"Glace Carte d'Or Vanille pécan caramel - 470g","p":3.2,"pp":2.7,"u":"5,74 €/KG","img":"https://fd13-photos.leclercdrive.fr/image.ashx?id=2861216&use=l&cat=p&typeid=i","cat":284263},{"id":249596,"n":"Glace Carte d'Or Cookie & Chocolat - 457g","p":3.3,"pp":2.79,"u":"6,11 €/KG","img":"https://fd13-photos.leclercdrive.fr/image.ashx?id=2861213&use=l&cat=p&typeid=i","cat":284263},{"id":249597,"n":"Glace Carte d'Or  Fraise et meringue 463g","p":3.07,"pp":2.79,"u":"6,03 €/KG","img":"https://fd13-photos.leclercdrive.fr/image.ashx?id=2861222&use=l&cat=p&typeid=i","cat":284263},{"id":249598,"n":"Glace Carte d'Or Façon smoothie Exotique - 466g","p":3.9,"pp":2.79,"u":"5,99 €/KG","img":"https://fd13-photos.leclercdrive.fr/image.ashx?id=2861210&use=l&cat=p&typeid=i","cat":284263},{"id":249599,"n":"Glace Carte d'Or Façon yaourt  Fruits des bois - 480g","p":3.9,"pp":2.75,"u":"5,73 €/KG","img":"https://fd13-photos.leclercdrive.fr/image.ashx?id=2861219&use=l&cat=p&typeid=i","cat":284263},{"id":249743,"n":"Sauce Crudités Bénédicta Nature - 290g","p":1.83,"u":"6,31 €/KG","img":"https://fd13-photos.leclercdrive.fr/image.ashx?id=2889661&use=l&cat=p&typeid=i","cat":284456},{"id":249951,"n":"Baby carottes Notre Jardin 250g","p":1.19,"u":"4,76 €/KG","img":"https://fd13-photos.leclercdrive.fr/image.ashx?id=2854255&use=l&cat=p&typeid=i","cat":326550},{"id":249956,"n":"Perles de linge Soupline  Grand air - 460g","p":15.16,"img":"https://fd13-photos.leclercdrive.fr/image.ashx?id=2861833&use=l&cat=p&typeid=i","cat":284650},{"id":249958,"n":"Risotto classique Knorr 12min - 175g","p":2.3,"u":"13,14 €/KG","img":"https://fd13-photos.leclercdrive.fr/image.ashx?id=3011956&use=l&cat=p&typeid=i","cat":284428},{"id":249961,"n":"Risotto aux asperges Knorr 12min - 175g","p":2.29,"u":"13,09 €/KG","img":"https://fd13-photos.leclercdrive.fr/image.ashx?id=2964255&use=l&cat=p&typeid=i","cat":284428},{"id":249964,"n":"Gourdes Douceur du Verger Fruits jaunes - 12x90g","p":4.39,"u":"4,06 €/KG","img":"https://fd13-photos.leclercdrive.fr/image.ashx?id=2934790&use=l&cat=p&typeid=i","cat":284508},{"id":249965,"n":"Gourdes Douceur du Verger 12x90g","p":4.19,"u":"3,88 €/KG","img":"https://fd13-photos.leclercdrive.fr/image.ashx?id=2934787&use=l&cat=p&typeid=i","cat":284508},{"id":249966,"n":"Gourdes Douceur du Verger 20x90g","p":4.89,"u":"2,72 €/KG","img":"https://fd13-photos.leclercdrive.fr/image.ashx?id=2934784&use=l&cat=p&typeid=i","cat":284508},{"id":249968,"n":"Pain sandwich nature Harry's  x8 - 360g","p":2.2,"u":"6,11 €/KG","img":"https://fd13-photos.leclercdrive.fr/image.ashx?id=2861503&use=l&cat=p&typeid=i","cat":284477},{"id":249994,"n":"Adoucissant Soupline  Hypoallergenique - 880ml","p":4.49,"u":"5,10 €/L","img":"https://fd13-photos.leclercdrive.fr/image.ashx?id=2863923&use=l&cat=p&typeid=i","cat":284650},{"id":249999,"n":"Mouliné de légumes Liebig - 25% de sel - 2x30cl","p":2.39,"u":"3,98 €/L","img":"https://fd13-photos.leclercdrive.fr/image.ashx?id=2863218&use=l&cat=p&typeid=i","cat":284462},{"id":250007,"n":"Boisson aux fruits Jafun Tropical - 6x33cl","p":3.03,"u":"1,53 €/L","img":"https://fd13-photos.leclercdrive.fr/image.ashx?id=2992603&use=l&cat=p&typeid=i","cat":295018},{"id":250026,"n":"Sauce samourai Rustica 260g","p":1.39,"u":"5,35 €/KG","img":"https://fd13-photos.leclercdrive.fr/image.ashx?id=2955074&use=l&cat=p&typeid=i","cat":318431},{"id":250153,"n":"Sauce burger Rustica 260g","p":1.29,"u":"4,96 €/KG","img":"https://fd13-photos.leclercdrive.fr/image.ashx?id=2954400&use=l&cat=p&typeid=i","cat":318431},{"id":250158,"n":"Crème hydratante So Bio Etic Booster d'éclat Bio 50ml","p":10.17,"u":"203,40 €/L","img":"https://fd13-photos.leclercdrive.fr/image.ashx?id=2863581&use=l&cat=p&typeid=i","cat":325350},{"id":250160,"n":"Sérum hydratation So Bio Etic Booster d'éclat Bio30ml","p":11.86,"u":"395,33 €/L","img":"https://fd13-photos.leclercdrive.fr/image.ashx?id=2863578&use=l&cat=p&typeid=i","cat":325345},{"id":250172,"n":"Sérum hydratant So Bio Etic Fortifiant repulpant Bio - 30ml","p":11.45,"u":"381,67 €/L","img":"https://fd13-photos.leclercdrive.fr/image.ashx?id=2863584&use=l&cat=p&typeid=i","cat":325345},{"id":250182,"n":"Sauce tartare Rustica 235g","p":1.13,"u":"4,81 €/KG","img":"https://fd13-photos.leclercdrive.fr/image.ashx?id=2955080&use=l&cat=p&typeid=i","cat":318430},{"id":250187,"n":"Crème douceur nuit So Bio Etic Régénérante - Anesse Bio 50ml","p":9.57,"u":"191,40 €/L","img":"https://fd13-photos.leclercdrive.fr/image.ashx?id=2863587&use=l&cat=p&typeid=i","cat":325345},{"id":250406,"n":"Sérum capillaire So Bio Etic Karité bio équitable - 100ml","p":6.74,"u":"67,40 €/L","img":"https://fd13-photos.leclercdrive.fr/image.ashx?id=2864104&use=l&cat=p&typeid=i","cat":284608},{"id":250407,"n":"Huile végétale So Bio Etic Ricin Bio équitable - 100ml","p":6.54,"u":"65,40 €/L","img":"https://fd13-photos.leclercdrive.fr/image.ashx?id=2864107&use=l&cat=p&typeid=i","cat":284608},{"id":250410,"n":"Eau micellaire So Bio Etic Tous types de peaux Bio 300ml","p":3.49,"u":"11,63 €/L","img":"https://fd13-photos.leclercdrive.fr/image.ashx?id=2864095&use=l&cat=p&typeid=i","cat":284603},{"id":250421,"n":"Sérum visage Nivea Luminous anti-tâches 30ml","p":16.35,"u":"545,00 €/L","img":"https://fd13-photos.leclercdrive.fr/image.ashx?id=3000821&use=l&cat=p&typeid=i","cat":325345},{"id":250425,"n":"Crème soin jour visage Nivea Anti-tâches SPF50 - 40ml","p":16.65,"u":"416,25 €/L","img":"https://fd13-photos.leclercdrive.fr/image.ashx?id=2985501&use=l&cat=p&typeid=i","cat":325345},{"id":250429,"n":"Crème contour yeux Nivea Q10 Power anti-rides - 15ml","p":12.12,"u":"808,00 €/L","img":"https://fd13-photos.leclercdrive.fr/image.ashx?id=3000336&use=l&cat=p&typeid=i","cat":325345},{"id":250431,"n":"Adoucissant Soupline concentré  Hypoallergénique - 1900 ml","p":10.31,"u":"5,43 €/L","img":"https://fd13-photos.leclercdrive.fr/image.ashx?id=2864230&use=l&cat=p&typeid=i","cat":284650},{"id":250432,"n":"Adoucissant Soupline Concentré  Lavande relaxante  1,9 L","p":8.25,"u":"4,34 €/L","img":"https://fd13-photos.leclercdrive.fr/image.ashx?id=2864227&use=l&cat=p&typeid=i","cat":284650},{"id":250433,"n":"Adoucissant  Soupline concentré Coco Envoûtant - 835ml","p":4.49,"u":"5,38 €/L","img":"https://fd13-photos.leclercdrive.fr/image.ashx?id=2864224&use=l&cat=p&typeid=i","cat":284650},{"id":250435,"n":"Adoucissant concentré Soupline Ultra Vanille - 835ml","p":4.49,"u":"5,38 €/L","img":"https://fd13-photos.leclercdrive.fr/image.ashx?id=2864221&use=l&cat=p&typeid=i","cat":284650},{"id":250442,"n":"Adoucissant concentré Soupline  Coco Envoûtant - 1800ml","p":8.25,"u":"4,58 €/L","img":"https://fd13-photos.leclercdrive.fr/image.ashx?id=2864233&use=l&cat=p&typeid=i","cat":284650},{"id":250487,"n":"Fromage blanc 0%MG Light & Free Nature - 8x100g","p":2.08,"u":"2,60 €/KG","img":"https://fd13-photos.leclercdrive.fr/image.ashx?id=3008008&use=l&cat=p&typeid=i","cat":326550},{"id":250653,"n":"Saumon fumé Eco+ Atlantique - 200g","p":3.5,"u":"17,50 €/KG","img":"https://fd13-photos.leclercdrive.fr/image.ashx?id=2856733&use=l&cat=p&typeid=i","cat":326550},{"id":250820,"n":"Gnocchini à poêler Lustucru 2x300g + 1 offert","p":3.19,"u":"3,54 €/KG","img":"https://fd13-photos.leclercdrive.fr/image.ashx?id=2939493&use=l&cat=p&typeid=i","cat":333682},{"id":250862,"n":"Panés epinards  Fromages - 2x90g","p":1.88,"u":"1,04 €/L","img":"https://fd13-photos.leclercdrive.fr/image.ashx?id=2932677&use=l&cat=p&typeid=i","cat":316036},{"id":250961,"n":"Mothais sur feuille NRT Fromage de chèvre - 150g","p":3.44,"u":"22,93 €/KG","img":"https://fd13-photos.leclercdrive.fr/image.ashx?id=2302491&use=l&cat=p&typeid=i","cat":326550},{"id":251277,"n":"Tablette lave-vaisselle Sun Tout en 1","p":11.48,"u":"11,48 €/KG","img":"https://fd13-photos.leclercdrive.fr/image.ashx?id=2867241&use=l&cat=p&typeid=i","cat":284656},{"id":251384,"n":"Escalopes panées végétales Végé x2 - 180g","p":1.99,"u":"11,06 €/KG","img":"https://fd13-photos.leclercdrive.fr/image.ashx?id=2884279&use=l&cat=p&typeid=i","cat":316036},{"id":251522,"n":"Boisson énergisante Celsius Pêche - 35,5cl","p":1.4,"u":"3,94 €/L","img":"https://fd13-photos.leclercdrive.fr/image.ashx?id=2905021&use=l&cat=p&typeid=i","cat":284533},{"id":251787,"n":"Fromage Beaufort NRT AOP  200g","p":3.74,"u":"18,70 €/KG","img":"https://fd13-photos.leclercdrive.fr/image.ashx?id=2271969&use=l&cat=p&typeid=i","cat":326550},{"id":251934,"n":"Fromage Cantal Entre deux NRT  AOP - 220g","p":2.44,"u":"11,09 €/KG","img":"https://fd13-photos.leclercdrive.fr/image.ashx?id=2934838&use=l&cat=p&typeid=i","cat":326550},{"id":251988,"n":"Spray démêlant Corine de Farme Vaïana - 200ml","p":3.67,"u":"18,35 €/L","img":"https://fd13-photos.leclercdrive.fr/image.ashx?id=2868449&use=l&cat=p&typeid=i","cat":284608},{"id":251990,"n":"Patch invisible visage Garnier Anti-acné - x22","p":7.11,"img":"https://fd13-photos.leclercdrive.fr/image.ashx?id=3000794&use=l&cat=p&typeid=i","cat":325345},{"id":251996,"n":"Perles de linge Soupline Adoucissant - Vanille - 230g","p":9.02,"u":"39,22 €/KG","img":"https://fd13-photos.leclercdrive.fr/image.ashx?id=2868608&use=l&cat=p&typeid=i","cat":284650},{"id":251999,"n":"Gel douche Tahiti Coco & Jasmin - 250ml","p":1.96,"u":"7,84 €/L","img":"https://fd13-photos.leclercdrive.fr/image.ashx?id=2919445&use=l&cat=p&typeid=i","cat":284594},{"id":252001,"n":"Gel douche Tahiti Vanille & amande - 250ml","p":1.96,"u":"7,84 €/L","img":"https://fd13-photos.leclercdrive.fr/image.ashx?id=2919451&use=l&cat=p&typeid=i","cat":284594},{"id":252002,"n":"Couches écoresponsables Biolane Taille 1 - x28","p":7.68,"img":"https://fd13-photos.leclercdrive.fr/image.ashx?id=2876518&use=l&cat=p&typeid=i","cat":284737},{"id":252005,"n":"Spray nasal Biolane Eaux thermale et mer - 100ml","p":4.55,"u":"45,50 €/L","img":"https://fd13-photos.leclercdrive.fr/image.ashx?id=2903224&use=l&cat=p&typeid=i","cat":289435},{"id":252008,"n":"Sérum visage Revitalift Laser Correcteur anti-âge -30ml","p":14.6,"u":"486,67 €/L","img":"https://fd13-photos.leclercdrive.fr/image.ashx?id=2874024&use=l&cat=p&typeid=i","cat":325345},{"id":252009,"n":"Lessive liquide Skip Active clean - x40 - 1.68L","p":11.02,"u":"6,56 €/L","img":"https://fd13-photos.leclercdrive.fr/image.ashx?id=2908393&use=l&cat=p&typeid=i","cat":284640},{"id":252097,"n":"Lessive Liquide SKIP Touche de Cajoline x37 lavages","p":10.4,"u":"6,69 €/L","img":"https://fd13-photos.leclercdrive.fr/image.ashx?id=2940660&use=l&cat=p&typeid=i","cat":284640},{"id":252099,"n":"Fil dentaire Ricqles 2 en 1 - x50","p":3.55,"img":"https://fd13-photos.leclercdrive.fr/image.ashx?id=2868909&use=l&cat=p&typeid=i","cat":285159},{"id":252102,"n":"Brossettes interdentaires  Ricqles Réutilisables 0.6mm x5","p":4.53,"img":"https://fd13-photos.leclercdrive.fr/image.ashx?id=2868915&use=l&cat=p&typeid=i","cat":285159},{"id":252107,"n":"Eau de toilette Biolane Fraîcheur - 200ml","p":4.0,"u":"20,00 €/L","img":"https://fd13-photos.leclercdrive.fr/image.ashx?id=2868978&use=l&cat=p&typeid=i","cat":284741},{"id":252109,"n":"Duo sérum anti-âge L'Oréal Age perfect - 30ml","p":24.5,"pp":16.17,"u":"539,00 €/L","img":"https://fd13-photos.leclercdrive.fr/image.ashx?id=2874003&use=l&cat=p&typeid=i","cat":325345},{"id":252112,"n":"Soin anti-tâches L'Oréal Paris Bright Reveal SPF50+ - 50ml","p":19.99,"u":"399,80 €/L","img":"https://fd13-photos.leclercdrive.fr/image.ashx?id=2903428&use=l&cat=p&typeid=i","cat":325345},{"id":252113,"n":"Fluide anti-uv L'Oréal Medium SPF50 50ml","p":17.64,"u":"352,80 €/L","img":"https://fd13-photos.leclercdrive.fr/image.ashx?id=2874009&use=l&cat=p&typeid=i","cat":325345},{"id":252119,"n":"Gel moussant purifiant L'Oréal Men Expert - 260ml","p":9.89,"u":"38,04 €/L","img":"https://fd13-photos.leclercdrive.fr/image.ashx?id=2874012&use=l&cat=p&typeid=i","cat":284622},{"id":252120,"n":"Crème hydratante L'Oréal Bright Reveal - SPF50 - 50ml","p":15.09,"u":"301,80 €/L","img":"https://fd13-photos.leclercdrive.fr/image.ashx?id=2874015&use=l&cat=p&typeid=i","cat":284622},{"id":252125,"n":"Soin hydratant L'Oréal Matifiant - SPF30 - 40ml","p":11.99,"u":"299,75 €/L","img":"https://fd13-photos.leclercdrive.fr/image.ashx?id=3008785&use=l&cat=p&typeid=i","cat":284622},{"id":252127,"n":"Sérum anti-imperfection L'oréal Men expert - 30ml","p":13.99,"u":"466,33 €/L","img":"https://fd13-photos.leclercdrive.fr/image.ashx?id=2874021&use=l&cat=p&typeid=i","cat":284622},{"id":252128,"n":"Spray nettoyant multi-usage CIF Infinite+Clean Protection 280ml","p":3.63,"u":"12,96 €/MT","img":"https://fd13-photos.leclercdrive.fr/image.ashx?id=2948543&use=l&cat=p&typeid=i","cat":325357},{"id":252129,"n":"Spray nettoyant multi-usage Cif  Infinite+Clean Brillance-280ml","p":4.25,"u":"15,18 €/L","img":"https://fd13-photos.leclercdrive.fr/image.ashx?id=2872234&use=l&cat=p&typeid=i","cat":325357},{"id":252133,"n":"Spray nettoyant multi-usage CIF Infinite+Clean 280ml","p":4.25,"u":"15,18 €/L","img":"https://fd13-photos.leclercdrive.fr/image.ashx?id=2948546&use=l&cat=p&typeid=i","cat":325357},{"id":252134,"n":"Recharge Spray nettoyant CIF Infinite+Clean Protection 590ml","p":4.99,"u":"8,46 €/L","img":"https://fd13-photos.leclercdrive.fr/image.ashx?id=2948549&use=l&cat=p&typeid=i","cat":325357},{"id":252136,"n":"Recharge Spray nettoyant CIF Infinite+Clean Brillance 590ml","p":5.0,"u":"8,47 €/L","img":"https://fd13-photos.leclercdrive.fr/image.ashx?id=2940675&use=l&cat=p&typeid=i","cat":325357},{"id":252137,"n":"Recharge Spray nettoyant CIF Infinite+Clean 590ml","p":4.71,"u":"7,98 €/L","img":"https://fd13-photos.leclercdrive.fr/image.ashx?id=2974066&use=l&cat=p&typeid=i","cat":325357},{"id":252144,"n":"Emmental tranchettes Eco+ 30%MG 300g","p":2.59,"u":"8,63 €/KG","img":"https://fd13-photos.leclercdrive.fr/image.ashx?id=2874823&use=l&cat=p&typeid=i","cat":314028},{"id":252582,"n":"Après-shampooing Elsève Full resist - 200ml","p":4.62,"u":"23,10 €/L","img":"https://fd13-photos.leclercdrive.fr/image.ashx?id=2872931&use=l&cat=p&typeid=i","cat":284607},{"id":252811,"n":"Lait corps Nivea Nourrissant Peaux sèches 250ml","p":4.12,"u":"20,60 €/L","img":"https://fd13-photos.leclercdrive.fr/image.ashx?id=3005233&use=l&cat=p&typeid=i","cat":325349},{"id":252858,"n":"Steak haché Férial 15%mg - 800g","p":8.36,"u":"10,45 €/KG","img":"https://fd13-photos.leclercdrive.fr/image.ashx?id=2904004&use=l&cat=p&typeid=i","cat":326550},{"id":252997,"n":"Émincés de veau Tomates Herbes L'Atelier Boucherie - 200g","p":3.59,"u":"17,95 €/KG","img":"https://fd13-photos.leclercdrive.fr/image.ashx?id=2854285&use=l&cat=p&typeid=i","cat":326550},{"id":253339,"n":"Croque Monsieur Herta Chèvre jambon - 310g","p":2.59,"u":"8,35 €/KG","img":"https://fd13-photos.leclercdrive.fr/image.ashx?id=2877745&use=l&cat=p&typeid=i","cat":333671},{"id":253342,"n":"Croque-Monsieur Herta  Maxi Montagnard x2 - 310g","p":2.59,"u":"8,35 €/KG","img":"https://fd13-photos.leclercdrive.fr/image.ashx?id=2877748&use=l&cat=p&typeid=i","cat":333671},{"id":253514,"n":"Brosse à dents enfant Dentamyl Clignotante - Jaune x1","p":1.99,"img":"https://fd13-photos.leclercdrive.fr/image.ashx?id=2878669&use=l&cat=p&typeid=i","cat":288897},{"id":253516,"n":"Brosse à dents enfant Dentamyl Clignotante - Vert  x1","p":1.99,"img":"https://fd13-photos.leclercdrive.fr/image.ashx?id=2878672&use=l&cat=p&typeid=i","cat":288897},{"id":253517,"n":"Brosse à dents enfant Dentamyl Clignotante - Bleu x1","p":1.99,"img":"https://fd13-photos.leclercdrive.fr/image.ashx?id=2878675&use=l&cat=p&typeid=i","cat":288897},{"id":253523,"n":"Brosse à dents Petit Dentamyl 2-6 ans - Rose Vert Bleu x3","p":1.47,"u":"0,49 €/P","img":"https://fd13-photos.leclercdrive.fr/image.ashx?id=2872790&use=l&cat=p&typeid=i","cat":288897},{"id":253527,"n":"Brosse à dents Petit Dentamyl 2-6 ans - Jaune Vert Bleu x3","p":1.47,"u":"0,49 €/P","img":"https://fd13-photos.leclercdrive.fr/image.ashx?id=2872793&use=l&cat=p&typeid=i","cat":288897},{"id":253571,"n":"Bols Mots d'Enfants - 2x200g  Tomates, pâtes et boeuf dès 8M","p":2.39,"u":"5,98 €/KG","img":"https://fd13-photos.leclercdrive.fr/image.ashx?id=2892358&use=l&cat=p&typeid=i","cat":312236},{"id":253575,"n":"Bols Mots d'Enfants - 2x200g  Parmentier de cabillaud dès 8M","p":2.09,"u":"5,23 €/KG","img":"https://fd13-photos.leclercdrive.fr/image.ashx?id=2892361&use=l&cat=p&typeid=i","cat":312236},{"id":253581,"n":"Bols Mots d'Enfants - 2x200g  Purée de légumes dès 8M","p":1.69,"u":"4,23 €/KG","img":"https://fd13-photos.leclercdrive.fr/image.ashx?id=2892364&use=l&cat=p&typeid=i","cat":312236},{"id":253677,"n":"Bols Mots d'Enfants - 2x200g  Pâtes, épinards et crème dès 8M","p":2.29,"u":"5,73 €/KG","img":"https://fd13-photos.leclercdrive.fr/image.ashx?id=2892367&use=l&cat=p&typeid=i","cat":312236},{"id":253678,"n":"Assiette Mots d'Enfants - 230g Spaghetti bolognaise dès 12M","p":1.39,"u":"6,04 €/KG","img":"https://fd13-photos.leclercdrive.fr/image.ashx?id=2898050&use=l&cat=p&typeid=i","cat":312237},{"id":253679,"n":"Assiette Mots d'Enfants - 230g Hachis parmentier dès 12M","p":1.39,"u":"6,04 €/KG","img":"https://fd13-photos.leclercdrive.fr/image.ashx?id=2892370&use=l&cat=p&typeid=i","cat":312237},{"id":253682,"n":"Assiette Mots d'Enfants - 230g Légumes et macaroni dès 12M","p":1.39,"u":"6,04 €/KG","img":"https://fd13-photos.leclercdrive.fr/image.ashx?id=2892373&use=l&cat=p&typeid=i","cat":312237},{"id":253683,"n":"Assiette Mots d'Enfants - 250g Pommes de terre, poulet dès 15M","p":1.59,"u":"6,36 €/KG","img":"https://fd13-photos.leclercdrive.fr/image.ashx?id=2898053&use=l&cat=p&typeid=i","cat":312238},{"id":253684,"n":"Assiette Mots d'Enfants - 250g Pâtes, tomate et jambon dès 15M","p":1.59,"u":"6,36 €/KG","img":"https://fd13-photos.leclercdrive.fr/image.ashx?id=2892376&use=l&cat=p&typeid=i","cat":312238},{"id":253687,"n":"Assiette Mots d'Enfants - 250g Légumes et patate douce dès 15M","p":1.59,"u":"6,36 €/KG","img":"https://fd13-photos.leclercdrive.fr/image.ashx?id=2892388&use=l&cat=p&typeid=i","cat":312238},{"id":253689,"n":"Assiette Mots d'Enfants - 250g Pdt, fondue de poireaux dès 15M","p":1.59,"u":"6,36 €/KG","img":"https://fd13-photos.leclercdrive.fr/image.ashx?id=2892379&use=l&cat=p&typeid=i","cat":312238},{"id":253691,"n":"Assiette Mots d'Enfants - 250g Pâtes boeuf bourguignon dès 18M","p":1.69,"u":"6,76 €/KG","img":"https://fd13-photos.leclercdrive.fr/image.ashx?id=2892382&use=l&cat=p&typeid=i","cat":312238},{"id":253694,"n":"Assiette Mots d'Enfants - 250g Blanquette de volaille dès 18M","p":1.69,"u":"6,76 €/KG","img":"https://fd13-photos.leclercdrive.fr/image.ashx?id=2898056&use=l&cat=p&typeid=i","cat":312238},{"id":253698,"n":"Assiette Mots d'Enfants - 250g Carottes pâtes épinards dès 18M","p":1.69,"u":"6,76 €/KG","img":"https://fd13-photos.leclercdrive.fr/image.ashx?id=2898059&use=l&cat=p&typeid=i","cat":312238},{"id":253699,"n":"Assiette Mots d'Enfants - 250g Ratatouille et boulgour dès 18M","p":1.69,"u":"6,76 €/KG","img":"https://fd13-photos.leclercdrive.fr/image.ashx?id=2892385&use=l&cat=p&typeid=i","cat":312238},{"id":253992,"n":"Gel douche L'Oréal Menexpert Hyaluronic power - 300ml","p":3.58,"u":"11,93 €/L","img":"https://fd13-photos.leclercdrive.fr/image.ashx?id=2874554&use=l&cat=p&typeid=i","cat":284619},{"id":254008,"n":"Gel douche homme Axe Copper santal - 225ml","p":2.61,"u":"11,60 €/L","img":"https://fd13-photos.leclercdrive.fr/image.ashx?id=2903881&use=l&cat=p&typeid=i","cat":284619},{"id":254050,"n":"Bière Desperados Sunlight citron citron vert 3x33cl","p":3.38,"u":"3,41 €/L","img":"https://fd13-photos.leclercdrive.fr/image.ashx?id=2977987&use=l&cat=p&typeid=i","cat":334878},{"id":254116,"n":"Mascara protège cils Bourjois Twist-up N°001 Ultra black","p":10.89,"pp":7.19,"img":"https://fd13-photos.leclercdrive.fr/image.ashx?id=2875117&use=l&cat=p&typeid=i","cat":287029},{"id":254246,"n":"Fromage Petit Livarot NRT AOP  250g","p":3.74,"u":"14,96 €/KG","img":"https://fd13-photos.leclercdrive.fr/image.ashx?id=2070440&use=l&cat=p&typeid=i","cat":326550},{"id":254336,"n":"Truite fumée Landvika 4 tranches - 100g","p":4.05,"u":"40,50 €/KG","img":"https://fd13-photos.leclercdrive.fr/image.ashx?id=2876593&use=l&cat=p&typeid=i","cat":285188},{"id":254381,"n":"Lait vitaminé Lactel Vita'Vie 1.0% MG - 6x1L","p":5.62,"u":"0,94 €/L","img":"https://fd13-photos.leclercdrive.fr/image.ashx?id=2951827&use=l&cat=p&typeid=i","cat":317169},{"id":254391,"n":"Boisson énergisante Red Bull Zéro, 250ml","p":1.09,"u":"4,36 €/L","img":"https://fd13-photos.leclercdrive.fr/image.ashx?id=2877313&use=l&cat=p&typeid=i","cat":284533},{"id":254824,"n":"IGP Pays d'Oc rosé Bleu de Mer - 75cl","p":5.58,"u":"7,44 €/L","img":"https://fd13-photos.leclercdrive.fr/image.ashx?id=2876863&use=l&cat=p&typeid=i","cat":289558},{"id":254891,"n":"Multivitamin' Capri-Sun 12x20cl + 2x20cl offerts","p":4.04,"u":"1,44 €/L","img":"https://fd13-photos.leclercdrive.fr/image.ashx?id=2920346&use=l&cat=p&typeid=i","cat":284917},{"id":254894,"n":"Tropical Capri-Sun 12x20cl + 2x20cl offerts","p":4.04,"u":"1,44 €/L","img":"https://fd13-photos.leclercdrive.fr/image.ashx?id=2920343&use=l&cat=p&typeid=i","cat":284917},{"id":254895,"n":"Monster alarm Capri-Sun 12x20cl + 2x20cl offerts","p":4.16,"u":"1,49 €/L","img":"https://fd13-photos.leclercdrive.fr/image.ashx?id=2920349&use=l&cat=p&typeid=i","cat":284917},{"id":254941,"n":"Bâtonnets Häagen-Dazs Cracking Macadamia x3 - 201g","p":3.64,"u":"18,11 €/KG","img":"https://fd13-photos.leclercdrive.fr/image.ashx?id=2876599&use=l&cat=p&typeid=i","cat":284265},{"id":254943,"n":"Bâtonnets Häagen-Dazs Salted Caramel x3 - 204g","p":3.69,"u":"18,09 €/KG","img":"https://fd13-photos.leclercdrive.fr/image.ashx?id=2876608&use=l&cat=p&typeid=i","cat":284265},{"id":254944,"n":"Bâtonnets Häagen-Dazs  Cookies & Cream x3 - 192g","p":3.77,"u":"19,64 €/KG","img":"https://fd13-photos.leclercdrive.fr/image.ashx?id=2876602&use=l&cat=p&typeid=i","cat":284265},{"id":254949,"n":"Bâtonnets Häagen-Dazs Smooth Vanilla x3 - 192g","p":3.5,"u":"18,23 €/KG","img":"https://fd13-photos.leclercdrive.fr/image.ashx?id=2876605&use=l&cat=p&typeid=i","cat":284265},{"id":255059,"n":"Piles Varta Longlife Alkaline AAA - x20","p":9.89,"u":"0,49 €/P","img":"https://fd13-photos.leclercdrive.fr/image.ashx?id=2877004&use=l&cat=p&typeid=i","cat":300572},{"id":255060,"n":"Piles Varta Longlife Alkaline AA - x20","p":9.89,"u":"0,49 €/P","img":"https://fd13-photos.leclercdrive.fr/image.ashx?id=2877007&use=l&cat=p&typeid=i","cat":300572},{"id":255141,"n":"Brosse à dents enfant Dentamyl Clignotante - Rose x1","p":1.99,"img":"https://fd13-photos.leclercdrive.fr/image.ashx?id=2878678&use=l&cat=p&typeid=i","cat":288897},{"id":255191,"n":"Préservatif Durex Nude - XL - x10","p":9.41,"img":"https://fd13-photos.leclercdrive.fr/image.ashx?id=2901677&use=l&cat=p&typeid=i","cat":284631},{"id":255195,"n":"Préservatifs Durex Feeling - XL - x12","p":7.6,"img":"https://fd13-photos.leclercdrive.fr/image.ashx?id=2878789&use=l&cat=p&typeid=i","cat":284631},{"id":255197,"n":"Préservatifs Durex Classic jeans - x12","p":5.77,"img":"https://fd13-photos.leclercdrive.fr/image.ashx?id=2878792&use=l&cat=p&typeid=i","cat":284631},{"id":255199,"n":"Préservatifs Durex Classic Jeans - XL - x12","p":5.29,"img":"https://fd13-photos.leclercdrive.fr/image.ashx?id=2964983&use=l&cat=p&typeid=i","cat":284631},{"id":255202,"n":"Préservatifs Durex Extra protect - x12","p":5.3,"img":"https://fd13-photos.leclercdrive.fr/image.ashx?id=2878801&use=l&cat=p&typeid=i","cat":284631},{"id":255505,"n":"Crème de soin cheveux Nateïs Cheveux sec et frisé - 200ml","p":1.69,"u":"8,45 €/L","img":"https://fd13-photos.leclercdrive.fr/image.ashx?id=2878693&use=l&cat=p&typeid=i","cat":284608},{"id":255548,"n":"Saucisson Mini Justin Bridou Bâton de Berger Poulet - 140g","p":3.55,"u":"25,36 €/KG","img":"https://fd13-photos.leclercdrive.fr/image.ashx?id=2924116&use=l&cat=p&typeid=i","cat":316006},{"id":255549,"n":"Saucisson Fuet Justin Bridou Noisette - 150g","p":3.1,"u":"20,67 €/KG","img":"https://fd13-photos.leclercdrive.fr/image.ashx?id=2948941&use=l&cat=p&typeid=i","cat":316006},{"id":255669,"n":"Recharge Gel douche Pêche Blanche bio & Nectar 500ml","p":2.8,"u":"5,60 €/L","img":"https://fd13-photos.leclercdrive.fr/image.ashx?id=2880411&use=l&cat=p&typeid=i","cat":284594},{"id":255671,"n":"Recharge Gel douche extra-doux Verveine Bio & citron bio 500ml","p":2.89,"u":"5,78 €/L","img":"https://fd13-photos.leclercdrive.fr/image.ashx?id=2880414&use=l&cat=p&typeid=i","cat":284594},{"id":255672,"n":"Recharge gel douche homme Minereaux & bois de cèdre 500ml","p":3.12,"u":"6,24 €/L","img":"https://fd13-photos.leclercdrive.fr/image.ashx?id=2880417&use=l&cat=p&typeid=i","cat":284594},{"id":255678,"n":"Gel douche homme Axe Aqua bergamot - 225ml","p":2.83,"u":"12,58 €/L","img":"https://fd13-photos.leclercdrive.fr/image.ashx?id=2880612&use=l&cat=p&typeid=i","cat":284619},{"id":255688,"n":"Recharge gel douche homme Pin maritime & eucalyptus 500ml","p":2.93,"u":"5,86 €/L","img":"https://fd13-photos.leclercdrive.fr/image.ashx?id=2880420&use=l&cat=p&typeid=i","cat":284619},{"id":255696,"n":"Déodorant spray homme Axe Apollo - 200ml","p":3.99,"u":"19,95 €/L","img":"https://fd13-photos.leclercdrive.fr/image.ashx?id=2985663&use=l&cat=p&typeid=i","cat":284618},{"id":255697,"n":"Déodorant spray homme Axe Black - 200ml","p":3.7,"u":"18,50 €/L","img":"https://fd13-photos.leclercdrive.fr/image.ashx?id=2880609&use=l&cat=p&typeid=i","cat":284618},{"id":255790,"n":"Saucisson Mini Justin Bridou Bâton de Berger Noisette - 80g","p":2.0,"u":"25,00 €/KG","img":"https://fd13-photos.leclercdrive.fr/image.ashx?id=2165251&use=l&cat=p&typeid=i","cat":326550},{"id":255888,"n":"Saumon fumé MSC Sauvage Ronde des Mers x4T - 120g","p":4.99,"u":"41,58 €/KG","img":"https://fd13-photos.leclercdrive.fr/image.ashx?id=2837692&use=l&cat=p&typeid=i","cat":326550},{"id":255927,"n":"Steaks Hachés de boeuf Façon Bouchère 5% MG - 4x100g","p":7.65,"u":"19,13 €/KG","img":"https://fd13-photos.leclercdrive.fr/image.ashx?id=2881410&use=l&cat=p&typeid=i","cat":319778},{"id":255957,"n":"Déodorant spray homme Axe Dark temptation - 200ml","p":3.6,"u":"18,00 €/L","img":"https://fd13-photos.leclercdrive.fr/image.ashx?id=2881536&use=l&cat=p&typeid=i","cat":284618},{"id":255969,"n":"Déodorant spray homme Axe Provocation - 200ml","p":3.7,"u":"18,50 €/L","img":"https://fd13-photos.leclercdrive.fr/image.ashx?id=2881542&use=l&cat=p&typeid=i","cat":284618},{"id":255978,"n":"Déodorant spray homme Axe Ice cool - 200ml","p":4.31,"u":"21,55 €/L","img":"https://fd13-photos.leclercdrive.fr/image.ashx?id=2881548&use=l&cat=p&typeid=i","cat":284618},{"id":256001,"n":"Déodorant stick Dove Pour tout Le corps - Framboise - 24h 75ml","p":5.2,"u":"69,33 €/L","img":"https://fd13-photos.leclercdrive.fr/image.ashx?id=2894563&use=l&cat=p&typeid=i","cat":284595},{"id":256003,"n":"Déodorant spray Dove Pour tout Le corps - 72h - Lavande 150ml","p":4.98,"u":"33,20 €/L","img":"https://fd13-photos.leclercdrive.fr/image.ashx?id=2894566&use=l&cat=p&typeid=i","cat":284595},{"id":256004,"n":"Déodorant spray Dove Pour tout Le corps - 72h Framboise 150ml","p":4.19,"u":"27,93 €/L","img":"https://fd13-photos.leclercdrive.fr/image.ashx?id=3009341&use=l&cat=p&typeid=i","cat":284595},{"id":256005,"n":"Déodorant crème Dove Pour tout Le corps - 72h Framboise - 75ml","p":4.46,"u":"59,47 €/L","img":"https://fd13-photos.leclercdrive.fr/image.ashx?id=2894572&use=l&cat=p&typeid=i","cat":284595},{"id":256237,"n":"Jus innocent plus  matière green 750ml","p":2.16,"u":"2,88 €/L","img":"https://fd13-photos.leclercdrive.fr/image.ashx?id=2887200&use=l&cat=p&typeid=i","cat":326550},{"id":256440,"n":"Panés de colin d'Alaska Marie - 280g","p":3.98,"u":"14,21 €/KG","img":"https://fd13-photos.leclercdrive.fr/image.ashx?id=2881849&use=l&cat=p&typeid=i","cat":333665},{"id":256442,"n":"Chili con carné riz Marie - 300g","p":3.98,"u":"13,27 €/KG","img":"https://fd13-photos.leclercdrive.fr/image.ashx?id=2881846&use=l&cat=p&typeid=i","cat":333665},{"id":256480,"n":"Gel douche homme Axe Blue lavender - 225ml","p":2.99,"u":"13,29 €/L","img":"https://fd13-photos.leclercdrive.fr/image.ashx?id=2882926&use=l&cat=p&typeid=i","cat":284619},{"id":256491,"n":"Déodorant tout le corps Rexona  spray 72h anti-odeur 150ml","p":3.71,"u":"24,73 €/L","img":"https://fd13-photos.leclercdrive.fr/image.ashx?id=2989486&use=l&cat=p&typeid=i","cat":284595},{"id":256509,"n":"Torsades à la bolognaise Marie - 380g","p":3.94,"u":"10,37 €/KG","img":"https://fd13-photos.leclercdrive.fr/image.ashx?id=2882737&use=l&cat=p&typeid=i","cat":284953},{"id":256516,"n":"Riz à l'indien  Traditions d'Asie - 400g","p":3.93,"u":"9,83 €/KG","img":"https://fd13-photos.leclercdrive.fr/image.ashx?id=2882749&use=l&cat=p&typeid=i","cat":333665},{"id":256521,"n":"Colin riz Weight Watchers Petits légumes  - 290g","p":3.87,"u":"13,34 €/KG","img":"https://fd13-photos.leclercdrive.fr/image.ashx?id=2882743&use=l&cat=p&typeid=i","cat":333665},{"id":256536,"n":"Nectar Bio Pressade Pomme - 6x20cl","p":2.36,"u":"1,97 €/L","img":"https://fd13-photos.leclercdrive.fr/image.ashx?id=2882752&use=l&cat=p&typeid=i","cat":284522},{"id":256566,"n":"AOP Côtes du Rhône Vin rouge - Bag in box - 3L","p":11.93,"u":"3,98 €/L","img":"https://fd13-photos.leclercdrive.fr/image.ashx?id=2905486&use=l&cat=p&typeid=i","cat":289556},{"id":256576,"n":"AOP Bordeaux Vin rouge - Bag in box - 3L","p":11.93,"u":"3,98 €/L","img":"https://fd13-photos.leclercdrive.fr/image.ashx?id=2904838&use=l&cat=p&typeid=i","cat":289556},{"id":256577,"n":"AOP Corbières Vin rouge - Bag in box - 3L","p":11.93,"u":"3,98 €/L","img":"https://fd13-photos.leclercdrive.fr/image.ashx?id=2905483&use=l&cat=p&typeid=i","cat":289556},{"id":256581,"n":"AOP Bergerac Vin rouge - BIB - 3L","p":11.93,"u":"3,98 €/L","img":"https://fd13-photos.leclercdrive.fr/image.ashx?id=2883119&use=l&cat=p&typeid=i","cat":289556},{"id":256587,"n":"AOP Buzet Vin rouge - Bag in box - 3L","p":11.93,"u":"3,98 €/L","img":"https://fd13-photos.leclercdrive.fr/image.ashx?id=2891076&use=l&cat=p&typeid=i","cat":289556},{"id":256706,"n":"Saumon fumé Delpeyrat Noorvège 4 tranches - 120g","p":5.25,"u":"43,75 €/KG","img":"https://fd13-photos.leclercdrive.fr/image.ashx?id=2901713&use=l&cat=p&typeid=i","cat":326550},{"id":256711,"n":"Chili sin carne Côté Table 300g","p":2.49,"u":"8,30 €/KG","img":"https://fd13-photos.leclercdrive.fr/image.ashx?id=2882249&use=l&cat=p&typeid=i","cat":284953},{"id":256714,"n":"Moussaka végé Côté Table 300g","p":2.61,"u":"8,70 €/KG","img":"https://fd13-photos.leclercdrive.fr/image.ashx?id=2906925&use=l&cat=p&typeid=i","cat":284953},{"id":256742,"n":"Glaces à la crème de Marrons Pot - pack 4x85g","p":7.6,"u":"22,35 €/KG","img":"https://fd13-photos.leclercdrive.fr/image.ashx?id=2904883&use=l&cat=p&typeid=i","cat":284725},{"id":256783,"n":"Laque Elnett Cheveux secs - 300ml","p":7.29,"u":"24,30 €/L","img":"https://fd13-photos.leclercdrive.fr/image.ashx?id=2883152&use=l&cat=p&typeid=i","cat":284609},{"id":256795,"n":"Déodorant Sanex zéro Pure Fresh - 200ml","p":3.52,"u":"17,60 €/L","img":"https://fd13-photos.leclercdrive.fr/image.ashx?id=2947240&use=l&cat=p&typeid=i","cat":284595},{"id":256825,"n":"Tajine boulgour Jardin Bio Poulet olive citron 220g","p":2.99,"u":"13,59 €/KG","img":"https://fd13-photos.leclercdrive.fr/image.ashx?id=2883582&use=l&cat=p&typeid=i","cat":284953},{"id":256828,"n":"Tartelette Jardin Bio 150g","p":2.38,"u":"15,87 €/KG","img":"https://fd13-photos.leclercdrive.fr/image.ashx?id=2883585&use=l&cat=p&typeid=i","cat":284488},{"id":256833,"n":"Biscuit Jardin Bio Le Petit Céréalier - 155g","p":1.45,"u":"9,35 €/KG","img":"https://fd13-photos.leclercdrive.fr/image.ashx?id=2883588&use=l&cat=p&typeid=i","cat":284487},{"id":257022,"n":"Diffuseur Raid Max Night & Day Anti-moustiques - 27ml","p":11.55,"u":"427,78 €/L","img":"https://fd13-photos.leclercdrive.fr/image.ashx?id=2967388&use=l&cat=p&typeid=i","cat":298368},{"id":257023,"n":"Recharge Raid Max Night & Day Anti-moustiques - 2x27ml","p":13.99,"u":"259,07 €/L","img":"https://fd13-photos.leclercdrive.fr/image.ashx?id=2884741&use=l&cat=p&typeid=i","cat":298368},{"id":257024,"n":"Diffuseur électrique Raid Max Liquide - 30 nuits - 21ml","p":7.49,"u":"356,67 €/L","img":"https://fd13-photos.leclercdrive.fr/image.ashx?id=2884759&use=l&cat=p&typeid=i","cat":298368},{"id":257025,"n":"Recharge électrique  Raid Max  Liquide - 30 nuits - 21ml","p":5.9,"u":"280,95 €/L","img":"https://fd13-photos.leclercdrive.fr/image.ashx?id=2884762&use=l&cat=p&typeid=i","cat":298368},{"id":257026,"n":"Spirale anti-moustiques Raid Max - Usage extérieur - x10","p":2.22,"img":"https://fd13-photos.leclercdrive.fr/image.ashx?id=2884750&use=l&cat=p&typeid=i","cat":298368},{"id":257027,"n":"Spray Raid Max Fourmis & cafards - 500ml","p":7.39,"u":"14,78 €/L","img":"https://fd13-photos.leclercdrive.fr/image.ashx?id=2884747&use=l&cat=p&typeid=i","cat":298368},{"id":257028,"n":"Gel Anti-mites Raid Max Senteur bois de cèdre - x2","p":4.74,"img":"https://fd13-photos.leclercdrive.fr/image.ashx?id=2884756&use=l&cat=p&typeid=i","cat":298368},{"id":257031,"n":"Gel anti-mites Raid Max Senteur lavande - x2","p":4.49,"img":"https://fd13-photos.leclercdrive.fr/image.ashx?id=2884753&use=l&cat=p&typeid=i","cat":298368},{"id":257034,"n":"Spray Autan Family care Anti-moustiques - 100ml","p":6.99,"u":"69,90 €/L","img":"https://fd13-photos.leclercdrive.fr/image.ashx?id=2884744&use=l&cat=p&typeid=i","cat":299654},{"id":257036,"n":"Spray enfant Autan Anti-moustiques - 100ml","p":7.49,"u":"74,90 €/L","img":"https://fd13-photos.leclercdrive.fr/image.ashx?id=2884735&use=l&cat=p&typeid=i","cat":299654},{"id":257038,"n":"Gel douche homme Axe Supreme Provocation - 5-en-1 - 400ml","p":3.21,"u":"8,03 €/L","img":"https://fd13-photos.leclercdrive.fr/image.ashx?id=2884924&use=l&cat=p&typeid=i","cat":284619},{"id":257039,"n":"Gel douche homme Axe supreme Dark temptation 5-en-1 - 400m","p":3.2,"u":"8,00 €/L","img":"https://fd13-photos.leclercdrive.fr/image.ashx?id=2884921&use=l&cat=p&typeid=i","cat":284619},{"id":257043,"n":"Gel douche homme Axe Black vanilla - 225ml","p":2.8,"u":"12,44 €/L","img":"https://fd13-photos.leclercdrive.fr/image.ashx?id=2908387&use=l&cat=p&typeid=i","cat":284619},{"id":257045,"n":"Gel douche homme Axe supreme Lendemain difficile - 400ml","p":3.07,"u":"7,68 €/L","img":"https://fd13-photos.leclercdrive.fr/image.ashx?id=2884918&use=l&cat=p&typeid=i","cat":284619},{"id":257046,"n":"Gel douche homme Axe Cherry fizz - 225ml","p":2.78,"u":"12,36 €/L","img":"https://fd13-photos.leclercdrive.fr/image.ashx?id=2908390&use=l&cat=p&typeid=i","cat":284619},{"id":257049,"n":"Déodorant spray homme Axe Cherry fizz - 150ml","p":4.2,"u":"28,00 €/L","img":"https://fd13-photos.leclercdrive.fr/image.ashx?id=3011953&use=l&cat=p&typeid=i","cat":284618},{"id":257050,"n":"Déodorant spray homme Axe Cocoa velvet - 150ml","p":4.52,"u":"30,13 €/L","img":"https://fd13-photos.leclercdrive.fr/image.ashx?id=2896468&use=l&cat=p&typeid=i","cat":284618},{"id":257054,"n":"Émincés de poulet provençale L'Atelier Volaille - 300g","p":3.59,"u":"11,97 €/KG","img":"https://fd13-photos.leclercdrive.fr/image.ashx?id=2927884&use=l&cat=p&typeid=i","cat":284336},{"id":257074,"n":"Gnocchi à poêler Lustucru Extra jambon fromage 300g","p":2.2,"u":"7,33 €/KG","img":"https://fd13-photos.leclercdrive.fr/image.ashx?id=2884387&use=l&cat=p&typeid=i","cat":333682},{"id":257076,"n":"Gnocchi à poêler Lustucru Extra fromage 300g","p":2.14,"u":"7,13 €/KG","img":"https://fd13-photos.leclercdrive.fr/image.ashx?id=2886013&use=l&cat=p&typeid=i","cat":333682},{"id":257077,"n":"Fromage enfant Mini Babybel  16 portions goûter - 352g","p":5.88,"u":"16,70 €/KG","img":"https://fd13-photos.leclercdrive.fr/image.ashx?id=2935840&use=l&cat=p&typeid=i","cat":314030},{"id":257165,"n":"Pizza Crousti-Fine Marie 4 fromages - 390g","p":3.04,"u":"7,79 €/KG","img":"https://fd13-photos.leclercdrive.fr/image.ashx?id=2996728&use=l&cat=p&typeid=i","cat":284256},{"id":257169,"n":"Pizza Crousti-Fine Marie Royale - 400g","p":3.04,"u":"7,60 €/KG","img":"https://fd13-photos.leclercdrive.fr/image.ashx?id=2996734&use=l&cat=p&typeid=i","cat":284256},{"id":257171,"n":"Pizza Crousti-Fine Marie Tomate mozzarella - 400g","p":3.04,"u":"7,60 €/KG","img":"https://fd13-photos.leclercdrive.fr/image.ashx?id=2996737&use=l&cat=p&typeid=i","cat":284256},{"id":257172,"n":"Pizza Crousti-Fine Marie Chorizo paprika - 400g","p":3.04,"u":"7,60 €/KG","img":"https://fd13-photos.leclercdrive.fr/image.ashx?id=2996731&use=l&cat=p&typeid=i","cat":284256},{"id":257201,"n":"Préservatifs Durex Intensity - x10","p":10.4,"img":"https://fd13-photos.leclercdrive.fr/image.ashx?id=2962035&use=l&cat=p&typeid=i","cat":284631},{"id":257202,"n":"Préservatifs Durex Intensity XL - x10","p":10.24,"img":"https://fd13-photos.leclercdrive.fr/image.ashx?id=2964670&use=l&cat=p&typeid=i","cat":284631},{"id":257205,"n":"Eponges flex & wash x4","p":7.95,"img":"https://fd13-photos.leclercdrive.fr/image.ashx?id=2884522&use=l&cat=p&typeid=i","cat":284667},{"id":257206,"n":"Eponges fFlex & wash x2","p":3.39,"img":"https://fd13-photos.leclercdrive.fr/image.ashx?id=2884525&use=l&cat=p&typeid=i","cat":284667},{"id":257208,"n":"Lessive liquide Xeor Fraîcheur - x44 lavages - 2.2L","p":3.89,"u":"1,77 €/L","img":"https://fd13-photos.leclercdrive.fr/image.ashx?id=2901494&use=l&cat=p&typeid=i","cat":284640},{"id":257212,"n":"Lessive liquide Xéor Fraîcheur - x24 lavages - 1.2L","p":2.12,"u":"1,77 €/L","img":"https://fd13-photos.leclercdrive.fr/image.ashx?id=2901506&use=l&cat=p&typeid=i","cat":284640},{"id":257214,"n":"Capsules lave-vaisselle Finish Quantum Citron - x30 - 312g","p":7.45,"u":"23,88 €/KG","img":"https://fd13-photos.leclercdrive.fr/image.ashx?id=2926618&use=l&cat=p&typeid=i","cat":284656},{"id":257215,"n":"Capsules lave-vaisselle Finish Quantum - x30 - 312g","p":6.57,"u":"21,06 €/KG","img":"https://fd13-photos.leclercdrive.fr/image.ashx?id=2884627&use=l&cat=p&typeid=i","cat":284656},{"id":257217,"n":"Capsules lave-vaisselle Finish Ultimate citron - x26 - 335g","p":7.31,"u":"21,89 €/KG","img":"https://fd13-photos.leclercdrive.fr/image.ashx?id=2884630&use=l&cat=p&typeid=i","cat":284656},{"id":257218,"n":"Capsules lave-vaisselle Finish Ultimate - x26 - 335g","p":7.15,"u":"21,34 €/KG","img":"https://fd13-photos.leclercdrive.fr/image.ashx?id=2884633&use=l&cat=p&typeid=i","cat":284656},{"id":257219,"n":"Capsules lave-vaisselle Finish Ultimate Plus Citron x22 - 268g","p":6.59,"u":"24,59 €/KG","img":"https://fd13-photos.leclercdrive.fr/image.ashx?id=2884636&use=l&cat=p&typeid=i","cat":284656},{"id":257220,"n":"Gel lave-vaisselle Finish Power - 900ml","p":7.29,"u":"8,10 €/L","img":"https://fd13-photos.leclercdrive.fr/image.ashx?id=2884639&use=l&cat=p&typeid=i","cat":284656},{"id":257225,"n":"Gel lave-vaisselle Finish Power - Citron - 900ml","p":6.59,"u":"7,32 €/L","img":"https://fd13-photos.leclercdrive.fr/image.ashx?id=2884642&use=l&cat=p&typeid=i","cat":284656},{"id":257228,"n":"Capsules lave-vaisselle Finish Ultimate Plus - x22 - 268g","p":7.21,"u":"26,90 €/KG","img":"https://fd13-photos.leclercdrive.fr/image.ashx?id=2884900&use=l&cat=p&typeid=i","cat":284656},{"id":257230,"n":"Désinfectant linge Sanytol Stop Odeurs Fleurs blanches 500ml","p":3.14,"u":"6,28 €/L","img":"https://fd13-photos.leclercdrive.fr/image.ashx?id=2961960&use=l&cat=p&typeid=i","cat":290451},{"id":257231,"n":"Désinfectant linge Sanytol Stop Odeurs Fleurs Blanches 1L","p":6.09,"u":"6,09 €/L","img":"https://fd13-photos.leclercdrive.fr/image.ashx?id=2884312&use=l&cat=p&typeid=i","cat":290451},{"id":257232,"n":"Capsules Lave-Vaisselle SUN  Pro-Expert Regular 38 lavages","p":7.9,"u":"13,86 €/KG","img":"https://fd13-photos.leclercdrive.fr/image.ashx?id=2907728&use=l&cat=p&typeid=i","cat":284656},{"id":257233,"n":"Tablettes lave-vaisselle Uni Vert - Tout-en-1 - x45 - 720g","p":6.57,"u":"9,13 €/KG","img":"https://fd13-photos.leclercdrive.fr/image.ashx?id=3015132&use=l&cat=p&typeid=i","cat":284656},{"id":257236,"n":"Tablettes lave-vaisselle Uni Vert - Classiques - x45 - 450g","p":6.27,"u":"13,93 €/KG","img":"https://fd13-photos.leclercdrive.fr/image.ashx?id=3015135&use=l&cat=p&typeid=i","cat":284656},{"id":257237,"n":"Déodorant femme Adidas Control - 150ml","p":3.31,"u":"22,07 €/L","img":"https://fd13-photos.leclercdrive.fr/image.ashx?id=2884594&use=l&cat=p&typeid=i","cat":284595},{"id":257238,"n":"Déodorant femme Adidas Control invisiblistere - 150ml","p":3.33,"u":"22,20 €/L","img":"https://fd13-photos.leclercdrive.fr/image.ashx?id=2884600&use=l&cat=p&typeid=i","cat":284595},{"id":257240,"n":"Déodorant homme Adidas Sport fresh - 150ml","p":2.95,"u":"19,67 €/L","img":"https://fd13-photos.leclercdrive.fr/image.ashx?id=2884606&use=l&cat=p&typeid=i","cat":284618},{"id":257241,"n":"Déodorant homme Adidas Invisible - 150ml","p":3.24,"u":"21,60 €/L","img":"https://fd13-photos.leclercdrive.fr/image.ashx?id=2884609&use=l&cat=p&typeid=i","cat":284618},{"id":257244,"n":"Nettoyant ménager Ajax Citron vert - 1.5L","p":2.74,"u":"1,83 €/L","img":"https://fd13-photos.leclercdrive.fr/image.ashx?id=2884894&use=l&cat=p&typeid=i","cat":284907},{"id":257249,"n":"Liquide vaisselle Paic Intense Anti-calcaire - 500ml","p":3.19,"u":"6,38 €/L","img":"https://fd13-photos.leclercdrive.fr/image.ashx?id=2884897&use=l&cat=p&typeid=i","cat":284655},{"id":257251,"n":"Capsules Lave-Vaisselle SUN  Pro-Expert Citron 38 lavages","p":7.9,"u":"13,86 €/KG","img":"https://fd13-photos.leclercdrive.fr/image.ashx?id=2991039&use=l&cat=p&typeid=i","cat":284656},{"id":257322,"n":"Nectar Bio Pressade Orange - 1.5L","p":2.68,"u":"1,79 €/L","img":"https://fd13-photos.leclercdrive.fr/image.ashx?id=2885357&use=l&cat=p&typeid=i","cat":284521},{"id":257391,"n":"Barre gourmande Grainéa Chocolat Cacahuète - 140g","p":1.93,"u":"13,79 €/KG","img":"https://fd13-photos.leclercdrive.fr/image.ashx?id=2885777&use=l&cat=p&typeid=i","cat":285869},{"id":257405,"n":"Galettes petits légumes Végé - 2x100g","p":1.49,"u":"7,45 €/KG","img":"https://fd13-photos.leclercdrive.fr/image.ashx?id=2865269&use=l&cat=p&typeid=i","cat":326550},{"id":257506,"n":"Émincés de poulet mexicain L'Atelier Volaille - 300g","p":3.59,"u":"11,97 €/KG","img":"https://fd13-photos.leclercdrive.fr/image.ashx?id=2927881&use=l&cat=p&typeid=i","cat":284336},{"id":257510,"n":"Emincés de poulet façon kebab L'atelier Volaille - 300g","p":3.59,"u":"11,97 €/KG","img":"https://fd13-photos.leclercdrive.fr/image.ashx?id=2927887&use=l&cat=p&typeid=i","cat":284336},{"id":257561,"n":"Fess'nett Papier toilette Humide - Monoï x50","p":1.95,"img":"https://fd13-photos.leclercdrive.fr/image.ashx?id=2999312&use=l&cat=p&typeid=i","cat":284634},{"id":257606,"n":"Cappelletti Rana jambon cru 250g","p":3.27,"u":"13,08 €/KG","img":"https://fd13-photos.leclercdrive.fr/image.ashx?id=2886358&use=l&cat=p&typeid=i","cat":333682},{"id":257608,"n":"Raviolis Rana ricotta épinards 250g","p":3.29,"u":"13,16 €/KG","img":"https://fd13-photos.leclercdrive.fr/image.ashx?id=2886361&use=l&cat=p&typeid=i","cat":333682},{"id":257609,"n":"Raviolis Rana 4 fromages 250g","p":3.37,"u":"13,48 €/KG","img":"https://fd13-photos.leclercdrive.fr/image.ashx?id=2886364&use=l&cat=p&typeid=i","cat":333682},{"id":257611,"n":"Raviolis Rana boeuf bolognaise 250g","p":3.64,"u":"14,56 €/KG","img":"https://fd13-photos.leclercdrive.fr/image.ashx?id=2886367&use=l&cat=p&typeid=i","cat":333682},{"id":257612,"n":"Tortellini Rana bacon, speck & mozzarella 250g","p":3.46,"u":"13,84 €/KG","img":"https://fd13-photos.leclercdrive.fr/image.ashx?id=2886370&use=l&cat=p&typeid=i","cat":333682},{"id":257755,"n":"Les tranches Fleury Michon Pois chiches x4 - 120g","p":1.58,"u":"13,17 €/KG","img":"https://fd13-photos.leclercdrive.fr/image.ashx?id=2902007&use=l&cat=p&typeid=i","cat":326550},{"id":257858,"n":"Glace Magnum Chocolat blanc cookies - 168g","p":4.26,"u":"25,36 €/KG","img":"https://fd13-photos.leclercdrive.fr/image.ashx?id=2886409&use=l&cat=p&typeid=i","cat":284725},{"id":258071,"n":"Les Arrangés Divins Ananas Citron vert poivre Timut - 70cl","p":17.01,"u":"24,30 €/L","img":"https://fd13-photos.leclercdrive.fr/image.ashx?id=2886921&use=l&cat=p&typeid=i","cat":284550},{"id":258093,"n":"Flocons d'avoine Grainea 1kg","p":1.65,"u":"1,65 €/KG","img":"https://fd13-photos.leclercdrive.fr/image.ashx?id=2887353&use=l&cat=p&typeid=i","cat":309512},{"id":258105,"n":"Fromage rapé Entremont dégustation - 2x75g","p":1.95,"u":"13,00 €/KG","img":"https://fd13-photos.leclercdrive.fr/image.ashx?id=2947790&use=l&cat=p&typeid=i","cat":314035},{"id":258124,"n":"Boulettes provençale Férial x12 - 300g","p":3.07,"u":"10,23 €/KG","img":"https://fd13-photos.leclercdrive.fr/image.ashx?id=2816627&use=l&cat=p&typeid=i","cat":326550},{"id":258141,"n":"Pâtes Panzani  grandes coquillettes - 500g","p":1.37,"u":"2,74 €/KG","img":"https://fd13-photos.leclercdrive.fr/image.ashx?id=2887536&use=l&cat=p&typeid=i","cat":284427},{"id":258143,"n":"Pâtes Panzani  fusilli - 500g","p":1.63,"u":"3,26 €/KG","img":"https://fd13-photos.leclercdrive.fr/image.ashx?id=2887530&use=l&cat=p&typeid=i","cat":284427},{"id":258144,"n":"Pâtes Panzani rigatoni - 500g","p":1.69,"u":"3,38 €/KG","img":"https://fd13-photos.leclercdrive.fr/image.ashx?id=2887533&use=l&cat=p&typeid=i","cat":284427},{"id":258146,"n":"Pâtes Panzani penne rigate - 500g","p":1.63,"u":"3,26 €/KG","img":"https://fd13-photos.leclercdrive.fr/image.ashx?id=2887539&use=l&cat=p&typeid=i","cat":284427},{"id":258177,"n":"Pain de mie complet Harrys Sandwich Sans sucre ajouté 600g","p":1.28,"u":"2,13 €/KG","img":"https://fd13-photos.leclercdrive.fr/image.ashx?id=2962473&use=l&cat=p&typeid=i","cat":326550},{"id":258295,"n":"Croissants fourrés Nutella  x4 - 340g","p":4.51,"u":"13,26 €/KG","img":"https://fd13-photos.leclercdrive.fr/image.ashx?id=2899749&use=l&cat=p&typeid=i","cat":284267},{"id":258299,"n":"Lasagnes William Saurin Bolognaise pure boeuf - 300g","p":2.58,"u":"8,60 €/KG","img":"https://fd13-photos.leclercdrive.fr/image.ashx?id=2916012&use=l&cat=p&typeid=i","cat":284953},{"id":258301,"n":"Spaghetti William Saurin Bolognaise pure boeuf - 300g","p":2.79,"u":"9,30 €/KG","img":"https://fd13-photos.leclercdrive.fr/image.ashx?id=2939517&use=l&cat=p&typeid=i","cat":284953},{"id":258303,"n":"Poulet basquaise William Saurin 285g","p":2.68,"u":"9,40 €/KG","img":"https://fd13-photos.leclercdrive.fr/image.ashx?id=2928564&use=l&cat=p&typeid=i","cat":284953},{"id":258304,"n":"Poulet William Saurin à la crème - 280g","p":2.68,"u":"9,57 €/KG","img":"https://fd13-photos.leclercdrive.fr/image.ashx?id=2939520&use=l&cat=p&typeid=i","cat":284953},{"id":258305,"n":"Risotto William Saurin poulet et champignons - 280g","p":2.6,"u":"9,29 €/KG","img":"https://fd13-photos.leclercdrive.fr/image.ashx?id=2912113&use=l&cat=p&typeid=i","cat":284953},{"id":258308,"n":"Torsades saumon William Saurin Crème et aneth - 280g","p":2.79,"u":"9,96 €/KG","img":"https://fd13-photos.leclercdrive.fr/image.ashx?id=2916009&use=l&cat=p&typeid=i","cat":284953},{"id":258309,"n":"Merlu blanc William Saurin Riz et légumes - 300g","p":2.29,"u":"7,63 €/KG","img":"https://fd13-photos.leclercdrive.fr/image.ashx?id=2986392&use=l&cat=p&typeid=i","cat":284953},{"id":258310,"n":"Blanquette William Saurin Veau et riz - 285g","p":2.68,"u":"9,40 €/KG","img":"https://fd13-photos.leclercdrive.fr/image.ashx?id=2906286&use=l&cat=p&typeid=i","cat":284953},{"id":258311,"n":"Olives noires Rustica façon grècque - 235g","p":1.55,"u":"6,60 €/KG","img":"https://fd13-photos.leclercdrive.fr/image.ashx?id=2970590&use=l&cat=p&typeid=i","cat":284458},{"id":258312,"n":"Bourguignon William Saurin Boeuf - 300g","p":2.58,"u":"8,60 €/KG","img":"https://fd13-photos.leclercdrive.fr/image.ashx?id=2906289&use=l&cat=p&typeid=i","cat":284953},{"id":258313,"n":"Bières Desperados Sunlight  cerise/grenade 4° - 3x33cl","p":3.38,"u":"3,41 €/L","img":"https://fd13-photos.leclercdrive.fr/image.ashx?id=2899401&use=l&cat=p&typeid=i","cat":334878},{"id":258314,"n":"Hachis William Saurin Parmentier pur boeuf - 300g","p":2.58,"u":"8,60 €/KG","img":"https://fd13-photos.leclercdrive.fr/image.ashx?id=2906292&use=l&cat=p&typeid=i","cat":284953},{"id":258319,"n":"Brosse à dents souple Elmex Sensitive expert - 1 pièce","p":3.98,"img":"https://fd13-photos.leclercdrive.fr/image.ashx?id=2888190&use=l&cat=p&typeid=i","cat":284614},{"id":258320,"n":"Dentifrice Elmex Email blancheur - 75ml","p":6.13,"u":"81,73 €/L","img":"https://fd13-photos.leclercdrive.fr/image.ashx?id=2888196&use=l&cat=p&typeid=i","cat":284612},{"id":258321,"n":"Dentifrice soin Elmex Sensitive expert - 75ml","p":5.3,"u":"70,67 €/L","img":"https://fd13-photos.leclercdrive.fr/image.ashx?id=2888205&use=l&cat=p&typeid=i","cat":284612},{"id":258322,"n":"Dentifrice sensitive Elmex Soin instantané - 75ml","p":5.3,"u":"70,67 €/L","img":"https://fd13-photos.leclercdrive.fr/image.ashx?id=3009338&use=l&cat=p&typeid=i","cat":284612},{"id":258323,"n":"Dentifrice gencives Elmex Sensitive plus - 75ml","p":5.3,"u":"70,67 €/L","img":"https://fd13-photos.leclercdrive.fr/image.ashx?id=2888193&use=l&cat=p&typeid=i","cat":284612},{"id":258339,"n":"Glace Kinder Bueno Cônes noisettes x6 - 372g","p":6.32,"u":"16,99 €/KG","img":"https://fd13-photos.leclercdrive.fr/image.ashx?id=2891334&use=l&cat=p&typeid=i","cat":284264},{"id":258340,"n":"Glace Kinder Bueno White Cônes noisettes x6 - 372g","p":6.35,"u":"17,07 €/KG","img":"https://fd13-photos.leclercdrive.fr/image.ashx?id=2890814&use=l&cat=p&typeid=i","cat":284264},{"id":258341,"n":"Glace Rafello bâtonnets Pêche hibiscus x3 - 138g","p":3.5,"u":"25,36 €/KG","img":"https://fd13-photos.leclercdrive.fr/image.ashx?id=2890436&use=l&cat=p&typeid=i","cat":284265},{"id":258342,"n":"Glace Ferrero bâtonnets chocolat noir orange x3 - 138g","p":3.89,"u":"28,19 €/KG","img":"https://fd13-photos.leclercdrive.fr/image.ashx?id=2889913&use=l&cat=p&typeid=i","cat":284265},{"id":258343,"n":"Crêpes Nutella  x6 - 240g","p":4.73,"u":"19,71 €/KG","img":"https://fd13-photos.leclercdrive.fr/image.ashx?id=2899761&use=l&cat=p&typeid=i","cat":284267},{"id":258345,"n":"Muffins Nutella  x4 - 264g","p":4.77,"u":"18,07 €/KG","img":"https://fd13-photos.leclercdrive.fr/image.ashx?id=2899758&use=l&cat=p&typeid=i","cat":284267},{"id":258347,"n":"Donuts Nutella x4 - 240g","p":4.79,"u":"19,96 €/KG","img":"https://fd13-photos.leclercdrive.fr/image.ashx?id=2889916&use=l&cat=p&typeid=i","cat":284267},{"id":258350,"n":"Ravioli Rana tomate mozzarella 250g","p":3.41,"u":"13,64 €/KG","img":"https://fd13-photos.leclercdrive.fr/image.ashx?id=2889931&use=l&cat=p&typeid=i","cat":333682},{"id":258352,"n":"Tortellini Rana Parmigiano  Reggiano 250g","p":3.25,"u":"13,00 €/KG","img":"https://fd13-photos.leclercdrive.fr/image.ashx?id=2889937&use=l&cat=p&typeid=i","cat":333682},{"id":258356,"n":"Raviolis Rana Burrata chorizo 250g","p":3.91,"u":"15,64 €/KG","img":"https://fd13-photos.leclercdrive.fr/image.ashx?id=2889943&use=l&cat=p&typeid=i","cat":333682},{"id":258363,"n":"Bières Softiz Sans alcool  Saveur citron - 6x27,5cl","p":3.08,"u":"1,87 €/L","img":"https://fd13-photos.leclercdrive.fr/image.ashx?id=2887431&use=l&cat=p&typeid=i","cat":334877},{"id":258364,"n":"Biscuits bio Jardin Bio Sésame - 150g","p":1.45,"u":"9,67 €/KG","img":"https://fd13-photos.leclercdrive.fr/image.ashx?id=2890211&use=l&cat=p&typeid=i","cat":284487},{"id":258366,"n":"Bières Softiz Sans alcool  Saveur mojito - 6x27,5cl","p":3.02,"u":"1,83 €/L","img":"https://fd13-photos.leclercdrive.fr/image.ashx?id=2887428&use=l&cat=p&typeid=i","cat":334877},{"id":258387,"n":"Bières Desperados Sunlight  mangue/passion 4° - 3x33cl","p":3.38,"u":"3,41 €/L","img":"https://fd13-photos.leclercdrive.fr/image.ashx?id=2977990&use=l&cat=p&typeid=i","cat":334878},{"id":258541,"n":"Lipton Infuse à froid Citron  Vert Menthe - 15 sachets - 35g","p":2.47,"u":"70,57 €/KG","img":"https://fd13-photos.leclercdrive.fr/image.ashx?id=2908771&use=l&cat=p&typeid=i","cat":293234},{"id":258543,"n":"Infuse à froid Lipton Grenade Hibiscus -x15 -38g","p":3.03,"u":"79,74 €/KG","img":"https://fd13-photos.leclercdrive.fr/image.ashx?id=2907376&use=l&cat=p&typeid=i","cat":293234},{"id":258545,"n":"Infusion à froid Elephant Detox x15 sachets -34g","p":3.41,"u":"6,69 €/KG","img":"https://fd13-photos.leclercdrive.fr/image.ashx?id=2912584&use=l&cat=p&typeid=i","cat":293234},{"id":258548,"n":"Infusion à Froid bien être Boost Elephant 15 sachets -x34g","p":3.42,"u":"100,59 €/KG","img":"https://fd13-photos.leclercdrive.fr/image.ashx?id=2908765&use=l&cat=p&typeid=i","cat":293234},{"id":258606,"n":"Soda Fanta Orange  Bouteille - 1.25L","p":1.73,"u":"1,38 €/L","img":"https://fd13-photos.leclercdrive.fr/image.ashx?id=2924752&use=l&cat=p&typeid=i","cat":284532},{"id":258708,"n":"4 pains burgers briochés Brioche pasquier -235g","p":2.02,"u":"2,15 €/KG","img":"https://fd13-photos.leclercdrive.fr/image.ashx?id=2889442&use=l&cat=p&typeid=i","cat":325067},{"id":258816,"n":"Cacahuètes Curly  Miel barbecue - 150g","p":1.34,"u":"8,93 €/KG","img":"https://fd13-photos.leclercdrive.fr/image.ashx?id=2906367&use=l&cat=p&typeid=i","cat":284448},{"id":258818,"n":"Cacahuète Curly Paprika - 150g","p":1.39,"u":"9,27 €/KG","img":"https://fd13-photos.leclercdrive.fr/image.ashx?id=2938728&use=l&cat=p&typeid=i","cat":284448},{"id":258843,"n":"Charbon de bois Beaux jours 40L","p":12.95,"u":"0,32 €/L","img":"https://fd13-photos.leclercdrive.fr/image.ashx?id=2889001&use=l&cat=p&typeid=i","cat":335917},{"id":258991,"n":"Valencay NRT  AOP - Fromage de chèvre - 220g","p":4.27,"u":"19,41 €/KG","img":"https://fd13-photos.leclercdrive.fr/image.ashx?id=2532850&use=l&cat=p&typeid=i","cat":326550},{"id":259130,"n":"Pate coiffante boost Taft Aloe Vera -75ml","p":4.94,"u":"65,87 €/L","img":"https://fd13-photos.leclercdrive.fr/image.ashx?id=2892532&use=l&cat=p&typeid=i","cat":284620},{"id":259145,"n":"IGP Magret canard fumé Nos Régions ont du Talent 2x90g","p":7.3,"u":"40,56 €/KG","img":"https://fd13-photos.leclercdrive.fr/image.ashx?id=3002833&use=l&cat=p&typeid=i","cat":284339},{"id":259159,"n":"Soin visage Fluide anti tâches  UV vitamine C  Garnier -40ml","p":7.82,"u":"195,50 €/L","img":"https://fd13-photos.leclercdrive.fr/image.ashx?id=2904251&use=l&cat=p&typeid=i","cat":325345},{"id":259179,"n":"Préservatifs Durex Intensity - x5","p":5.97,"img":"https://fd13-photos.leclercdrive.fr/image.ashx?id=2962032&use=l&cat=p&typeid=i","cat":284631},{"id":259180,"n":"Préservatifs Durex Intensity - x20","p":19.9,"img":"https://fd13-photos.leclercdrive.fr/image.ashx?id=2964980&use=l&cat=p&typeid=i","cat":284631},{"id":259184,"n":"Préservatifs Durex Classic Jeans - x20","p":7.01,"img":"https://fd13-photos.leclercdrive.fr/image.ashx?id=2892433&use=l&cat=p&typeid=i","cat":284631},{"id":259189,"n":"Poudre lave-vaisselle Visior 1.71kg","p":7.64,"u":"4,47 €/KG","img":"https://fd13-photos.leclercdrive.fr/image.ashx?id=2889208&use=l&cat=p&typeid=i","cat":284656},{"id":259190,"n":"Eau de parfum Adidas Energy drive - 100ml","p":13.28,"u":"132,80 €/L","img":"https://fd13-photos.leclercdrive.fr/image.ashx?id=2892856&use=l&cat=p&typeid=i","cat":291525},{"id":259207,"n":"Dentifrice Sensodyne Sensibilité quotidienne - 75ml","p":2.36,"u":"31,47 €/L","img":"https://fd13-photos.leclercdrive.fr/image.ashx?id=2893003&use=l&cat=p&typeid=i","cat":284612},{"id":259209,"n":"Dentifrice Sensodyne Haleine extra fresh - 75ml","p":3.36,"u":"44,80 €/L","img":"https://fd13-photos.leclercdrive.fr/image.ashx?id=2893006&use=l&cat=p&typeid=i","cat":284612},{"id":259211,"n":"Dentifrice Enfants Sensodyne 2-6 ans - 50ml","p":3.94,"u":"78,80 €/L","img":"https://fd13-photos.leclercdrive.fr/image.ashx?id=2893009&use=l&cat=p&typeid=i","cat":288898},{"id":259221,"n":"Recharge Gel douche Sanex Natural prebiotic -  450ml","p":4.32,"u":"9,60 €/L","img":"https://fd13-photos.leclercdrive.fr/image.ashx?id=2947243&use=l&cat=p&typeid=i","cat":284594},{"id":259245,"n":"Bière aromatisée 1664 Rosé 4,5°- 6x25cl","p":5.15,"u":"3,43 €/L","img":"https://fd13-photos.leclercdrive.fr/image.ashx?id=2892457&use=l&cat=p&typeid=i","cat":334878},{"id":259249,"n":"Bière aromatisée Somersby Pomme 4,5° - 3x27,5cl","p":3.43,"u":"4,16 €/L","img":"https://fd13-photos.leclercdrive.fr/image.ashx?id=2892460&use=l&cat=p&typeid=i","cat":334878},{"id":259250,"n":"Bière aromatisée Somersby Citron Yuzu 4,5° - 3x27,5cl","p":3.43,"u":"4,16 €/L","img":"https://fd13-photos.leclercdrive.fr/image.ashx?id=2892463&use=l&cat=p&typeid=i","cat":334878},{"id":259253,"n":"Bière aromatisée Somersby Framboise 4,5° - 3x27,5cl","p":3.43,"u":"4,16 €/L","img":"https://fd13-photos.leclercdrive.fr/image.ashx?id=2892466&use=l&cat=p&typeid=i","cat":334878},{"id":259255,"n":"Bière Desperados Sunlight Citron citron vert - 4% 6x33CL","p":6.19,"u":"3,13 €/L","img":"https://fd13-photos.leclercdrive.fr/image.ashx?id=2901773&use=l&cat=p&typeid=i","cat":334878},{"id":259259,"n":"Bière blonde La Goudale 20x25cl - 7.2%","p":15.03,"u":"3,01 €/L","img":"https://fd13-photos.leclercdrive.fr/image.ashx?id=2962599&use=l&cat=p&typeid=i","cat":334852},{"id":259262,"n":"Bière blonde Stella Artois 5,2% - 6x25cl","p":5.7,"u":"3,80 €/L","img":"https://fd13-photos.leclercdrive.fr/image.ashx?id=2944371&use=l&cat=p&typeid=i","cat":334873},{"id":259263,"n":"Bière blonde Stella Artois 5,2% - 12x25cl","p":9.5,"pp":6.46,"u":"2,15 €/L","img":"https://fd13-photos.leclercdrive.fr/image.ashx?id=2971754&use=l&cat=p&typeid=i","cat":334873},{"id":259277,"n":"Bière blonde Stella Artois 5,2% - 20x25cl","p":13.79,"u":"2,76 €/L","img":"https://fd13-photos.leclercdrive.fr/image.ashx?id=2944377&use=l&cat=p&typeid=i","cat":334873},{"id":259284,"n":"Piles Alcaline Varta Longlife Power AAA x6","p":4.91,"u":"4,91 €/PRT","img":"https://fd13-photos.leclercdrive.fr/image.ashx?id=2892949&use=l&cat=p&typeid=i","cat":300572},{"id":259286,"n":"Piles Alcaline Varta Longlife Power AA x6","p":4.91,"img":"https://fd13-photos.leclercdrive.fr/image.ashx?id=2892952&use=l&cat=p&typeid=i","cat":300572},{"id":259302,"n":"Produit vaisselle recharge  Paic -900ml","p":4.44,"u":"4,93 €/L","img":"https://fd13-photos.leclercdrive.fr/image.ashx?id=2893156&use=l&cat=p&typeid=i","cat":284655},{"id":259310,"n":"Produit vaisselle easy  Paic -900ml","p":3.86,"u":"4,29 €/L","img":"https://fd13-photos.leclercdrive.fr/image.ashx?id=2983516&use=l&cat=p&typeid=i","cat":284655},{"id":259322,"n":"Pain burger Jacquet Nature x6 - 330g","p":1.38,"u":"4,18 €/KG","img":"https://fd13-photos.leclercdrive.fr/image.ashx?id=2991885&use=l&cat=p&typeid=i","cat":325067},{"id":259323,"n":"Burger Jacquet brioché Ultra moelleux x4 - 250g","p":1.67,"u":"6,68 €/KG","img":"https://fd13-photos.leclercdrive.fr/image.ashx?id=3010984&use=l&cat=p&typeid=i","cat":325067},{"id":259605,"n":"Boisson fruits Tropical Fruit shoot  -9x20cl + 3 off","p":3.32,"u":"1,38 €/L","img":"https://fd13-photos.leclercdrive.fr/image.ashx?id=2892472&use=l&cat=p&typeid=i","cat":295018},{"id":259615,"n":"Bière d'Abbaye Grimbergen Blonde 6.7% VOL  pack 12x 33 cl","p":10.77,"u":"2,72 €/L","img":"https://fd13-photos.leclercdrive.fr/image.ashx?id=2892454&use=l&cat=p&typeid=i","cat":334852},{"id":259632,"n":"Nectar Bio Pressade Pomme - 1.5L","p":2.15,"u":"1,43 €/L","img":"https://fd13-photos.leclercdrive.fr/image.ashx?id=2892586&use=l&cat=p&typeid=i","cat":284522},{"id":259668,"n":"Truite fumée d'Aquitaine NRT x4 - 120g","p":3.94,"u":"32,83 €/KG","img":"https://fd13-photos.leclercdrive.fr/image.ashx?id=2663836&use=l&cat=p&typeid=i","cat":326550},{"id":260044,"n":"Liqueur Get Menthe & fruits rouges 17.9° - 70cl","p":12.99,"u":"18,56 €/L","img":"https://fd13-photos.leclercdrive.fr/image.ashx?id=3009104&use=l&cat=p&typeid=i","cat":286032},{"id":260054,"n":"Boisson énergisante Celsius Fraise passion - 35,5cl","p":1.4,"u":"3,94 €/L","img":"https://fd13-photos.leclercdrive.fr/image.ashx?id=2922158&use=l&cat=p&typeid=i","cat":284533},{"id":260203,"n":"Dentifrice Oral-B Professional Blancheur saine - 2x75ml","p":6.89,"u":"45,93 €/L","img":"https://fd13-photos.leclercdrive.fr/image.ashx?id=2899045&use=l&cat=p&typeid=i","cat":284612},{"id":260214,"n":"Cookies BN Pépites aux 2 chocolats - 150g","p":2.0,"u":"13,33 €/KG","img":"https://fd13-photos.leclercdrive.fr/image.ashx?id=2901704&use=l&cat=p&typeid=i","cat":325066},{"id":260216,"n":"Cookies BN Pépites de chocolat blanc -150g","p":1.89,"u":"12,60 €/KG","img":"https://fd13-photos.leclercdrive.fr/image.ashx?id=2901707&use=l&cat=p&typeid=i","cat":325066},{"id":260255,"n":"36 capsules Absolu  Tout en 1 dégraissant SUN","p":9.89,"u":"0,27 €/P","img":"https://fd13-photos.leclercdrive.fr/image.ashx?id=2905723&use=l&cat=p&typeid=i","cat":284656},{"id":260256,"n":"36 capsules Absolu  Tout en 1 Brillance SUN","p":10.1,"u":"0,28 €/P","img":"https://fd13-photos.leclercdrive.fr/image.ashx?id=2905720&use=l&cat=p&typeid=i","cat":284656},{"id":260276,"n":"Barre de céréales Nature Valley Crunchy avoine miel - 420g","p":3.54,"u":"8,43 €/KG","img":"https://fd13-photos.leclercdrive.fr/image.ashx?id=2894512&use=l&cat=p&typeid=i","cat":300032},{"id":260279,"n":"Barre de céréales Nature Valley Crunchy avoine chocolat - 420g","p":4.36,"u":"10,38 €/KG","img":"https://fd13-photos.leclercdrive.fr/image.ashx?id=2894515&use=l&cat=p&typeid=i","cat":300032},{"id":260280,"n":"Barre de céréales Nature Valley Crunchy fruits rouges - 420g","p":3.54,"u":"8,43 €/KG","img":"https://fd13-photos.leclercdrive.fr/image.ashx?id=2894518&use=l&cat=p&typeid=i","cat":300032},{"id":260281,"n":"Bière blonde de caractère  Pélican 7.5% 12x25cl","p":11.39,"pp":6.67,"u":"2,22 €/L","img":"https://fd13-photos.leclercdrive.fr/image.ashx?id=2922600&use=l&cat=p&typeid=i","cat":334872},{"id":260328,"n":"Riz Taureau Ailé Basmati du Punjab - 500g","p":2.27,"u":"4,54 €/KG","img":"https://fd13-photos.leclercdrive.fr/image.ashx?id=2893756&use=l&cat=p&typeid=i","cat":284428},{"id":260417,"n":"Pain de mie 100% Mie Harrys Nature sans sucre ajouté - 500g","p":1.85,"u":"3,70 €/KG","img":"https://fd13-photos.leclercdrive.fr/image.ashx?id=2517477&use=l&cat=p&typeid=i","cat":326550},{"id":260421,"n":"Saumon fumé Delpeyrat Ecosse 4 tranches mini - 110g","p":4.9,"u":"44,55 €/KG","img":"https://fd13-photos.leclercdrive.fr/image.ashx?id=2901716&use=l&cat=p&typeid=i","cat":326550},{"id":260565,"n":"Saumon fumé Ronde des Mers Ecosse x10T - 350g","p":10.62,"u":"30,34 €/KG","img":"https://fd13-photos.leclercdrive.fr/image.ashx?id=2976288&use=l&cat=p&typeid=i","cat":326550},{"id":260601,"n":"Isey Skyr Cheesecake Citron - 400g","p":2.06,"u":"5,15 €/KG","img":"https://fd13-photos.leclercdrive.fr/image.ashx?id=2598618&use=l&cat=p&typeid=i","cat":326550},{"id":260717,"n":"Serviettes hygiéniques Normal Always ultra  2 x 30","p":7.74,"u":"0,13 €/P","img":"https://fd13-photos.leclercdrive.fr/image.ashx?id=2895083&use=l&cat=p&typeid=i","cat":284624},{"id":260758,"n":"Bain de bouche enfant Listerine Fruits rouges - 500ml","p":4.51,"u":"9,02 €/L","img":"https://fd13-photos.leclercdrive.fr/image.ashx?id=2894953&use=l&cat=p&typeid=i","cat":284613},{"id":260773,"n":"Pain Burgers géants 3 graines x4 - 330g","p":1.52,"u":"4,61 €/KG","img":"https://fd13-photos.leclercdrive.fr/image.ashx?id=2991882&use=l&cat=p&typeid=i","cat":325067},{"id":261200,"n":"Cônes Magnum noisette  4x90g","p":4.4,"u":"16,92 €/KG","img":"https://fd13-photos.leclercdrive.fr/image.ashx?id=2896453&use=l&cat=p&typeid=i","cat":284264},{"id":261216,"n":"Cônes Magnum mangue  4x90ml","p":4.4,"u":"16,92 €/KG","img":"https://fd13-photos.leclercdrive.fr/image.ashx?id=2896450&use=l&cat=p&typeid=i","cat":284264},{"id":261222,"n":"Saucisson Saint Agaûne 200g","p":4.48,"u":"22,40 €/KG","img":"https://fd13-photos.leclercdrive.fr/image.ashx?id=2977432&use=l&cat=p&typeid=i","cat":316006},{"id":261234,"n":"AOP Sable de camargue bio  Vin rosé - 3L","p":14.49,"u":"483,00 €/L","img":"https://fd13-photos.leclercdrive.fr/image.ashx?id=2898104&use=l&cat=p&typeid=i","cat":289556},{"id":261279,"n":"Tablette  de chocolat Poulain 2x95g","p":2.81,"u":"14,79 €/KG","img":"https://fd13-photos.leclercdrive.fr/image.ashx?id=2897177&use=l&cat=p&typeid=i","cat":284497},{"id":261292,"n":"Chewing-gum Hollywood  Menthe Verte sans sucres - 70g","p":2.2,"u":"31,43 €/KG","img":"https://fd13-photos.leclercdrive.fr/image.ashx?id=2987053&use=l&cat=p&typeid=i","cat":304251},{"id":261298,"n":"Chewing-gum Hollywood Menthe  Fraîche sans sucres - 70g","p":2.41,"u":"34,43 €/KG","img":"https://fd13-photos.leclercdrive.fr/image.ashx?id=2987050&use=l&cat=p&typeid=i","cat":304251},{"id":261307,"n":"Chewing-gum Hollywood 2Fresh  Menthe Verte sans sucres -  66g","p":1.68,"u":"25,45 €/KG","img":"https://fd13-photos.leclercdrive.fr/image.ashx?id=3011959&use=l&cat=p&typeid=i","cat":304251},{"id":261319,"n":"Déodorant bille Adidas Original - 50ml","p":3.09,"u":"61,80 €/L","img":"https://fd13-photos.leclercdrive.fr/image.ashx?id=2896699&use=l&cat=p&typeid=i","cat":284595},{"id":261498,"n":"Chewing-gum Hollywood Blancheur  Xylitol sans sucres - 67,5g","p":2.89,"u":"42,50 €/KG","img":"https://fd13-photos.leclercdrive.fr/image.ashx?id=2994602&use=l&cat=p&typeid=i","cat":304251},{"id":261502,"n":"Bonbons Tic Tac  Chlorophylle - x100 - 49g","p":2.01,"u":"41,02 €/KG","img":"https://fd13-photos.leclercdrive.fr/image.ashx?id=2903791&use=l&cat=p&typeid=i","cat":304256},{"id":261505,"n":"Chocolat Tablette d'Or Lait caramelisées - 180g","p":2.49,"u":"13,83 €/KG","img":"https://fd13-photos.leclercdrive.fr/image.ashx?id=2896837&use=l&cat=p&typeid=i","cat":284497},{"id":261507,"n":"Tablette de chocolat Equador noir citron vert - 100g","p":1.79,"u":"17,90 €/KG","img":"https://fd13-photos.leclercdrive.fr/image.ashx?id=2896834&use=l&cat=p&typeid=i","cat":284956},{"id":261508,"n":"Chocolat blanc Tablette d'Or Speculoos framboise - 180g","p":2.99,"u":"16,61 €/KG","img":"https://fd13-photos.leclercdrive.fr/image.ashx?id=2896831&use=l&cat=p&typeid=i","cat":284957},{"id":261509,"n":"Chocolat Tablette d'Or Noir biscuit citron vert 180g","p":2.89,"u":"16,06 €/KG","img":"https://fd13-photos.leclercdrive.fr/image.ashx?id=2896828&use=l&cat=p&typeid=i","cat":284956},{"id":261510,"n":"Sel fin Le Guerandais Au herbes 250g","p":3.16,"u":"12,64 €/KG","img":"https://fd13-photos.leclercdrive.fr/image.ashx?id=2903344&use=l&cat=p&typeid=i","cat":284457},{"id":261519,"n":"Chewing-gum Hollywood Cherry 5x14g -70g","p":2.93,"u":"41,86 €/KG","img":"https://fd13-photos.leclercdrive.fr/image.ashx?id=2985696&use=l&cat=p&typeid=i","cat":304251},{"id":261522,"n":"Chewing-gum Hollywood Style  Menthe Verte sans sucres - 92g","p":2.69,"u":"29,24 €/KG","img":"https://fd13-photos.leclercdrive.fr/image.ashx?id=2968010&use=l&cat=p&typeid=i","cat":304251},{"id":261525,"n":"Sauté de lapin William Saurin 300g","p":3.22,"u":"10,73 €/KG","img":"https://fd13-photos.leclercdrive.fr/image.ashx?id=2905375&use=l&cat=p&typeid=i","cat":284953},{"id":261526,"n":"Chewing-gum Hollywood  Menthe Forte sans sucres 70g","p":2.41,"u":"34,43 €/KG","img":"https://fd13-photos.leclercdrive.fr/image.ashx?id=3001533&use=l&cat=p&typeid=i","cat":304251},{"id":261528,"n":"Nectar Bio Pressade Orange Bio - 6x20cl","p":4.14,"u":"3,45 €/L","img":"https://fd13-photos.leclercdrive.fr/image.ashx?id=2902705&use=l&cat=p&typeid=i","cat":284521},{"id":261533,"n":"Coriandre Panier du Primeur  20g","p":1.49,"u":"74,50 €/KG","img":"https://fd13-photos.leclercdrive.fr/image.ashx?id=2899830&use=l&cat=p&typeid=i","cat":293607},{"id":261535,"n":"Menthe Panier du Primeur 20g","p":1.49,"u":"74,50 €/KG","img":"https://fd13-photos.leclercdrive.fr/image.ashx?id=2899833&use=l&cat=p&typeid=i","cat":293607},{"id":261599,"n":"Sauce Soja Sucrée Kikkoman 975ml","p":13.35,"u":"13,69 €/L","img":"https://fd13-photos.leclercdrive.fr/image.ashx?id=2901217&use=l&cat=p&typeid=i","cat":288992},{"id":261607,"n":"Brioche tranchée Pasquier -30% de sucre - 450g","p":2.46,"u":"5,47 €/KG","img":"https://fd13-photos.leclercdrive.fr/image.ashx?id=2900446&use=l&cat=p&typeid=i","cat":284478},{"id":261610,"n":"Pains au lait Pasquier -30% de sucres - x8  280g","p":1.44,"u":"5,14 €/KG","img":"https://fd13-photos.leclercdrive.fr/image.ashx?id=2900449&use=l&cat=p&typeid=i","cat":293505},{"id":261785,"n":"Mozzarella Les Croisés - 3x125g","p":2.06,"u":"5,49 €/KG","img":"https://fd13-photos.leclercdrive.fr/image.ashx?id=2130008&use=l&cat=p&typeid=i","cat":326550},{"id":261891,"n":"Sucre en buchettes Daddy Boite distributrice - 480g","p":2.5,"u":"5,21 €/KG","img":"https://fd13-photos.leclercdrive.fr/image.ashx?id=2903065&use=l&cat=p&typeid=i","cat":284502},{"id":262151,"n":"Cremio Box Sodebo Jambon Emmental 280g","p":2.02,"u":"7,21 €/KG","img":"https://fd13-photos.leclercdrive.fr/image.ashx?id=2860196&use=l&cat=p&typeid=i","cat":326550},{"id":262345,"n":"Soda Fanta Orange  Canette - Pack 6x33CL","p":3.51,"u":"1,77 €/L","img":"https://fd13-photos.leclercdrive.fr/image.ashx?id=2997241&use=l&cat=p&typeid=i","cat":284532},{"id":262865,"n":"Tablette MMMAX Milka 250g","p":3.59,"u":"14,36 €/KG","img":"https://fd13-photos.leclercdrive.fr/image.ashx?id=3000444&use=l&cat=p&typeid=i","cat":284497},{"id":262868,"n":"Baume lèvre hydratant Labello","p":2.05,"u":"410,00 €/KG","img":"https://fd13-photos.leclercdrive.fr/image.ashx?id=2984676&use=l&cat=p&typeid=i","cat":285485},{"id":263009,"n":"Bières Softiz Framboise Sans alcool  6x27,5cl","p":3.19,"u":"1,93 €/L","img":"https://fd13-photos.leclercdrive.fr/image.ashx?id=2899935&use=l&cat=p&typeid=i","cat":334877},{"id":263105,"n":"Glace en pot Ben & Jerry's  Brookieees & Cream 465 ml","p":4.68,"u":"10,06 €/L","img":"https://fd13-photos.leclercdrive.fr/image.ashx?id=2901202&use=l&cat=p&typeid=i","cat":284725},{"id":263108,"n":"Bouchées glacées Ben & Jerry  Cookie Dough 150g","p":5.35,"u":"35,67 €/KG","img":"https://fd13-photos.leclercdrive.fr/image.ashx?id=3009323&use=l&cat=p&typeid=i","cat":284725},{"id":263116,"n":"Mini bâtonnet Magnum  Double Noisette 6x55ml","p":4.22,"u":"12,79 €/L","img":"https://fd13-photos.leclercdrive.fr/image.ashx?id=2901190&use=l&cat=p&typeid=i","cat":284265},{"id":263130,"n":"Magnum Glace Bâtonnet  Double Noisette 4x85ml","p":4.85,"u":"14,26 €/L","img":"https://fd13-photos.leclercdrive.fr/image.ashx?id=3009326&use=l&cat=p&typeid=i","cat":284265},{"id":263132,"n":"Glace Bonbon Dessert Magnum Gold Caramel Billionaire 168g","p":4.42,"u":"26,31 €/KG","img":"https://fd13-photos.leclercdrive.fr/image.ashx?id=3009320&use=l&cat=p&typeid=i","cat":284266},{"id":263133,"n":"Magnum Glace Bonbon Dessert Caramel Salé & Amande x12","p":5.55,"u":"30,00 €/KG","img":"https://fd13-photos.leclercdrive.fr/image.ashx?id=2901178&use=l&cat=p&typeid=i","cat":284266},{"id":263192,"n":"Saumon fumé Bio Bio Village Atlantique x4T - 120g","p":4.33,"u":"36,08 €/KG","img":"https://fd13-photos.leclercdrive.fr/image.ashx?id=2374606&use=l&cat=p&typeid=i","cat":326550},{"id":263195,"n":"Truite fumée de Bretagne NRT x4 - 120g","p":4.04,"u":"33,67 €/KG","img":"https://fd13-photos.leclercdrive.fr/image.ashx?id=2663851&use=l&cat=p&typeid=i","cat":326550},{"id":263220,"n":"Jambon d'Auvergne IGP L'Atelier Charcuterie - 100g","p":2.62,"u":"26,20 €/KG","img":"https://fd13-photos.leclercdrive.fr/image.ashx?id=2316464&use=l&cat=p&typeid=i","cat":326550},{"id":263248,"n":"Mini pots Häagen-Dazs  Essential Collection x4 - 324g","p":5.02,"u":"15,49 €/KG","img":"https://fd13-photos.leclercdrive.fr/image.ashx?id=2900926&use=l&cat=p&typeid=i","cat":284725},{"id":263287,"n":"IGP Méditerranée Blanc Studio by Miraval - 75cl","p":8.62,"u":"11,49 €/L","img":"https://fd13-photos.leclercdrive.fr/image.ashx?id=2990541&use=l&cat=p&typeid=i","cat":289557},{"id":263328,"n":"Bonbons Lutti Bubblizz Piquants - 300g","p":1.69,"u":"5,63 €/KG","img":"https://fd13-photos.leclercdrive.fr/image.ashx?id=2900983&use=l&cat=p&typeid=i","cat":304250},{"id":263332,"n":"Dentifrice Colgate Total Active Prévention Blancheur 3x75ml","p":7.15,"u":"31,78 €/L","img":"https://fd13-photos.leclercdrive.fr/image.ashx?id=2902849&use=l&cat=p&typeid=i","cat":284612},{"id":263458,"n":"Yaourt La Laitière Nature - 4x125g","p":1.34,"u":"2,68 €/KG","img":"https://fd13-photos.leclercdrive.fr/image.ashx?id=3007978&use=l&cat=p&typeid=i","cat":326550},{"id":263626,"n":"Basilic Panier du Primeur 20g","p":1.49,"u":"74,50 €/KG","img":"https://fd13-photos.leclercdrive.fr/image.ashx?id=2897874&use=l&cat=p&typeid=i","cat":293607},{"id":263635,"n":"Persil Plat Panier du Primeur 20g","p":1.49,"u":"74,50 €/KG","img":"https://fd13-photos.leclercdrive.fr/image.ashx?id=2899836&use=l&cat=p&typeid=i","cat":293607},{"id":263698,"n":"Bière Softiz  Agrumes 6x27,5cl","p":3.33,"u":"2,02 €/L","img":"https://fd13-photos.leclercdrive.fr/image.ashx?id=2902529&use=l&cat=p&typeid=i","cat":334877},{"id":263701,"n":"Glace cône Extreme Framboise & Brownies - 6x71g","p":3.55,"u":"8,33 €/KG","img":"https://fd13-photos.leclercdrive.fr/image.ashx?id=2904182&use=l&cat=p&typeid=i","cat":284264},{"id":263702,"n":"Glace cône Extreme Salted caramel - 6x71g","p":3.55,"u":"8,33 €/KG","img":"https://fd13-photos.leclercdrive.fr/image.ashx?id=2904185&use=l&cat=p&typeid=i","cat":284264},{"id":263705,"n":"Glace cône Extrême Vanille/ chocolat - 6x71g","p":3.29,"u":"7,72 €/KG","img":"https://fd13-photos.leclercdrive.fr/image.ashx?id=2904188&use=l&cat=p&typeid=i","cat":284264},{"id":263712,"n":"Truite fumée Landvika 6 tranches 140g","p":4.87,"u":"34,79 €/KG","img":"https://fd13-photos.leclercdrive.fr/image.ashx?id=2904206&use=l&cat=p&typeid=i","cat":285188},{"id":263740,"n":"Culottes Tena Nuit Taille L - x12","p":11.07,"u":"0,92 €/P","img":"https://fd13-photos.leclercdrive.fr/image.ashx?id=2904446&use=l&cat=p&typeid=i","cat":284628},{"id":263741,"n":"Culottes Tena Nuit  Taille M - x12","p":11.58,"u":"0,97 €/P","img":"https://fd13-photos.leclercdrive.fr/image.ashx?id=2904449&use=l&cat=p&typeid=i","cat":284628},{"id":263742,"n":"Culottes Tena Taille M - x9","p":6.93,"u":"0,77 €/P","img":"https://fd13-photos.leclercdrive.fr/image.ashx?id=2904452&use=l&cat=p&typeid=i","cat":284628},{"id":263743,"n":"Culottes Tena  Taille L x 8","p":6.93,"u":"0,87 €/P","img":"https://fd13-photos.leclercdrive.fr/image.ashx?id=2904455&use=l&cat=p&typeid=i","cat":284628},{"id":263746,"n":"Culottes Tena  Taille XL - x12","p":13.72,"u":"1,14 €/P","img":"https://fd13-photos.leclercdrive.fr/image.ashx?id=2904458&use=l&cat=p&typeid=i","cat":284628},{"id":263772,"n":"Crottin Chavignol NRT AOP  Fromage de chèvre - 2x60g","p":2.81,"u":"23,42 €/KG","img":"https://fd13-photos.leclercdrive.fr/image.ashx?id=2519432&use=l&cat=p&typeid=i","cat":326550},{"id":263774,"n":"Chabichou du Poitou NRT Fromage de chèvre - 150g","p":2.59,"u":"17,27 €/KG","img":"https://fd13-photos.leclercdrive.fr/image.ashx?id=2449577&use=l&cat=p&typeid=i","cat":326550},{"id":263969,"n":"Yaourt fjord fromage blanc Nature - 4x125g","p":1.55,"u":"3,10 €/KG","img":"https://fd13-photos.leclercdrive.fr/image.ashx?id=2956993&use=l&cat=p&typeid=i","cat":326550},{"id":264049,"n":"Limoncè aperitivo 14.8% vol. 70cl","p":12.3,"u":"17,57 €/L","img":"https://fd13-photos.leclercdrive.fr/image.ashx?id=2906850&use=l&cat=p&typeid=i","cat":286032},{"id":264105,"n":"Céleri Menu Fraîcheur  Rémoulade - 500g","p":1.18,"u":"2,36 €/KG","img":"https://fd13-photos.leclercdrive.fr/image.ashx?id=2820107&use=l&cat=p&typeid=i","cat":326550},{"id":264361,"n":"Boxer protection Homme Tena Noir Réutilisable - Taille XL","p":19.06,"img":"https://fd13-photos.leclercdrive.fr/image.ashx?id=2906823&use=l&cat=p&typeid=i","cat":291514},{"id":264362,"n":"Compote Coeur de fruits Andros Pomme poire 4x100g","p":1.49,"u":"3,73 €/KG","img":"https://fd13-photos.leclercdrive.fr/image.ashx?id=2906487&use=l&cat=p&typeid=i","cat":284416},{"id":264363,"n":"Sac poubelle doggy bag 3x12 sacs Handybag","p":2.45,"img":"https://fd13-photos.leclercdrive.fr/image.ashx?id=2906709&use=l&cat=p&typeid=i","cat":285168},{"id":264373,"n":"P'tit Savane Tornado Brossard Roulés à la fraise - x7 - 175g","p":1.87,"u":"10,69 €/KG","img":"https://fd13-photos.leclercdrive.fr/image.ashx?id=2966089&use=l&cat=p&typeid=i","cat":284495},{"id":264374,"n":"Compote Coeur de fruits Andros Pomme abricot 4x100g","p":1.55,"u":"3,88 €/KG","img":"https://fd13-photos.leclercdrive.fr/image.ashx?id=2907352&use=l&cat=p&typeid=i","cat":284416},{"id":264376,"n":"Compote Coeur de fruits Pomme mangue 4x100g","p":1.49,"u":"3,73 €/KG","img":"https://fd13-photos.leclercdrive.fr/image.ashx?id=2907641&use=l&cat=p&typeid=i","cat":284416},{"id":264377,"n":"Compote Coeur de fruits Andros Pomme fraise 4x100g","p":1.45,"u":"3,63 €/KG","img":"https://fd13-photos.leclercdrive.fr/image.ashx?id=2907355&use=l&cat=p&typeid=i","cat":284416},{"id":264378,"n":"Compote Coeur de fruits Andros Pomme pruneau 4x100g","p":1.79,"u":"4,48 €/KG","img":"https://fd13-photos.leclercdrive.fr/image.ashx?id=2907358&use=l&cat=p&typeid=i","cat":284416},{"id":264381,"n":"Compote Coeur de fruits Andros Ananas pomme passion 4x97g","p":2.45,"u":"6,31 €/KG","img":"https://fd13-photos.leclercdrive.fr/image.ashx?id=2910180&use=l&cat=p&typeid=i","cat":284416},{"id":264388,"n":"crème dessert café danette - 4x125g","p":1.24,"u":"2,48 €/KG","img":"https://fd13-photos.leclercdrive.fr/image.ashx?id=2961867&use=l&cat=p&typeid=i","cat":326550},{"id":264392,"n":"Savane Brossard coeur choco Max de sensation - x6 - 180g","p":2.19,"u":"12,17 €/KG","img":"https://fd13-photos.leclercdrive.fr/image.ashx?id=2906502&use=l&cat=p&typeid=i","cat":284495},{"id":264418,"n":"Biscuits BN Del'ice Cookie Dough - 175g","p":1.89,"u":"10,80 €/KG","img":"https://fd13-photos.leclercdrive.fr/image.ashx?id=2907887&use=l&cat=p&typeid=i","cat":325066},{"id":264439,"n":"Miel de fleurs Les Apiculteurs  Crémeux - 500g","p":4.94,"u":"9,88 €/KG","img":"https://fd13-photos.leclercdrive.fr/image.ashx?id=2917885&use=l&cat=p&typeid=i","cat":287643},{"id":264692,"n":"Croque-Monsieur Maxi Herta jambon fromage x2 - 310g","p":3.09,"u":"9,97 €/KG","img":"https://fd13-photos.leclercdrive.fr/image.ashx?id=2907941&use=l&cat=p&typeid=i","cat":333671},{"id":264694,"n":"Cheetos crispy Balls  90g","p":1.06,"u":"11,78 €/KG","img":"https://fd13-photos.leclercdrive.fr/image.ashx?id=2907962&use=l&cat=p&typeid=i","cat":284449},{"id":264696,"n":"Cheetos crunchy Fromage - 90g","p":1.06,"u":"11,78 €/KG","img":"https://fd13-photos.leclercdrive.fr/image.ashx?id=2907965&use=l&cat=p&typeid=i","cat":284449},{"id":264700,"n":"Cheetos crunchy Sweet Chili - 90g","p":1.06,"u":"11,78 €/KG","img":"https://fd13-photos.leclercdrive.fr/image.ashx?id=2907968&use=l&cat=p&typeid=i","cat":284449},{"id":264707,"n":"Cheetos original  135g","p":1.69,"u":"12,52 €/KG","img":"https://fd13-photos.leclercdrive.fr/image.ashx?id=2907956&use=l&cat=p&typeid=i","cat":284449},{"id":264708,"n":"Cheetos original  Fromage - 80g","p":1.16,"u":"14,50 €/KG","img":"https://fd13-photos.leclercdrive.fr/image.ashx?id=2907959&use=l&cat=p&typeid=i","cat":284449},{"id":264776,"n":"Décor pour gateaux Vahiné Licorne - x1","p":1.44,"img":"https://fd13-photos.leclercdrive.fr/image.ashx?id=2907294&use=l&cat=p&typeid=i","cat":284504},{"id":264778,"n":"Décor pour gateaux Vahiné Dinosaure - x1","p":1.44,"img":"https://fd13-photos.leclercdrive.fr/image.ashx?id=2907297&use=l&cat=p&typeid=i","cat":284504},{"id":264779,"n":"Coupelles Douceur du Verger 8x100g","p":2.09,"u":"2,61 €/KG","img":"https://fd13-photos.leclercdrive.fr/image.ashx?id=2958350&use=l&cat=p&typeid=i","cat":284508},{"id":264781,"n":"Décor pour gateaux Vahiné Langues étrangers - x1","p":1.44,"img":"https://fd13-photos.leclercdrive.fr/image.ashx?id=2907300&use=l&cat=p&typeid=i","cat":284504},{"id":264791,"n":"Biscuit au Pop corn P'tit Déli Fourrés chocolat au lait - 150g","p":1.89,"u":"12,60 €/KG","img":"https://fd13-photos.leclercdrive.fr/image.ashx?id=2907303&use=l&cat=p&typeid=i","cat":284488},{"id":264799,"n":"Bière Blonde Lager 5 Spéciale 5% - 10x25cl","p":5.52,"u":"2,21 €/L","img":"https://fd13-photos.leclercdrive.fr/image.ashx?id=2954112&use=l&cat=p&typeid=i","cat":334873},{"id":264903,"n":"La Panée soja Garden Gourmet 207g","p":2.66,"u":"12,85 €/KG","img":"https://fd13-photos.leclercdrive.fr/image.ashx?id=2980155&use=l&cat=p&typeid=i","cat":316036},{"id":264904,"n":"Le Classique soja  Garden Gourmet 173g","p":2.62,"u":"15,14 €/KG","img":"https://fd13-photos.leclercdrive.fr/image.ashx?id=2965319&use=l&cat=p&typeid=i","cat":316036},{"id":265148,"n":"Petit pot de crème Délisse Noix de coco - 4x100g","p":1.58,"u":"3,95 €/KG","img":"https://fd13-photos.leclercdrive.fr/image.ashx?id=2722387&use=l&cat=p&typeid=i","cat":326550},{"id":265151,"n":"Fromage enfant Mini Babybel  22 portions 484g","p":7.77,"u":"16,05 €/KG","img":"https://fd13-photos.leclercdrive.fr/image.ashx?id=2935843&use=l&cat=p&typeid=i","cat":314030},{"id":265152,"n":"Fromage apéritif Apéricube Soirée match 48 cubes 250g","p":4.17,"u":"16,68 €/KG","img":"https://fd13-photos.leclercdrive.fr/image.ashx?id=2908915&use=l&cat=p&typeid=i","cat":314027},{"id":265156,"n":"Fromage apéritif Apéricube Montagne 48 cubes 250g","p":4.17,"u":"16,68 €/KG","img":"https://fd13-photos.leclercdrive.fr/image.ashx?id=2908924&use=l&cat=p&typeid=i","cat":314027},{"id":265213,"n":"Pain sandwich nature Harry's  x8 - 360g","p":1.65,"u":"4,58 €/KG","img":"https://fd13-photos.leclercdrive.fr/image.ashx?id=2861503&use=l&cat=p&typeid=i","cat":326550},{"id":265326,"n":"Lessive Bébé Hypoallergénique Persavon - Abricot 44 lavages","p":7.94,"u":"3,97 €/L","img":"https://fd13-photos.leclercdrive.fr/image.ashx?id=2912362&use=l&cat=p&typeid=i","cat":284640},{"id":265387,"n":"Manchons de poulet Côté Croc Barbecue - 250g","p":1.87,"u":"7,48 €/KG","img":"https://fd13-photos.leclercdrive.fr/image.ashx?id=2560482&use=l&cat=p&typeid=i","cat":326550},{"id":265443,"n":"Martini Bianco 14.5° - 1L","p":10.28,"u":"10,28 €/L","img":"https://fd13-photos.leclercdrive.fr/image.ashx?id=2941952&use=l&cat=p&typeid=i","cat":284913},{"id":265446,"n":"Martini Fiero 14.5° - 1L","p":10.28,"u":"10,28 €/L","img":"https://fd13-photos.leclercdrive.fr/image.ashx?id=2911573&use=l&cat=p&typeid=i","cat":284913},{"id":265449,"n":"Martini rosato 14.5° - 1L","p":10.28,"u":"10,28 €/L","img":"https://fd13-photos.leclercdrive.fr/image.ashx?id=2941946&use=l&cat=p&typeid=i","cat":284913},{"id":265450,"n":"Martini rosso 14.5° - 1L","p":10.28,"u":"10,28 €/L","img":"https://fd13-photos.leclercdrive.fr/image.ashx?id=2941949&use=l&cat=p&typeid=i","cat":284913},{"id":265459,"n":"Lessive en poudre Rainett Aloe vera - 1.45kg","p":7.71,"u":"5,32 €/KG","img":"https://fd13-photos.leclercdrive.fr/image.ashx?id=2912539&use=l&cat=p&typeid=i","cat":284642},{"id":265507,"n":"Kit plumeau Swiffer Anti-poussière +4 recharges","p":5.13,"img":"https://fd13-photos.leclercdrive.fr/image.ashx?id=2917106&use=l&cat=p&typeid=i","cat":325364},{"id":265512,"n":"Recharges plumeaux Swiffer x9","p":6.09,"img":"https://fd13-photos.leclercdrive.fr/image.ashx?id=2912704&use=l&cat=p&typeid=i","cat":325364},{"id":265514,"n":"Adoucissant Lenor collection Jasmin et rose de mai 1.155L","p":4.53,"u":"3,92 €/L","img":"https://fd13-photos.leclercdrive.fr/image.ashx?id=2912701&use=l&cat=p&typeid=i","cat":284650},{"id":265515,"n":"Adoucissant liquide Lenor Peaux sensibles - 882ml x42","p":4.48,"u":"5,08 €/L","img":"https://fd13-photos.leclercdrive.fr/image.ashx?id=2917100&use=l&cat=p&typeid=i","cat":284650},{"id":265521,"n":"Parfum de linge Lenor Fraîcheur florale - 235g - x19","p":6.92,"u":"29,45 €/KG","img":"https://fd13-photos.leclercdrive.fr/image.ashx?id=2912692&use=l&cat=p&typeid=i","cat":325302},{"id":265612,"n":"Raclette nature Eco+ 400g","p":2.53,"u":"6,33 €/KG","img":"https://fd13-photos.leclercdrive.fr/image.ashx?id=2611852&use=l&cat=p&typeid=i","cat":326550},{"id":265703,"n":"Pizza Dolce Sodebo Prosciutto Jambon Mozza - 400g","p":2.62,"u":"6,55 €/KG","img":"https://fd13-photos.leclercdrive.fr/image.ashx?id=2919277&use=l&cat=p&typeid=i","cat":326550},{"id":265799,"n":"Désodorisant Febreze Linge frais - x3 recharges","p":7.86,"u":"393,00 €/L","img":"https://fd13-photos.leclercdrive.fr/image.ashx?id=2912680&use=l&cat=p&typeid=i","cat":311629},{"id":265803,"n":"Dentifrice Elmex Email Clinical Expert - Soin email - 2x75ml","p":11.99,"u":"79,93 €/L","img":"https://fd13-photos.leclercdrive.fr/image.ashx?id=2911597&use=l&cat=p&typeid=i","cat":284612},{"id":265828,"n":"Bain de bouche Parodontax Renforce & protège Menthe 500ml","p":5.44,"u":"10,88 €/L","img":"https://fd13-photos.leclercdrive.fr/image.ashx?id=2911561&use=l&cat=p&typeid=i","cat":284613},{"id":265865,"n":"Boisson végétale bio Bjorg  Coco 2x1L","p":4.7,"u":"2,35 €/L","img":"https://fd13-photos.leclercdrive.fr/image.ashx?id=2911306&use=l&cat=p&typeid=i","cat":313736},{"id":265868,"n":"Lessive liquide Dash 2 en 1 Envolée d'air 40 lavages - 1.8L","p":10.38,"u":"5,77 €/L","img":"https://fd13-photos.leclercdrive.fr/image.ashx?id=2914858&use=l&cat=p&typeid=i","cat":284640},{"id":265886,"n":"Bière blonde 5 Lager Speciale 5% 6x25cl","p":3.42,"u":"2,28 €/L","img":"https://fd13-photos.leclercdrive.fr/image.ashx?id=2910768&use=l&cat=p&typeid=i","cat":334873},{"id":265890,"n":"Vodka Poliakov cherry 70cl 32°","p":10.94,"u":"15,63 €/L","img":"https://fd13-photos.leclercdrive.fr/image.ashx?id=3002048&use=l&cat=p&typeid=i","cat":284550},{"id":265902,"n":"Chewing-gum Stimorol  Menthe-Réglisse sans sucres 70g","p":2.8,"u":"40,00 €/KG","img":"https://fd13-photos.leclercdrive.fr/image.ashx?id=2910943&use=l&cat=p&typeid=i","cat":304251},{"id":265913,"n":"Lessive en capsule Dash 2 en 1 Fraîcheur de coton - 696g","p":13.94,"u":"20,03 €/KG","img":"https://fd13-photos.leclercdrive.fr/image.ashx?id=2914873&use=l&cat=p&typeid=i","cat":284641},{"id":265921,"n":"Capsules lave-vaisselle Fairy Platinium Plus anti-terne 388g","p":8.35,"u":"21,52 €/KG","img":"https://fd13-photos.leclercdrive.fr/image.ashx?id=2914189&use=l&cat=p&typeid=i","cat":284656},{"id":265931,"n":"Tablettes lave-vaisselle Fairy  Original Tout en 1 x34 - 473g","p":10.05,"u":"21,25 €/KG","img":"https://fd13-photos.leclercdrive.fr/image.ashx?id=2914198&use=l&cat=p&typeid=i","cat":284656},{"id":265932,"n":"Tablettes lave-vaisselle Fairy Original tout en 1 x35 - 473g","p":10.15,"u":"21,46 €/KG","img":"https://fd13-photos.leclercdrive.fr/image.ashx?id=2914201&use=l&cat=p&typeid=i","cat":284656},{"id":265934,"n":"Lessive liquide Skip Cycle court 2x37 - 2.960L","p":25.48,"u":"8,61 €/L","img":"https://fd13-photos.leclercdrive.fr/image.ashx?id=2914246&use=l&cat=p&typeid=i","cat":284640},{"id":265937,"n":"Lessive liquide Skip Couleur Protect 2x37 - 2.960L","p":25.48,"u":"8,61 €/L","img":"https://fd13-photos.leclercdrive.fr/image.ashx?id=2914249&use=l&cat=p&typeid=i","cat":284640},{"id":265939,"n":"Lessive liquide Skip  Odeur Control 2x37 - 2.960L","p":25.48,"u":"8,61 €/L","img":"https://fd13-photos.leclercdrive.fr/image.ashx?id=2914252&use=l&cat=p&typeid=i","cat":284640},{"id":265941,"n":"Dentifrice Sensodyne Soin gencives 3x75ml","p":9.83,"pp":5.9,"u":"26,22 €/L","img":"https://fd13-photos.leclercdrive.fr/image.ashx?id=3009020&use=l&cat=p&typeid=i","cat":284612},{"id":265950,"n":"Dentifrice Sensodyne Soin blancheur 3x75ml","p":9.83,"pp":5.9,"u":"26,22 €/L","img":"https://fd13-photos.leclercdrive.fr/image.ashx?id=3009026&use=l&cat=p&typeid=i","cat":284612},{"id":266053,"n":"Salade & Cie Sodebo Brooklyn Poulet Rôti Pâtes - 320g","p":3.37,"u":"10,53 €/KG","img":"https://fd13-photos.leclercdrive.fr/image.ashx?id=2795719&use=l&cat=p&typeid=i","cat":326550},{"id":266078,"n":"Lessive liquide Persil Douceur d'amande - 2.565L x61","p":9.32,"u":"3,63 €/L","img":"https://fd13-photos.leclercdrive.fr/image.ashx?id=2944497&use=l&cat=p&typeid=i","cat":284640},{"id":266093,"n":"Adoucissant Lenor Envolée d'air - x55 - 1.155L","p":4.53,"u":"3,92 €/L","img":"https://fd13-photos.leclercdrive.fr/image.ashx?id=2914171&use=l&cat=p&typeid=i","cat":284650},{"id":266096,"n":"Shampooing Head & Shoulders DermaxPro - Apaise - 250ml","p":5.28,"u":"21,12 €/L","img":"https://fd13-photos.leclercdrive.fr/image.ashx?id=2914138&use=l&cat=p&typeid=i","cat":284606},{"id":266105,"n":"Nettoyant lave-vaisselle Finish Protector - 30g","p":4.08,"u":"136,00 €/KG","img":"https://fd13-photos.leclercdrive.fr/image.ashx?id=2914894&use=l&cat=p&typeid=i","cat":284657},{"id":266106,"n":"Adoucissant Soupline Concentré Ultra Moments magiques - 800ml","p":5.88,"u":"7,35 €/L","img":"https://fd13-photos.leclercdrive.fr/image.ashx?id=2914225&use=l&cat=p&typeid=i","cat":284650},{"id":266107,"n":"Gel WC Harpic Power Plus 750ml","p":2.13,"u":"2,84 €/L","img":"https://fd13-photos.leclercdrive.fr/image.ashx?id=2914027&use=l&cat=p&typeid=i","cat":284662},{"id":266111,"n":"Bloc WC Harpic Hygienic & Fresh 2.0 Marine - x2","p":2.24,"img":"https://fd13-photos.leclercdrive.fr/image.ashx?id=2914024&use=l&cat=p&typeid=i","cat":284662},{"id":266112,"n":"Lessive liquide Ariel Peaux sensibles - 1.575L x35","p":9.88,"u":"6,27 €/L","img":"https://fd13-photos.leclercdrive.fr/image.ashx?id=2914819&use=l&cat=p&typeid=i","cat":284640},{"id":266113,"n":"Lessive liquide Ariel Unstoppable - x30 1.350L","p":9.88,"u":"7,32 €/L","img":"https://fd13-photos.leclercdrive.fr/image.ashx?id=2914144&use=l&cat=p&typeid=i","cat":284640},{"id":266114,"n":"Lessive liquide Ariel Alpine - x35 - 1.575L","p":9.88,"u":"6,27 €/L","img":"https://fd13-photos.leclercdrive.fr/image.ashx?id=2914822&use=l&cat=p&typeid=i","cat":284640},{"id":266123,"n":"Jambon Sec fines et fondantes Aoste nature 4 tranches - 67g","p":2.42,"u":"36,12 €/KG","img":"https://fd13-photos.leclercdrive.fr/image.ashx?id=2937196&use=l&cat=p&typeid=i","cat":316007},{"id":266137,"n":"Lessive liquide Ariel Ultra détachant - 1.350L x30","p":9.88,"u":"7,32 €/L","img":"https://fd13-photos.leclercdrive.fr/image.ashx?id=2914147&use=l&cat=p&typeid=i","cat":284640},{"id":266139,"n":"Gel WC Harpic Power Plus Marine - 750ml","p":2.35,"u":"3,13 €/L","img":"https://fd13-photos.leclercdrive.fr/image.ashx?id=2914021&use=l&cat=p&typeid=i","cat":284662},{"id":266140,"n":"Capsules lave-vaisselle Finish Ultimate Plus - x47 - 573g","p":11.88,"pp":7.13,"u":"12,44 €/KG","img":"https://fd13-photos.leclercdrive.fr/image.ashx?id=2914630&use=l&cat=p&typeid=i","cat":284656},{"id":266143,"n":"Adoucissant Lenor Fresh Air Rayons soleil - 504ml - x36D","p":4.53,"u":"8,99 €/L","img":"https://fd13-photos.leclercdrive.fr/image.ashx?id=2914153&use=l&cat=p&typeid=i","cat":284650},{"id":266145,"n":"Adoucissant Lenor Fresh Air Soleil tropical - 504ml - x36","p":4.53,"u":"8,99 €/L","img":"https://fd13-photos.leclercdrive.fr/image.ashx?id=2914156&use=l&cat=p&typeid=i","cat":284650},{"id":266147,"n":"Parfum de linge Lenor Parfum d'Ariel - x13 - 155g","p":4.53,"u":"29,23 €/KG","img":"https://fd13-photos.leclercdrive.fr/image.ashx?id=2914159&use=l&cat=p&typeid=i","cat":325302},{"id":266149,"n":"Adoucissant Lenor Fresh Air Fraîcheur matinale 504ml - x36","p":4.53,"u":"8,99 €/L","img":"https://fd13-photos.leclercdrive.fr/image.ashx?id=2914150&use=l&cat=p&typeid=i","cat":284650},{"id":266150,"n":"Lait corps hydratation Nivea Express - 250ml","p":4.22,"u":"16,88 €/L","img":"https://fd13-photos.leclercdrive.fr/image.ashx?id=2977648&use=l&cat=p&typeid=i","cat":325349},{"id":266156,"n":"Lessive capsuleS Ariel Pods+ Unstoppable - 515g - x26","p":15.87,"u":"30,82 €/KG","img":"https://fd13-photos.leclercdrive.fr/image.ashx?id=2914852&use=l&cat=p&typeid=i","cat":284641},{"id":266157,"n":"Lessive capsules Ariel Pods Grandiose Original 762g x21","p":13.07,"u":"17,15 €/KG","img":"https://fd13-photos.leclercdrive.fr/image.ashx?id=2914180&use=l&cat=p&typeid=i","cat":284641},{"id":266162,"n":"Capsules lave-vaisselle Finish Quantum - 707g - x68","p":11.88,"pp":7.13,"u":"10,08 €/KG","img":"https://fd13-photos.leclercdrive.fr/image.ashx?id=2914627&use=l&cat=p&typeid=i","cat":284656},{"id":266163,"n":"Parfum de linge Lenor Jasmin & Rose de mai 155g x13","p":4.53,"u":"29,23 €/KG","img":"https://fd13-photos.leclercdrive.fr/image.ashx?id=2914162&use=l&cat=p&typeid=i","cat":325302},{"id":266165,"n":"Fromage enfant Mini Babybel Mix 9 portions","p":3.02,"u":"0,50 €/P","img":"https://fd13-photos.leclercdrive.fr/image.ashx?id=2911912&use=l&cat=p&typeid=i","cat":314030},{"id":266166,"n":"Lessive capsules Ariel 3en1 Pods - Alpine - 546g - x30","p":12.99,"u":"23,79 €/KG","img":"https://fd13-photos.leclercdrive.fr/image.ashx?id=2914177&use=l&cat=p&typeid=i","cat":284641},{"id":266167,"n":"Fromage enfant Mini Babybel Emmental 6 portions","p":2.65,"u":"0,44 €/P","img":"https://fd13-photos.leclercdrive.fr/image.ashx?id=2911915&use=l&cat=p&typeid=i","cat":314030},{"id":266168,"n":"Lessive capsules Ariel 3en1 Pods - Alpine - 346g x19","p":8.96,"u":"25,90 €/KG","img":"https://fd13-photos.leclercdrive.fr/image.ashx?id=2914867&use=l&cat=p&typeid=i","cat":284641},{"id":266178,"n":"Adoucissant Lenor Envolée air - 882ml x42","p":4.05,"u":"4,59 €/L","img":"https://fd13-photos.leclercdrive.fr/image.ashx?id=2914168&use=l&cat=p&typeid=i","cat":284650},{"id":266181,"n":"Adoucissant Lenor Bouquet floral - 1.155L - x55","p":4.53,"u":"3,92 €/L","img":"https://fd13-photos.leclercdrive.fr/image.ashx?id=2914174&use=l&cat=p&typeid=i","cat":284650},{"id":266182,"n":"Adoucissant Lenor Ambre & orchidée - 882ml - x42","p":4.48,"u":"5,08 €/L","img":"https://fd13-photos.leclercdrive.fr/image.ashx?id=2914864&use=l&cat=p&typeid=i","cat":284650},{"id":266183,"n":"Adoucissant Lenor Jasmin & Rose de mai 882ml x42","p":4.49,"u":"5,09 €/L","img":"https://fd13-photos.leclercdrive.fr/image.ashx?id=2914861&use=l&cat=p&typeid=i","cat":284650},{"id":266199,"n":"Adoucissant Soupline Ultra Fraîcheur infinie rosée 800ml","p":5.89,"u":"7,36 €/L","img":"https://fd13-photos.leclercdrive.fr/image.ashx?id=2991027&use=l&cat=p&typeid=i","cat":284650},{"id":266201,"n":"Adoucissant Soupline Ultra Fraîcheur infinie lagon 800ml","p":5.75,"u":"7,19 €/L","img":"https://fd13-photos.leclercdrive.fr/image.ashx?id=2991024&use=l&cat=p&typeid=i","cat":284650},{"id":266203,"n":"Adoucissant Soupline Ultra concentré Rose éclatante 800 ml","p":5.84,"u":"7,30 €/L","img":"https://fd13-photos.leclercdrive.fr/image.ashx?id=2914210&use=l&cat=p&typeid=i","cat":284650},{"id":266204,"n":"Adoucissant Soupline Ultra Emotion vanille - 1800ml","p":11.79,"u":"6,55 €/L","img":"https://fd13-photos.leclercdrive.fr/image.ashx?id=2914207&use=l&cat=p&typeid=i","cat":284650},{"id":266206,"n":"Adoucissant Soupline Ultra concentré Fraicheur Azur 800 ml","p":5.93,"u":"7,41 €/L","img":"https://fd13-photos.leclercdrive.fr/image.ashx?id=2991030&use=l&cat=p&typeid=i","cat":284650},{"id":266208,"n":"Adoucissant Soupline Ultra concentré Soin Expert 800 ml","p":5.88,"u":"7,35 €/L","img":"https://fd13-photos.leclercdrive.fr/image.ashx?id=2914222&use=l&cat=p&typeid=i","cat":284650},{"id":266210,"n":"Adoucissant Soupline Concentré   Sublime Musc 1,26L","p":5.53,"u":"4,39 €/L","img":"https://fd13-photos.leclercdrive.fr/image.ashx?id=2966803&use=l&cat=p&typeid=i","cat":284650},{"id":266213,"n":"Adoucissant Soupline Emotion ambré - 1260ml","p":7.74,"u":"6,14 €/L","img":"https://fd13-photos.leclercdrive.fr/image.ashx?id=2914231&use=l&cat=p&typeid=i","cat":284650},{"id":266232,"n":"Riz risotto Taureau Ailé 1kg","p":4.65,"u":"4,65 €/KG","img":"https://fd13-photos.leclercdrive.fr/image.ashx?id=2914696&use=l&cat=p&typeid=i","cat":284428},{"id":266234,"n":"Pop Corn Micro-ondable Vico Pop caramel - 240g","p":2.04,"u":"8,50 €/KG","img":"https://fd13-photos.leclercdrive.fr/image.ashx?id=2913940&use=l&cat=p&typeid=i","cat":304249},{"id":266237,"n":"Bonbons Carambar CaraFruity  Cerise-Framboise-Pêche - 380g","p":3.05,"u":"8,03 €/KG","img":"https://fd13-photos.leclercdrive.fr/image.ashx?id=2937403&use=l&cat=p&typeid=i","cat":304250},{"id":266238,"n":"Bonbons La Vosgienne  Cassis sans sucres -  49g","p":1.61,"u":"32,86 €/KG","img":"https://fd13-photos.leclercdrive.fr/image.ashx?id=2971900&use=l&cat=p&typeid=i","cat":304252},{"id":266239,"n":"Bonbons La Vosgienne Menthe citron sans sucres - 49g","p":1.98,"u":"40,41 €/KG","img":"https://fd13-photos.leclercdrive.fr/image.ashx?id=2991190&use=l&cat=p&typeid=i","cat":304252},{"id":266244,"n":"Bonbons La Vosgienne Menthol Eucalyptus - 46g","p":2.28,"u":"49,57 €/KG","img":"https://fd13-photos.leclercdrive.fr/image.ashx?id=2979054&use=l&cat=p&typeid=i","cat":304252},{"id":266249,"n":"Bonbons La Vosgienne Sève de pin sans sucres - 46g","p":1.97,"u":"42,83 €/KG","img":"https://fd13-photos.leclercdrive.fr/image.ashx?id=2991193&use=l&cat=p&typeid=i","cat":304252},{"id":266252,"n":"Sardines Parmentier A l'huile de tournesol - 2x135g","p":2.94,"u":"10,89 €/KG","img":"https://fd13-photos.leclercdrive.fr/image.ashx?id=2913829&use=l&cat=p&typeid=i","cat":305146},{"id":266342,"n":"Chewing-gum Hubba Bubba Fraise 56g","p":2.25,"u":"40,18 €/KG","img":"https://fd13-photos.leclercdrive.fr/image.ashx?id=2914729&use=l&cat=p&typeid=i","cat":304251},{"id":266435,"n":"Brume adoucissant Soupline Grand air - Anti-plis 300ml","p":6.49,"u":"21,63 €/L","img":"https://fd13-photos.leclercdrive.fr/image.ashx?id=2967974&use=l&cat=p&typeid=i","cat":284650},{"id":266436,"n":"Lessive liquide Ariel Original - 1.575L - x35","p":9.88,"u":"6,27 €/L","img":"https://fd13-photos.leclercdrive.fr/image.ashx?id=2914813&use=l&cat=p&typeid=i","cat":284640},{"id":266438,"n":"Lessive liquide Ariel Protection fibres - 1.350ml x30","p":9.88,"u":"7,32 €/L","img":"https://fd13-photos.leclercdrive.fr/image.ashx?id=2914825&use=l&cat=p&typeid=i","cat":284640},{"id":266440,"n":"Lessive liquide Ariel Active - 1350ml x30","p":9.88,"u":"7,32 €/L","img":"https://fd13-photos.leclercdrive.fr/image.ashx?id=2914828&use=l&cat=p&typeid=i","cat":284640},{"id":266444,"n":"Lessive capsules Ariel 3en1 Original - 546g - x30","p":11.45,"u":"20,97 €/KG","img":"https://fd13-photos.leclercdrive.fr/image.ashx?id=2914834&use=l&cat=p&typeid=i","cat":284641},{"id":266445,"n":"Lessive capsules Ariel Pods+ Active - 554g - x26","p":13.06,"u":"23,57 €/KG","img":"https://fd13-photos.leclercdrive.fr/image.ashx?id=2914843&use=l&cat=p&typeid=i","cat":284641},{"id":266446,"n":"Lessive capsules Ariel Pods+ Active - 405g - x19","p":10.66,"u":"26,32 €/KG","img":"https://fd13-photos.leclercdrive.fr/image.ashx?id=2914849&use=l&cat=p&typeid=i","cat":284641},{"id":266448,"n":"Lessive capsules Ariel Pods Original - 346g - x19","p":8.96,"u":"25,90 €/KG","img":"https://fd13-photos.leclercdrive.fr/image.ashx?id=2914855&use=l&cat=p&typeid=i","cat":284641},{"id":266449,"n":"Lessive capsules Ariel Pods Grandiose Alpine x21 - 762g","p":13.06,"u":"17,14 €/KG","img":"https://fd13-photos.leclercdrive.fr/image.ashx?id=2970245&use=l&cat=p&typeid=i","cat":284641},{"id":266450,"n":"Lessive capsules Ariel Pods+ Ultra détachant - 443g x19","p":10.66,"u":"24,06 €/KG","img":"https://fd13-photos.leclercdrive.fr/image.ashx?id=2914837&use=l&cat=p&typeid=i","cat":284641},{"id":266452,"n":"Lessive capsules Ariel Pods+ Unstoppable - 376g x19","p":10.66,"u":"28,35 €/KG","img":"https://fd13-photos.leclercdrive.fr/image.ashx?id=2914840&use=l&cat=p&typeid=i","cat":284641},{"id":266465,"n":"Lessive liquide Skip Bébé - 1.47L x35","p":12.93,"u":"8,80 €/L","img":"https://fd13-photos.leclercdrive.fr/image.ashx?id=2971787&use=l&cat=p&typeid=i","cat":284640},{"id":266470,"n":"Recharges diffuseur électrique Airwick - Cannelle - 19ml","p":4.18,"u":"220,00 €/L","img":"https://fd13-photos.leclercdrive.fr/image.ashx?id=2914624&use=l&cat=p&typeid=i","cat":311629},{"id":266473,"n":"Eau gazeuse San Pellegrino Pêche Menthe - 6x33cl","p":3.68,"u":"1,86 €/L","img":"https://fd13-photos.leclercdrive.fr/image.ashx?id=2914780&use=l&cat=p&typeid=i","cat":284532},{"id":266665,"n":"Biscuits Gullon Goûter fourré Méga Duo - 300g","p":1.35,"u":"4,50 €/KG","img":"https://fd13-photos.leclercdrive.fr/image.ashx?id=2914795&use=l&cat=p&typeid=i","cat":284488},{"id":266685,"n":"Mélanges herbes épices Cholula Fajita Paprika Coriandre 490g","p":4.94,"u":"10,08 €/KG","img":"https://fd13-photos.leclercdrive.fr/image.ashx?id=2915862&use=l&cat=p&typeid=i","cat":288993},{"id":266701,"n":"Mini biscuits  P'tit Déli Rond enrobé Chocolat blanc 128g","p":1.45,"u":"11,33 €/KG","img":"https://fd13-photos.leclercdrive.fr/image.ashx?id=2942244&use=l&cat=p&typeid=i","cat":284488},{"id":266706,"n":"Pain de mie La Boulangère Complet & graines - 500g","p":1.99,"u":"3,98 €/KG","img":"https://fd13-photos.leclercdrive.fr/image.ashx?id=2926693&use=l&cat=p&typeid=i","cat":284477},{"id":266737,"n":"Carottes des sables des Landes de Gascogne NRT - 1kg","p":1.99,"u":"1,99 €/KG","img":"https://fd13-photos.leclercdrive.fr/image.ashx?id=2928342&use=l&cat=p&typeid=i","cat":284352},{"id":266755,"n":"Gel détartrant Canard WC Ecolabel - 750ml","p":2.47,"pp":1.63,"u":"2,17 €/L","img":"https://fd13-photos.leclercdrive.fr/image.ashx?id=2916390&use=l&cat=p&typeid=i","cat":284662},{"id":266762,"n":"Pain de mie Jacquet Maxi sans sucres ajoutés - 550g","p":1.16,"u":"2,11 €/KG","img":"https://fd13-photos.leclercdrive.fr/image.ashx?id=2935705&use=l&cat=p&typeid=i","cat":326550},{"id":266896,"n":"Riz au lait Délisse  Vanille - 4x115g","p":1.01,"u":"2,20 €/KG","img":"https://fd13-photos.leclercdrive.fr/image.ashx?id=2489107&use=l&cat=p&typeid=i","cat":326550},{"id":267004,"n":"Soda Coca Cola Cherry Canette 6x20cl","p":3.7,"u":"3,08 €/L","img":"https://fd13-photos.leclercdrive.fr/image.ashx?id=2916438&use=l&cat=p&typeid=i","cat":284530},{"id":267005,"n":"Soda Coca-Cola Lemon Bouteille - 1,25L","p":2.23,"u":"1,78 €/L","img":"https://fd13-photos.leclercdrive.fr/image.ashx?id=2916435&use=l&cat=p&typeid=i","cat":284530},{"id":267014,"n":"Tortillas de blé Old El Paso Complet x10 - 580g","p":3.57,"u":"6,16 €/KG","img":"https://fd13-photos.leclercdrive.fr/image.ashx?id=2916492&use=l&cat=p&typeid=i","cat":288993},{"id":267018,"n":"Tablette chocolat Tablette d'Or Lait et noisette - 100g","p":1.49,"u":"14,90 €/KG","img":"https://fd13-photos.leclercdrive.fr/image.ashx?id=2943085&use=l&cat=p&typeid=i","cat":284497},{"id":267203,"n":"Porp Corn salés Tokapi Pop-Box - x2 - 180g","p":1.61,"u":"8,94 €/KG","img":"https://fd13-photos.leclercdrive.fr/image.ashx?id=2915660&use=l&cat=p&typeid=i","cat":304249},{"id":267328,"n":"Nettoyant désinfectant Clair 1.5L","p":1.85,"u":"1,23 €/L","img":"https://fd13-photos.leclercdrive.fr/image.ashx?id=2916593&use=l&cat=p&typeid=i","cat":325357},{"id":267332,"n":"Adoucissant Cajoline Créations Souffle de fraîcheur 1.386L x66","p":5.71,"u":"4,12 €/L","img":"https://fd13-photos.leclercdrive.fr/image.ashx?id=2917109&use=l&cat=p&typeid=i","cat":284650},{"id":267333,"n":"Adoucissant Cajoline Créations Fleur de tiaré & Pivoine 1.386L","p":5.63,"u":"4,06 €/L","img":"https://fd13-photos.leclercdrive.fr/image.ashx?id=2917112&use=l&cat=p&typeid=i","cat":284650},{"id":267335,"n":"Adoucissant Cajoline Créations Lavande & Rose blanche 1.386L","p":4.34,"u":"3,13 €/L","img":"https://fd13-photos.leclercdrive.fr/image.ashx?id=2917115&use=l&cat=p&typeid=i","cat":284650},{"id":267336,"n":"Adoucissant Cajoline Doux & Pur L'original - 1.386L x66","p":4.35,"u":"3,14 €/L","img":"https://fd13-photos.leclercdrive.fr/image.ashx?id=2917118&use=l&cat=p&typeid=i","cat":284650},{"id":267339,"n":"Adoucissant Cajoline Origines Fraîcheur Céleste 1.254L x66","p":5.97,"u":"4,76 €/L","img":"https://fd13-photos.leclercdrive.fr/image.ashx?id=2917121&use=l&cat=p&typeid=i","cat":284650},{"id":267341,"n":"Adoucissant Cajoline Elixir Bouquet estival - 460ml","p":5.97,"u":"12,98 €/L","img":"https://fd13-photos.leclercdrive.fr/image.ashx?id=2940672&use=l&cat=p&typeid=i","cat":284650},{"id":267342,"n":"Adoucissant liquide Cajoline Elixir Brise printanière 460ml","p":6.29,"u":"13,67 €/L","img":"https://fd13-photos.leclercdrive.fr/image.ashx?id=3000896&use=l&cat=p&typeid=i","cat":284650},{"id":267371,"n":"Adoucissant Cajoline Créations Fleur de la passion 1.386L x66","p":4.73,"u":"3,41 €/L","img":"https://fd13-photos.leclercdrive.fr/image.ashx?id=2918107&use=l&cat=p&typeid=i","cat":284650},{"id":267388,"n":"Adoucissant liquide Cajoline Elixir Fraîcheur Céleste 460ml","p":6.29,"u":"13,67 €/L","img":"https://fd13-photos.leclercdrive.fr/image.ashx?id=2918113&use=l&cat=p&typeid=i","cat":284650},{"id":267391,"n":"Adoucissant Cajoline Origines Brise printanière 1.254L x66","p":6.52,"u":"5,20 €/L","img":"https://fd13-photos.leclercdrive.fr/image.ashx?id=2918110&use=l&cat=p&typeid=i","cat":284650},{"id":267411,"n":"Bière Softiz Pêche Sans alcool - 6x27.5cl","p":3.16,"u":"1,92 €/L","img":"https://fd13-photos.leclercdrive.fr/image.ashx?id=2916764&use=l&cat=p&typeid=i","cat":334877},{"id":267412,"n":"Matin+ Pamplemousse Framboise - 90cl","p":2.14,"u":"2,38 €/L","img":"https://fd13-photos.leclercdrive.fr/image.ashx?id=2917735&use=l&cat=p&typeid=i","cat":284914},{"id":267433,"n":"Matin+ Mandarine, Kaki Passion - 90cl","p":2.14,"u":"2,38 €/L","img":"https://fd13-photos.leclercdrive.fr/image.ashx?id=2917729&use=l&cat=p&typeid=i","cat":284915},{"id":267435,"n":"Matin+ Mandarine, Mangue Banane - 90cl","p":2.14,"u":"2,38 €/L","img":"https://fd13-photos.leclercdrive.fr/image.ashx?id=2917732&use=l&cat=p&typeid=i","cat":284915},{"id":267548,"n":"Jambon supérieur Tradilège Sans couenne x8 - 320g","p":3.22,"u":"10,06 €/KG","img":"https://fd13-photos.leclercdrive.fr/image.ashx?id=2943692&use=l&cat=p&typeid=i","cat":326550},{"id":267955,"n":"Escalopes de poulet Eco+ x5 - 600g","p":5.99,"u":"9,98 €/KG","img":"https://fd13-photos.leclercdrive.fr/image.ashx?id=2918239&use=l&cat=p&typeid=i","cat":284336},{"id":267988,"n":"Jus de clémentine Innocent 750ml","p":2.88,"u":"3,84 €/L","img":"https://fd13-photos.leclercdrive.fr/image.ashx?id=2926066&use=l&cat=p&typeid=i","cat":284354},{"id":268005,"n":"Jambon cru Serrano Aoste  4 tranches - 67g","p":2.42,"u":"36,12 €/KG","img":"https://fd13-photos.leclercdrive.fr/image.ashx?id=2939844&use=l&cat=p&typeid=i","cat":316007},{"id":268029,"n":"Culottes Pampers Baby-dry Pants Taille 7 - x29","p":15.95,"u":"0,55 €/P","img":"https://fd13-photos.leclercdrive.fr/image.ashx?id=2919934&use=l&cat=p&typeid=i","cat":290633},{"id":268030,"n":"Culottes Pampers Premium Protection Pants - Taille 4 x31","p":16.01,"u":"0,52 €/P","img":"https://fd13-photos.leclercdrive.fr/image.ashx?id=2919937&use=l&cat=p&typeid=i","cat":290633},{"id":268038,"n":"Couches Pampers Baby-dry Taille 4 - x43","p":15.16,"u":"0,35 €/P","img":"https://fd13-photos.leclercdrive.fr/image.ashx?id=2942003&use=l&cat=p&typeid=i","cat":284737},{"id":268039,"n":"Couches Pampers Baby-Dry Taille 5 - x38","p":16.61,"u":"0,44 €/P","img":"https://fd13-photos.leclercdrive.fr/image.ashx?id=2919976&use=l&cat=p&typeid=i","cat":284737},{"id":268041,"n":"Couches Pampers Baby-Dry Taille 2 - x56","p":15.29,"u":"0,27 €/P","img":"https://fd13-photos.leclercdrive.fr/image.ashx?id=2919982&use=l&cat=p&typeid=i","cat":284737},{"id":268042,"n":"Culottes Pampers Baby-Dry Pants Taille 5 - x36","p":15.52,"u":"0,43 €/P","img":"https://fd13-photos.leclercdrive.fr/image.ashx?id=2920006&use=l&cat=p&typeid=i","cat":290633},{"id":268043,"n":"Les p'tits croqs Notre jardin Légumes du soleil Emmental 280g","p":2.49,"u":"8,89 €/KG","img":"https://fd13-photos.leclercdrive.fr/image.ashx?id=2918526&use=l&cat=p&typeid=i","cat":319802},{"id":268046,"n":"Les p'tits croqs Notre jardin Épinards mozzarella 280g","p":2.49,"u":"8,89 €/KG","img":"https://fd13-photos.leclercdrive.fr/image.ashx?id=2918529&use=l&cat=p&typeid=i","cat":319802},{"id":268047,"n":"Les p'tits croqs Notre jardin Petits légumes Emmental 280g","p":2.49,"u":"8,89 €/KG","img":"https://fd13-photos.leclercdrive.fr/image.ashx?id=2918532&use=l&cat=p&typeid=i","cat":319802},{"id":268050,"n":"Couches Pampers Baby-Dry Taille 6 - x33","p":15.38,"u":"0,47 €/P","img":"https://fd13-photos.leclercdrive.fr/image.ashx?id=2941994&use=l&cat=p&typeid=i","cat":284737},{"id":268052,"n":"Couches Pampers Baby-Dry Taille 5+ - x35","p":14.37,"u":"0,41 €/P","img":"https://fd13-photos.leclercdrive.fr/image.ashx?id=2942006&use=l&cat=p&typeid=i","cat":284737},{"id":268054,"n":"Couches Pampers Baby-Dry Taille 3 - x50","p":14.25,"u":"0,29 €/P","img":"https://fd13-photos.leclercdrive.fr/image.ashx?id=2919988&use=l&cat=p&typeid=i","cat":284737},{"id":268057,"n":"Couches Pampers Premium Protection Taille 2 - x54","p":16.97,"u":"0,31 €/P","img":"https://fd13-photos.leclercdrive.fr/image.ashx?id=2957392&use=l&cat=p&typeid=i","cat":284737},{"id":268058,"n":"Box XXL Radiatori Côté Snack Poulet crème et Emmental 400g","p":2.99,"u":"7,48 €/KG","img":"https://fd13-photos.leclercdrive.fr/image.ashx?id=2918520&use=l&cat=p&typeid=i","cat":334983},{"id":268063,"n":"Culottes Pampers Night Pants Taille 4 - x40","p":16.52,"u":"0,41 €/P","img":"https://fd13-photos.leclercdrive.fr/image.ashx?id=2919949&use=l&cat=p&typeid=i","cat":290633},{"id":268066,"n":"Compotes Andros Coeur de Fruits Pomme banane 4x100g","p":1.79,"u":"4,48 €/KG","img":"https://fd13-photos.leclercdrive.fr/image.ashx?id=2919832&use=l&cat=p&typeid=i","cat":284416},{"id":268075,"n":"Compotes Coeur de fruits Andros Pêche pomme 4x97g","p":2.45,"u":"6,31 €/KG","img":"https://fd13-photos.leclercdrive.fr/image.ashx?id=2919847&use=l&cat=p&typeid=i","cat":284416},{"id":268076,"n":"Compotes Coeur de fruits Andros Pomme ananas passion 4x100g","p":1.85,"u":"4,63 €/KG","img":"https://fd13-photos.leclercdrive.fr/image.ashx?id=2919856&use=l&cat=p&typeid=i","cat":284416},{"id":268077,"n":"Fromage Mini Babybel  Protéines x5 - 110g","p":2.15,"u":"19,55 €/KG","img":"https://fd13-photos.leclercdrive.fr/image.ashx?id=2923567&use=l&cat=p&typeid=i","cat":314030},{"id":268174,"n":"Culottes Pampers Night Pants Taille 6 - x30","p":14.37,"u":"0,48 €/P","img":"https://fd13-photos.leclercdrive.fr/image.ashx?id=2919952&use=l&cat=p&typeid=i","cat":290633},{"id":268175,"n":"Culottes Pampers Night Pants Taille 5 - x35","p":16.39,"u":"0,47 €/P","img":"https://fd13-photos.leclercdrive.fr/image.ashx?id=2919955&use=l&cat=p&typeid=i","cat":290633},{"id":268179,"n":"Culottes Pampers Premium Protection Pants - Taille 5 x29","p":16.77,"u":"0,58 €/P","img":"https://fd13-photos.leclercdrive.fr/image.ashx?id=3009245&use=l&cat=p&typeid=i","cat":290633},{"id":268180,"n":"Culottes Pampers Premium Protection Pants - Taille 6 x27","p":16.01,"u":"0,59 €/P","img":"https://fd13-photos.leclercdrive.fr/image.ashx?id=3009248&use=l&cat=p&typeid=i","cat":290633},{"id":268185,"n":"Couches Pampers Baby-Dry Taille 4+ - x39","p":15.47,"u":"0,40 €/P","img":"https://fd13-photos.leclercdrive.fr/image.ashx?id=2941997&use=l&cat=p&typeid=i","cat":284737},{"id":268186,"n":"Couches Pmapers Premium Protection - Taille 4 x38","p":15.69,"u":"0,41 €/P","img":"https://fd13-photos.leclercdrive.fr/image.ashx?id=2919994&use=l&cat=p&typeid=i","cat":284737},{"id":268231,"n":"Penne Rigate Barilla  Protein + - 400g","p":2.01,"u":"5,03 €/KG","img":"https://fd13-photos.leclercdrive.fr/image.ashx?id=2919928&use=l&cat=p&typeid=i","cat":284427},{"id":268234,"n":"Spaghetti Barilla  Protein + - 400g","p":2.01,"u":"5,03 €/KG","img":"https://fd13-photos.leclercdrive.fr/image.ashx?id=2919931&use=l&cat=p&typeid=i","cat":284427},{"id":268236,"n":"Fusilli Barilla  Protein + - 400g","p":2.17,"u":"5,43 €/KG","img":"https://fd13-photos.leclercdrive.fr/image.ashx?id=2919925&use=l&cat=p&typeid=i","cat":284427},{"id":268345,"n":"Biscuits fourrés BN Chocolat caramel - x3 - 855g","p":6.44,"u":"7,53 €/KG","img":"https://fd13-photos.leclercdrive.fr/image.ashx?id=2921474&use=l&cat=p&typeid=i","cat":284488},{"id":268346,"n":"Biscuits BN fourrés chocolat à la pâte à tartiner- x3 - 855g","p":6.44,"u":"7,53 €/KG","img":"https://fd13-photos.leclercdrive.fr/image.ashx?id=2921477&use=l&cat=p&typeid=i","cat":284488},{"id":268347,"n":"Pétales snacks Tokapi Goût crème oignon - 75g","p":0.89,"u":"11,87 €/KG","img":"https://fd13-photos.leclercdrive.fr/image.ashx?id=2920241&use=l&cat=p&typeid=i","cat":284449},{"id":268352,"n":"Dentifrice Oral B Pro Expert  Healthy Whitening - 75ml","p":4.4,"u":"58,67 €/L","img":"https://fd13-photos.leclercdrive.fr/image.ashx?id=2920567&use=l&cat=p&typeid=i","cat":284612},{"id":268465,"n":"Pepsi pack de 6 canettes  6x33cl","p":3.07,"u":"1,55 €/L","img":"https://fd13-photos.leclercdrive.fr/image.ashx?id=2921540&use=l&cat=p&typeid=i","cat":284530},{"id":268468,"n":"Thé glacé Lipton Framboise  1.75L","p":2.19,"u":"1,25 €/L","img":"https://fd13-photos.leclercdrive.fr/image.ashx?id=2921103&use=l&cat=p&typeid=i","cat":295019},{"id":268473,"n":"Chips Lay's Paysanne Tapenade 120g","p":1.69,"u":"14,08 €/KG","img":"https://fd13-photos.leclercdrive.fr/image.ashx?id=2921543&use=l&cat=p&typeid=i","cat":284447},{"id":268481,"n":"Paic Liquide vaisselle  Citron Agrumes 500ml","p":2.51,"u":"5,02 €/L","img":"https://fd13-photos.leclercdrive.fr/image.ashx?id=2922311&use=l&cat=p&typeid=i","cat":284655},{"id":268982,"n":"Crêpes choco max Whaou! Crazy x6 - 180g","p":2.08,"u":"11,56 €/KG","img":"https://fd13-photos.leclercdrive.fr/image.ashx?id=2921723&use=l&cat=p&typeid=i","cat":284494},{"id":269137,"n":"Roquefort AOP Société douceur 100g","p":2.54,"u":"25,40 €/KG","img":"https://fd13-photos.leclercdrive.fr/image.ashx?id=2922539&use=l&cat=p&typeid=i","cat":314032},{"id":269140,"n":"Quenelles à la Lyonnaise Nature Ecochard x10 - 400g","p":2.89,"u":"7,23 €/KG","img":"https://fd13-photos.leclercdrive.fr/image.ashx?id=2923654&use=l&cat=p&typeid=i","cat":333665},{"id":269147,"n":"Bâtonnet Côte d'Or vanille Sauce caramel x4 - 276g","p":4.99,"u":"18,08 €/KG","img":"https://fd13-photos.leclercdrive.fr/image.ashx?id=2923867&use=l&cat=p&typeid=i","cat":284265},{"id":269150,"n":"Capsules de Café KitKat Dolce Gusto x16","p":4.53,"u":"0,28 €/P","img":"https://fd13-photos.leclercdrive.fr/image.ashx?id=2924893&use=l&cat=p&typeid=i","cat":293239},{"id":269166,"n":"Lessive liquide Persil  Bouquet de Provence - 2,565L","p":9.32,"u":"3,63 €/L","img":"https://fd13-photos.leclercdrive.fr/image.ashx?id=2924980&use=l&cat=p&typeid=i","cat":284640},{"id":269169,"n":"Lessive liquide Skip  Active clean - 2.520 L","p":17.86,"u":"7,09 €/L","img":"https://fd13-photos.leclercdrive.fr/image.ashx?id=2924974&use=l&cat=p&typeid=i","cat":284640},{"id":269197,"n":"Lessive liquide Persil  Douceur d'amande - 1.806","p":7.69,"u":"4,26 €/L","img":"https://fd13-photos.leclercdrive.fr/image.ashx?id=2944491&use=l&cat=p&typeid=i","cat":284640},{"id":269335,"n":"Déodorant Adidas Pure game - 150ml","p":3.15,"u":"21,00 €/L","img":"https://fd13-photos.leclercdrive.fr/image.ashx?id=2924290&use=l&cat=p&typeid=i","cat":284618},{"id":269337,"n":"Spray repulsif Primoplast Moustiques - 100ml","p":4.5,"u":"45,00 €/L","img":"https://fd13-photos.leclercdrive.fr/image.ashx?id=2958353&use=l&cat=p&typeid=i","cat":299654},{"id":269386,"n":"Lessive Liquide Persil Peaux Sensibles 43 lavages","p":8.99,"u":"4,98 €/L","img":"https://fd13-photos.leclercdrive.fr/image.ashx?id=2945838&use=l&cat=p&typeid=i","cat":284640},{"id":269405,"n":"Yaourt à boire Myrtille Hipro 300g","p":1.72,"u":"5,73 €/KG","img":"https://fd13-photos.leclercdrive.fr/image.ashx?id=2826573&use=l&cat=p&typeid=i","cat":326550},{"id":269504,"n":"Fromage Leerdammer Croque Gourmand 8 tranches - 200g","p":1.96,"u":"9,80 €/KG","img":"https://fd13-photos.leclercdrive.fr/image.ashx?id=3004858&use=l&cat=p&typeid=i","cat":314028},{"id":269505,"n":"Halloumi AOP Salakis 200g","p":3.68,"u":"18,40 €/KG","img":"https://fd13-photos.leclercdrive.fr/image.ashx?id=2924626&use=l&cat=p&typeid=i","cat":314026},{"id":269571,"n":"Comté AOP affiné 10 mois Nos Régions ont du Talent 200g","p":3.69,"u":"18,45 €/KG","img":"https://fd13-photos.leclercdrive.fr/image.ashx?id=2923408&use=l&cat=p&typeid=i","cat":314034},{"id":269798,"n":"Boisson energisante Red Bull Zéro - 4x250ml","p":4.74,"u":"4,74 €/L","img":"https://fd13-photos.leclercdrive.fr/image.ashx?id=3011998&use=l&cat=p&typeid=i","cat":284533},{"id":269812,"n":"Gel nettoyant Garnier  Booster d'éclat - 250ml","p":5.79,"u":"23,16 €/L","img":"https://fd13-photos.leclercdrive.fr/image.ashx?id=2954241&use=l&cat=p&typeid=i","cat":284603},{"id":269816,"n":"Adoucissant Bébé Abricot Peaux sensibles - 750ml","p":2.75,"u":"3,67 €/L","img":"https://fd13-photos.leclercdrive.fr/image.ashx?id=2926654&use=l&cat=p&typeid=i","cat":284640},{"id":269844,"n":"Morceaux de sucre Saint Louis 1kg","p":2.72,"u":"2,72 €/KG","img":"https://fd13-photos.leclercdrive.fr/image.ashx?id=2926347&use=l&cat=p&typeid=i","cat":284502},{"id":269912,"n":"P'tit gourmand Nestlé  Vanille - 4x100g","p":1.6,"u":"4,00 €/KG","img":"https://fd13-photos.leclercdrive.fr/image.ashx?id=2946278&use=l&cat=p&typeid=i","cat":312392},{"id":270164,"n":"Sauce pesto Barilla Basilic mozzarella - 190g","p":2.22,"u":"11,68 €/KG","img":"https://fd13-photos.leclercdrive.fr/image.ashx?id=2927699&use=l&cat=p&typeid=i","cat":287599},{"id":270165,"n":"Sauce tomate Barilla Mijoté avec du porc - 300g","p":2.11,"u":"7,03 €/KG","img":"https://fd13-photos.leclercdrive.fr/image.ashx?id=2927696&use=l&cat=p&typeid=i","cat":287599},{"id":270169,"n":"Sauce bolognaise Barilla 300g","p":2.02,"u":"6,73 €/KG","img":"https://fd13-photos.leclercdrive.fr/image.ashx?id=2927693&use=l&cat=p&typeid=i","cat":299047},{"id":270171,"n":"Sauce tomate Barilla à la pancetta - 300g","p":2.11,"u":"7,03 €/KG","img":"https://fd13-photos.leclercdrive.fr/image.ashx?id=2927690&use=l&cat=p&typeid=i","cat":299047},{"id":270173,"n":"Bâtonnets Nuii Pistache d'Anatolie crème x4 284g","p":4.67,"u":"16,44 €/KG","img":"https://fd13-photos.leclercdrive.fr/image.ashx?id=2927630&use=l&cat=p&typeid=i","cat":284265},{"id":270212,"n":"Bâtonnets Nuii chocolat noir Noix du Brésil x4 276g","p":4.81,"u":"17,43 €/KG","img":"https://fd13-photos.leclercdrive.fr/image.ashx?id=3000396&use=l&cat=p&typeid=i","cat":284265},{"id":270237,"n":"Crêpes framboise Whaou! Fruity - x6 180g","p":1.47,"u":"8,17 €/KG","img":"https://fd13-photos.leclercdrive.fr/image.ashx?id=2928741&use=l&cat=p&typeid=i","cat":284494},{"id":270238,"n":"Filets  maquereaux Petit Navire Moutarde - 338g","p":4.37,"u":"12,93 €/KG","img":"https://fd13-photos.leclercdrive.fr/image.ashx?id=2928369&use=l&cat=p&typeid=i","cat":303868},{"id":270434,"n":"Rhum Captain Morgan Spiced Gold Sans Alcool - 70cl","p":10.95,"u":"15,64 €/L","img":"https://fd13-photos.leclercdrive.fr/image.ashx?id=2928074&use=l&cat=p&typeid=i","cat":284549},{"id":270463,"n":"Biscuits Baiocchi Pistache Mulino Bianco - 168g","p":2.68,"u":"15,95 €/KG","img":"https://fd13-photos.leclercdrive.fr/image.ashx?id=2929533&use=l&cat=p&typeid=i","cat":284487},{"id":270473,"n":"Dessert lacté Nestlé Biscuit dès 6mois - 4x100g","p":1.6,"u":"4,00 €/KG","img":"https://fd13-photos.leclercdrive.fr/image.ashx?id=2934914&use=l&cat=p&typeid=i","cat":312392},{"id":270661,"n":"Ferments lactiques Vahiné Pour yahourt maison -20g","p":3.22,"u":"161,00 €/KG","img":"https://fd13-photos.leclercdrive.fr/image.ashx?id=2930069&use=l&cat=p&typeid=i","cat":284505},{"id":270679,"n":"Pâte a tartiner Nocciolata Bio cacao noisette - 400g","p":4.99,"u":"12,48 €/KG","img":"https://fd13-photos.leclercdrive.fr/image.ashx?id=2930412&use=l&cat=p&typeid=i","cat":284481},{"id":270681,"n":"Pâte à tartiner Nocciolata  Bio - 400g","p":6.0,"u":"15,00 €/KG","img":"https://fd13-photos.leclercdrive.fr/image.ashx?id=2938220&use=l&cat=p&typeid=i","cat":284481},{"id":270766,"n":"Eau aromatisée Vittel Aro Fraise framboise - 1L","p":1.16,"u":"1,16 €/L","img":"https://fd13-photos.leclercdrive.fr/image.ashx?id=2940624&use=l&cat=p&typeid=i","cat":284537},{"id":270767,"n":"Eau aromatisée Vittel Aro Fraise framboise - 4x50cl","p":3.15,"u":"3,15 €/L","img":"https://fd13-photos.leclercdrive.fr/image.ashx?id=2940621&use=l&cat=p&typeid=i","cat":284537},{"id":270768,"n":"Eau aromatisée Vittel Aro Pêche abricot - 1L","p":1.16,"u":"1,16 €/L","img":"https://fd13-photos.leclercdrive.fr/image.ashx?id=2940627&use=l&cat=p&typeid=i","cat":284537},{"id":270895,"n":"Yaourts brassés Myrtille Etrez x4 - 500g","p":1.99,"u":"3,98 €/KG","img":"https://fd13-photos.leclercdrive.fr/image.ashx?id=2936875&use=l&cat=p&typeid=i","cat":284410},{"id":270899,"n":"Yaourt entier brassé Vanille Etrez x4 - 500g","p":1.98,"u":"3,96 €/KG","img":"https://fd13-photos.leclercdrive.fr/image.ashx?id=2936878&use=l&cat=p&typeid=i","cat":284410},{"id":270988,"n":"Capsules café L'Or Espresso Brésil N°8 x30","p":10.13,"u":"64,94 €/KG","img":"https://fd13-photos.leclercdrive.fr/image.ashx?id=2938295&use=l&cat=p&typeid=i","cat":284749},{"id":271010,"n":"Barre protéinée Gerlinéa Cacahuète et chocolat - 45g","p":2.05,"u":"45,56 €/KG","img":"https://fd13-photos.leclercdrive.fr/image.ashx?id=2936092&use=l&cat=p&typeid=i","cat":318652},{"id":271245,"n":"Ramette de papier A4 75g Eco+ - 500 feuilles","p":3.57,"u":"0,01 €/P","img":"https://fd13-photos.leclercdrive.fr/image.ashx?id=2943142&use=l&cat=p&typeid=i","cat":284697},{"id":271265,"n":"Maxi friandises Catisfactions  Fromage - 180g","p":3.14,"u":"17,44 €/KG","img":"https://fd13-photos.leclercdrive.fr/image.ashx?id=2937748&use=l&cat=p&typeid=i","cat":285285},{"id":271277,"n":"Preparation crème glacée Vanille bourbon - 200g","p":2.92,"u":"14,60 €/KG","img":"https://fd13-photos.leclercdrive.fr/image.ashx?id=2936332&use=l&cat=p&typeid=i","cat":284505},{"id":271284,"n":"Préparation creme glacée Vahiné Chocolat noir - 210g","p":3.25,"u":"15,48 €/KG","img":"https://fd13-photos.leclercdrive.fr/image.ashx?id=2936335&use=l&cat=p&typeid=i","cat":284505},{"id":271285,"n":"Pepites de chocolat Vahiné  Brownies - 310g","p":3.12,"u":"10,06 €/KG","img":"https://fd13-photos.leclercdrive.fr/image.ashx?id=2936320&use=l&cat=p&typeid=i","cat":284505},{"id":271449,"n":"Cookies chunks Vahiné 3 chocolats - 330g","p":2.74,"u":"8,30 €/KG","img":"https://fd13-photos.leclercdrive.fr/image.ashx?id=2936329&use=l&cat=p&typeid=i","cat":284505},{"id":271465,"n":"Préparation Vahiné  gaufres pancakes crepes - 240g","p":2.39,"u":"9,96 €/KG","img":"https://fd13-photos.leclercdrive.fr/image.ashx?id=2936323&use=l&cat=p&typeid=i","cat":284505},{"id":271466,"n":"Préparation Vahiné Cookies muffins cake - 300g","p":2.39,"u":"7,97 €/KG","img":"https://fd13-photos.leclercdrive.fr/image.ashx?id=2936326&use=l&cat=p&typeid=i","cat":284505},{"id":271485,"n":"Sauce pesto rosso Sacla 190g","p":2.41,"u":"12,68 €/KG","img":"https://fd13-photos.leclercdrive.fr/image.ashx?id=2938115&use=l&cat=p&typeid=i","cat":287599},{"id":271513,"n":"Ramen Tables du Monde 362g","p":2.47,"u":"6,82 €/KG","img":"https://fd13-photos.leclercdrive.fr/image.ashx?id=2931974&use=l&cat=p&typeid=i","cat":288992},{"id":271515,"n":"Ramen Tables du Monde Boeuf - 362g","p":2.47,"u":"6,82 €/KG","img":"https://fd13-photos.leclercdrive.fr/image.ashx?id=2931977&use=l&cat=p&typeid=i","cat":288992},{"id":271881,"n":"Crème dessert Vahiné à la  vanille de Bourbon - 300g","p":2.52,"u":"8,40 €/KG","img":"https://fd13-photos.leclercdrive.fr/image.ashx?id=2936338&use=l&cat=p&typeid=i","cat":284505},{"id":271967,"n":"Déodorant spray Adidas After sport 150ml","p":2.66,"u":"17,73 €/L","img":"https://fd13-photos.leclercdrive.fr/image.ashx?id=2937367&use=l&cat=p&typeid=i","cat":284618},{"id":271971,"n":"Déodorant bille Sanex Natur  Protect Aloe vera 50ml","p":3.46,"u":"69,20 €/L","img":"https://fd13-photos.leclercdrive.fr/image.ashx?id=2938310&use=l&cat=p&typeid=i","cat":284595},{"id":271976,"n":"Brosse à dent Elmex Sensitive x1","p":3.46,"img":"https://fd13-photos.leclercdrive.fr/image.ashx?id=2938307&use=l&cat=p&typeid=i","cat":284614},{"id":271995,"n":"Dentifrice Sensodyne  Sensibilité & gencives 75ml","p":3.97,"u":"52,93 €/L","img":"https://fd13-photos.leclercdrive.fr/image.ashx?id=2937799&use=l&cat=p&typeid=i","cat":284612},{"id":271998,"n":"Dentifrice Sensodyne Multi-protection 75ml","p":4.67,"u":"62,27 €/L","img":"https://fd13-photos.leclercdrive.fr/image.ashx?id=2937802&use=l&cat=p&typeid=i","cat":284612},{"id":271999,"n":"Soin douche Le Petit  Marseillais Lait d'avoine 400ml","p":3.19,"u":"7,98 €/L","img":"https://fd13-photos.leclercdrive.fr/image.ashx?id=2937298&use=l&cat=p&typeid=i","cat":284594},{"id":272001,"n":"Soin douche Le Petit Marseillais Lait de riz 400ml","p":2.75,"u":"6,88 €/L","img":"https://fd13-photos.leclercdrive.fr/image.ashx?id=2937301&use=l&cat=p&typeid=i","cat":284594},{"id":272116,"n":"Chips Savour Poivre noir - 120g","p":1.65,"u":"13,75 €/KG","img":"https://fd13-photos.leclercdrive.fr/image.ashx?id=2933470&use=l&cat=p&typeid=i","cat":284447},{"id":272121,"n":"Pâte à tartiner Nocciolata Bio - 400g","p":5.64,"u":"14,10 €/KG","img":"https://fd13-photos.leclercdrive.fr/image.ashx?id=2941964&use=l&cat=p&typeid=i","cat":284481},{"id":272136,"n":"Chocolat Côte d'Or Lait noisettes - 100g","p":2.32,"u":"23,20 €/KG","img":"https://fd13-photos.leclercdrive.fr/image.ashx?id=2963988&use=l&cat=p&typeid=i","cat":284957},{"id":272141,"n":"Chocolat Côte d'Or Noir noisettes - 100g","p":2.32,"u":"23,20 €/KG","img":"https://fd13-photos.leclercdrive.fr/image.ashx?id=2963991&use=l&cat=p&typeid=i","cat":284956},{"id":272142,"n":"Chocolat Milka au lait noisettes entières - 95g","p":2.08,"u":"21,89 €/KG","img":"https://fd13-photos.leclercdrive.fr/image.ashx?id=2989432&use=l&cat=p&typeid=i","cat":284497},{"id":272145,"n":"Latté Kitkat Nescafé  273g","p":4.94,"u":"18,10 €/KG","img":"https://fd13-photos.leclercdrive.fr/image.ashx?id=2952178&use=l&cat=p&typeid=i","cat":284843},{"id":272256,"n":"Pains Burger Brioché Epi d'Or x4 - 250g","p":1.25,"u":"5,00 €/KG","img":"https://fd13-photos.leclercdrive.fr/image.ashx?id=2933613&use=l&cat=p&typeid=i","cat":325067},{"id":272351,"n":"Masque Sérum Garnier Hyaluron+  Répare tissus x1","p":2.66,"img":"https://fd13-photos.leclercdrive.fr/image.ashx?id=2986657&use=l&cat=p&typeid=i","cat":325346},{"id":272699,"n":"Barres céréales Kellogg's Choco Corn Flakes x6 - 144g","p":1.61,"u":"11,18 €/KG","img":"https://fd13-photos.leclercdrive.fr/image.ashx?id=2941071&use=l&cat=p&typeid=i","cat":300032},{"id":272702,"n":"Céréales Trésor Kellogg's  Choco Brownie - 375g","p":3.29,"u":"8,77 €/KG","img":"https://fd13-photos.leclercdrive.fr/image.ashx?id=2938821&use=l&cat=p&typeid=i","cat":309513},{"id":273424,"n":"Boisson petillante Perrier Citron - 6x1L","p":6.2,"u":"1,03 €/L","img":"https://fd13-photos.leclercdrive.fr/image.ashx?id=2948522&use=l&cat=p&typeid=i","cat":284536},{"id":273443,"n":"Dentifrice Colgate Total  Prevention 24h active 150ml","p":4.42,"u":"29,47 €/L","img":"https://fd13-photos.leclercdrive.fr/image.ashx?id=2952181&use=l&cat=p&typeid=i","cat":284612},{"id":273444,"n":"Riz Taureau Ailé 2x500g","p":3.15,"u":"3,15 €/KG","img":"https://fd13-photos.leclercdrive.fr/image.ashx?id=2963745&use=l&cat=p&typeid=i","cat":284428},{"id":273449,"n":"Riz basmati Taureau Ailé  2x500g","p":3.15,"u":"3,15 €/KG","img":"https://fd13-photos.leclercdrive.fr/image.ashx?id=2963748&use=l&cat=p&typeid=i","cat":284428},{"id":273540,"n":"Pur Jus Clémentine  Corse - 1L","p":2.99,"u":"2,99 €/L","img":"https://fd13-photos.leclercdrive.fr/image.ashx?id=2941315&use=l&cat=p&typeid=i","cat":284915},{"id":273584,"n":"Colle Pattex Fixation - 44g","p":6.1,"img":"https://fd13-photos.leclercdrive.fr/image.ashx?id=2957017&use=l&cat=p&typeid=i","cat":300576},{"id":273585,"n":"Oignon rouge Eco+ 500g","p":0.99,"u":"1,98 €/KG","img":"https://fd13-photos.leclercdrive.fr/image.ashx?id=2942048&use=l&cat=p&typeid=i","cat":284352},{"id":273630,"n":"Oignon jaune tube filière Panier du Primeur x4","p":1.79,"u":"0,45 €/P","img":"https://fd13-photos.leclercdrive.fr/image.ashx?id=2942260&use=l&cat=p&typeid=i","cat":284352},{"id":273864,"n":"Capsules lave-vaisselle Finish Ultimate - x57 - 735g","p":11.88,"pp":7.13,"u":"9,70 €/KG","img":"https://fd13-photos.leclercdrive.fr/image.ashx?id=3011593&use=l&cat=p&typeid=i","cat":284656},{"id":273870,"n":"Mini ruban correcteur Esquisse Rouge, Bleu, Gris - x3","p":1.99,"img":"https://fd13-photos.leclercdrive.fr/image.ashx?id=2943331&use=l&cat=p&typeid=i","cat":334133},{"id":274147,"n":"Couches Pampers Harmonie Taille 1 - x23","p":6.83,"img":"https://fd13-photos.leclercdrive.fr/image.ashx?id=2944446&use=l&cat=p&typeid=i","cat":284737},{"id":274343,"n":"Café dosettes Tassimo Milka x10","p":5.25,"u":"32,81 €/KG","img":"https://fd13-photos.leclercdrive.fr/image.ashx?id=2944461&use=l&cat=p&typeid=i","cat":293240},{"id":274346,"n":"Sucre de canne Saint Louis Morceaux secables 1kg","p":2.58,"u":"2,58 €/KG","img":"https://fd13-photos.leclercdrive.fr/image.ashx?id=2943966&use=l&cat=p&typeid=i","cat":284502},{"id":274347,"n":"Sauté de veau William Saurin Legumes - 280g","p":3.22,"u":"11,50 €/KG","img":"https://fd13-photos.leclercdrive.fr/image.ashx?id=2943984&use=l&cat=p&typeid=i","cat":284953},{"id":274348,"n":"Recettes terrine Lily's Kitchen 6x150g","p":8.99,"u":"9,99 €/KG","img":"https://fd13-photos.leclercdrive.fr/image.ashx?id=2944350&use=l&cat=p&typeid=i","cat":284673},{"id":274374,"n":"Yaourt brassé Yaos morceaux  Framboise mûre myrtille 4x125g","p":2.88,"u":"5,76 €/KG","img":"https://fd13-photos.leclercdrive.fr/image.ashx?id=2944642&use=l&cat=p&typeid=i","cat":284410},{"id":274384,"n":"Pâtée pour chien Lily's Kitchen Poulet et légumes - 400g","p":3.5,"u":"8,75 €/KG","img":"https://fd13-photos.leclercdrive.fr/image.ashx?id=2944927&use=l&cat=p&typeid=i","cat":288578},{"id":274385,"n":"Friandises Lily's Kitchen au boeuf - 70g","p":4.07,"u":"58,14 €/KG","img":"https://fd13-photos.leclercdrive.fr/image.ashx?id=2944930&use=l&cat=p&typeid=i","cat":294527},{"id":274386,"n":"Friandises Lily's Kitchen au poulet - 70g","p":3.13,"u":"44,71 €/KG","img":"https://fd13-photos.leclercdrive.fr/image.ashx?id=2944933&use=l&cat=p&typeid=i","cat":294527},{"id":274395,"n":"Friandises Lily's Kitchen Poulet et Saumon - 70g","p":3.13,"u":"44,71 €/KG","img":"https://fd13-photos.leclercdrive.fr/image.ashx?id=2944936&use=l&cat=p&typeid=i","cat":294527},{"id":274403,"n":"Friandises Lily's Kitchen  au Canard - 70g","p":4.07,"u":"58,14 €/KG","img":"https://fd13-photos.leclercdrive.fr/image.ashx?id=2944939&use=l&cat=p&typeid=i","cat":294527},{"id":274410,"n":"Terrine Lily's Kitchen  Boeuf et légumes - 150g","p":1.66,"u":"11,07 €/KG","img":"https://fd13-photos.leclercdrive.fr/image.ashx?id=2944945&use=l&cat=p&typeid=i","cat":284673},{"id":274414,"n":"Terrine Lily's Kitchen Poulet, Dinde et légumes - 150g","p":1.66,"u":"11,07 €/KG","img":"https://fd13-photos.leclercdrive.fr/image.ashx?id=2944948&use=l&cat=p&typeid=i","cat":284673},{"id":274415,"n":"Terrine Lily's Kitchen Agneau, Légumes, Myrtille- 150g","p":1.66,"u":"1,11 €/L","img":"https://fd13-photos.leclercdrive.fr/image.ashx?id=2944951&use=l&cat=p&typeid=i","cat":284673},{"id":274421,"n":"Compotes Pom'Potes Pomme  Poire Banane - x4 - 360g","p":2.23,"u":"6,19 €/KG","img":"https://fd13-photos.leclercdrive.fr/image.ashx?id=2949826&use=l&cat=p&typeid=i","cat":284508},{"id":274422,"n":"Compotes Pom'Potes Pomme  Fraise Cerise - x4 - 360g","p":2.23,"u":"6,19 €/KG","img":"https://fd13-photos.leclercdrive.fr/image.ashx?id=3010921&use=l&cat=p&typeid=i","cat":284508},{"id":274427,"n":"Compotes Pom'Potes Pomme Pêche  Pamplemousse - x4 - 360g","p":2.25,"u":"6,25 €/KG","img":"https://fd13-photos.leclercdrive.fr/image.ashx?id=3010918&use=l&cat=p&typeid=i","cat":284508},{"id":274428,"n":"Compotes Pom'Potes Pomme Ananas Orange/Citron - x12 - 1.08kg","p":5.53,"u":"5,12 €/KG","img":"https://fd13-photos.leclercdrive.fr/image.ashx?id=3010963&use=l&cat=p&typeid=i","cat":284508},{"id":274430,"n":"Compotes Pom'Potes Les P'tits Explorateurs - x20 - 1.8kg","p":7.21,"u":"4,01 €/KG","img":"https://fd13-photos.leclercdrive.fr/image.ashx?id=2943825&use=l&cat=p&typeid=i","cat":284508},{"id":274506,"n":"Yaourt à la Grecque Danone Nature  - 4x110g","p":1.86,"u":"4,23 €/KG","img":"https://fd13-photos.leclercdrive.fr/image.ashx?id=2992732&use=l&cat=p&typeid=i","cat":314999},{"id":274509,"n":"Yaourt à la Grecque Danone Fraise - 4x110g","p":2.42,"u":"5,50 €/KG","img":"https://fd13-photos.leclercdrive.fr/image.ashx?id=2992729&use=l&cat=p&typeid=i","cat":314999},{"id":274538,"n":"Recharge diffuseur électrique Airwick - Vanille - 19ml","p":4.12,"u":"216,84 €/L","img":"https://fd13-photos.leclercdrive.fr/image.ashx?id=2945634&use=l&cat=p&typeid=i","cat":311629},{"id":274541,"n":"Yaourt à la Grecque Danone Stracciatella - 4x110g","p":2.41,"u":"5,48 €/KG","img":"https://fd13-photos.leclercdrive.fr/image.ashx?id=2992735&use=l&cat=p&typeid=i","cat":314999},{"id":274544,"n":"Recharge diffuseur électrique Airwick - Coton - 19ml","p":4.1,"u":"215,79 €/L","img":"https://fd13-photos.leclercdrive.fr/image.ashx?id=2945640&use=l&cat=p&typeid=i","cat":311629},{"id":274554,"n":"Yaourt à la Grecque Danone Citron - 4x110g","p":2.42,"u":"5,50 €/KG","img":"https://fd13-photos.leclercdrive.fr/image.ashx?id=2992744&use=l&cat=p&typeid=i","cat":314999},{"id":274555,"n":"Yaourt à la Grecque Danone Caramel - 4x110g","p":2.5,"u":"5,68 €/KG","img":"https://fd13-photos.leclercdrive.fr/image.ashx?id=2992741&use=l&cat=p&typeid=i","cat":314999},{"id":274559,"n":"Yaourt à la Grecque Danone Coco - 4x110g","p":2.48,"u":"5,64 €/KG","img":"https://fd13-photos.leclercdrive.fr/image.ashx?id=3010990&use=l&cat=p&typeid=i","cat":314999},{"id":274571,"n":"Skyr protéiné Danone nature 0% MG - 825g","p":4.62,"u":"5,60 €/KG","img":"https://fd13-photos.leclercdrive.fr/image.ashx?id=2951028&use=l&cat=p&typeid=i","cat":315000},{"id":274593,"n":"Danone Skyr nature  x4 - 400g","p":2.08,"u":"5,20 €/KG","img":"https://fd13-photos.leclercdrive.fr/image.ashx?id=2960654&use=l&cat=p&typeid=i","cat":315000},{"id":274596,"n":"Danone Skyr nature  x8 - 800g","p":3.19,"u":"3,99 €/KG","img":"https://fd13-photos.leclercdrive.fr/image.ashx?id=2960657&use=l&cat=p&typeid=i","cat":315000},{"id":274977,"n":"Lingettes Carolin Multi-usages  x80","p":2.61,"u":"0,03 €/P","img":"https://fd13-photos.leclercdrive.fr/image.ashx?id=2946562&use=l&cat=p&typeid=i","cat":325358},{"id":275019,"n":"Pain Pinsa La Boulangère 230g","p":2.95,"u":"12,83 €/KG","img":"https://fd13-photos.leclercdrive.fr/image.ashx?id=2946607&use=l&cat=p&typeid=i","cat":284359},{"id":275024,"n":"Lingettes serpillières Carolin  Tous types de sols - x15","p":2.83,"u":"0,19 €/P","img":"https://fd13-photos.leclercdrive.fr/image.ashx?id=2946970&use=l&cat=p&typeid=i","cat":284907},{"id":275025,"n":"Lingettes serpillières Carolin  pour parquets - x15","p":4.5,"u":"0,30 €/P","img":"https://fd13-photos.leclercdrive.fr/image.ashx?id=2946973&use=l&cat=p&typeid=i","cat":284907},{"id":275214,"n":"Curry  pois chiches Cassegrain A l'indienne - 430g","p":2.82,"u":"6,56 €/KG","img":"https://fd13-photos.leclercdrive.fr/image.ashx?id=2952490&use=l&cat=p&typeid=i","cat":287599},{"id":275218,"n":"Chili de haricots Cassegrain A la mexicaine - 430g","p":2.6,"u":"6,05 €/KG","img":"https://fd13-photos.leclercdrive.fr/image.ashx?id=2962125&use=l&cat=p&typeid=i","cat":287599},{"id":275220,"n":"Dahl de lentilles Cassegrain A l'indienne - 435g","p":2.82,"u":"6,48 €/KG","img":"https://fd13-photos.leclercdrive.fr/image.ashx?id=2946904&use=l&cat=p&typeid=i","cat":287599},{"id":275222,"n":"Trio de poivrons Cassegrain Sarrasin - 375g","p":4.26,"u":"11,36 €/KG","img":"https://fd13-photos.leclercdrive.fr/image.ashx?id=2953459&use=l&cat=p&typeid=i","cat":287599},{"id":275224,"n":"Barre de céréales Lion 8x25g","p":2.94,"u":"14,70 €/KG","img":"https://fd13-photos.leclercdrive.fr/image.ashx?id=2947195&use=l&cat=p&typeid=i","cat":285869},{"id":275225,"n":"Barre de céréales Chocapic 8x25g","p":2.66,"u":"13,30 €/KG","img":"https://fd13-photos.leclercdrive.fr/image.ashx?id=2947198&use=l&cat=p&typeid=i","cat":285869},{"id":275236,"n":"Lingettes Carolin  Anti-bactériennes  - x80","p":2.81,"u":"0,04 €/P","img":"https://fd13-photos.leclercdrive.fr/image.ashx?id=2946964&use=l&cat=p&typeid=i","cat":325358},{"id":275238,"n":"Lingettes Carolin  Anti-bactériennes - x80","p":2.81,"u":"0,04 €/P","img":"https://fd13-photos.leclercdrive.fr/image.ashx?id=2946967&use=l&cat=p&typeid=i","cat":325358},{"id":275240,"n":"Lingettes Carolin Citron Ultra dégraissant - x80","p":2.61,"u":"0,03 €/P","img":"https://fd13-photos.leclercdrive.fr/image.ashx?id=2946976&use=l&cat=p&typeid=i","cat":325358},{"id":275244,"n":"Dentifrice Sensodyne  Sensibilité et gencives -75ml","p":4.26,"u":"56,80 €/L","img":"https://fd13-photos.leclercdrive.fr/image.ashx?id=2947180&use=l&cat=p&typeid=i","cat":284612},{"id":275245,"n":"Dentifrice Sensodyne Blancheur - 75ml","p":4.35,"u":"58,00 €/L","img":"https://fd13-photos.leclercdrive.fr/image.ashx?id=2947183&use=l&cat=p&typeid=i","cat":284612},{"id":275260,"n":"Déodorant spray Sanex Aloe vera Bio Sensitive - 200ml","p":3.78,"u":"18,90 €/L","img":"https://fd13-photos.leclercdrive.fr/image.ashx?id=2948537&use=l&cat=p&typeid=i","cat":284595},{"id":275352,"n":"Déodorant bille bio Sanex Bambou Fresh - 50ml","p":3.46,"u":"69,20 €/L","img":"https://fd13-photos.leclercdrive.fr/image.ashx?id=2949088&use=l&cat=p&typeid=i","cat":284595},{"id":275353,"n":"Déodorant bille Sanex Minéral efficacité - 50ml","p":3.78,"u":"75,60 €/L","img":"https://fd13-photos.leclercdrive.fr/image.ashx?id=2949091&use=l&cat=p&typeid=i","cat":284595},{"id":275381,"n":"Gel douche Dop Lait végétal Pyrénées - 480ml","p":2.39,"u":"4,98 €/L","img":"https://fd13-photos.leclercdrive.fr/image.ashx?id=2955348&use=l&cat=p&typeid=i","cat":284594},{"id":275382,"n":"Gel douche Dop Amande - 480ml","p":2.39,"u":"4,98 €/L","img":"https://fd13-photos.leclercdrive.fr/image.ashx?id=2955351&use=l&cat=p&typeid=i","cat":284594},{"id":275398,"n":"Saucisse Knacki Herta Sel réduit - x6 - 210g","p":2.56,"u":"12,19 €/KG","img":"https://fd13-photos.leclercdrive.fr/image.ashx?id=2948824&use=l&cat=p&typeid=i","cat":316012},{"id":275401,"n":"Knacki Gourmande Herta  100% pur porc x4 - 280g","p":2.56,"u":"9,14 €/KG","img":"https://fd13-photos.leclercdrive.fr/image.ashx?id=2948827&use=l&cat=p&typeid=i","cat":316012},{"id":275404,"n":"Shampooing Dop Hair Argan - 480ml","p":2.19,"u":"4,56 €/L","img":"https://fd13-photos.leclercdrive.fr/image.ashx?id=2955372&use=l&cat=p&typeid=i","cat":284606},{"id":275405,"n":"Shampooing Dop Hair Amande - 480ml","p":2.54,"u":"5,29 €/L","img":"https://fd13-photos.leclercdrive.fr/image.ashx?id=2955369&use=l&cat=p&typeid=i","cat":284606},{"id":275407,"n":"Shampooing Dop Hair Karité - 480ml","p":2.39,"u":"4,98 €/L","img":"https://fd13-photos.leclercdrive.fr/image.ashx?id=2955378&use=l&cat=p&typeid=i","cat":284606},{"id":275408,"n":"Shampooing P'tit Dop Amande - 480ml","p":4.36,"u":"9,08 €/MT","img":"https://fd13-photos.leclercdrive.fr/image.ashx?id=2955381&use=l&cat=p&typeid=i","cat":284606},{"id":275409,"n":"Shampooing Dop Hair Antipelliculaire - 480ml","p":2.39,"u":"4,98 €/L","img":"https://fd13-photos.leclercdrive.fr/image.ashx?id=2955375&use=l&cat=p&typeid=i","cat":284606},{"id":275410,"n":"Shampooing Dop Vitamines - 480ml","p":2.66,"u":"5,54 €/L","img":"https://fd13-photos.leclercdrive.fr/image.ashx?id=2955384&use=l&cat=p&typeid=i","cat":284606},{"id":275412,"n":"Shampooing Dop Hair Oeufs - 480ml","p":2.54,"u":"5,29 €/L","img":"https://fd13-photos.leclercdrive.fr/image.ashx?id=2954773&use=l&cat=p&typeid=i","cat":284606},{"id":275413,"n":"Gel douche Dop Framboise - 480ml","p":2.85,"u":"5,94 €/L","img":"https://fd13-photos.leclercdrive.fr/image.ashx?id=2955354&use=l&cat=p&typeid=i","cat":284594},{"id":275415,"n":"Gel douche enfance Dop Barbe à papa - 310ml","p":1.91,"u":"6,16 €/L","img":"https://fd13-photos.leclercdrive.fr/image.ashx?id=2955357&use=l&cat=p&typeid=i","cat":284594},{"id":275418,"n":"Gel douche enfance Dop Bonbons - 310ml","p":1.91,"u":"6,16 €/L","img":"https://fd13-photos.leclercdrive.fr/image.ashx?id=2955360&use=l&cat=p&typeid=i","cat":284594},{"id":275506,"n":"Lait Le Petit Marseillais Nutrition Amande Argan 250ml","p":4.14,"u":"16,56 €/L","img":"https://fd13-photos.leclercdrive.fr/image.ashx?id=2950330&use=l&cat=p&typeid=i","cat":325349},{"id":275507,"n":"Lait Le Petit Marseillais Nutrition Argan 400ml","p":5.08,"u":"12,70 €/L","img":"https://fd13-photos.leclercdrive.fr/image.ashx?id=2950333&use=l&cat=p&typeid=i","cat":325349},{"id":275508,"n":"Shampooing Le Petit Marseillais Blonde ensolleilé 300ml","p":2.55,"u":"8,50 €/L","img":"https://fd13-photos.leclercdrive.fr/image.ashx?id=2950336&use=l&cat=p&typeid=i","cat":284606},{"id":275509,"n":"Shampooing Dessange Couleur - 280ml","p":4.24,"u":"15,14 €/L","img":"https://fd13-photos.leclercdrive.fr/image.ashx?id=2955405&use=l&cat=p&typeid=i","cat":284606},{"id":275511,"n":"Gel douche enfance Dop Pomme d'amour - 310ml","p":2.22,"u":"7,16 €/L","img":"https://fd13-photos.leclercdrive.fr/image.ashx?id=2955366&use=l&cat=p&typeid=i","cat":284594},{"id":275523,"n":"Shampooing Head & Shoulders Hydrate - 250ml","p":5.28,"u":"21,12 €/L","img":"https://fd13-photos.leclercdrive.fr/image.ashx?id=2950873&use=l&cat=p&typeid=i","cat":284606},{"id":275528,"n":"Sérum Dessange Extrême 3 huiles - 110ml","p":9.49,"u":"86,27 €/L","img":"https://fd13-photos.leclercdrive.fr/image.ashx?id=2954624&use=l&cat=p&typeid=i","cat":284608},{"id":275529,"n":"Soin cheveux Dessange Nutri-richesse - 110ml","p":6.68,"u":"60,73 €/L","img":"https://fd13-photos.leclercdrive.fr/image.ashx?id=2955390&use=l&cat=p&typeid=i","cat":284608},{"id":275531,"n":"Masque Dessange Nutri-Extrême - 280ml","p":6.8,"u":"24,29 €/L","img":"https://fd13-photos.leclercdrive.fr/image.ashx?id=2955393&use=l&cat=p&typeid=i","cat":284608},{"id":275615,"n":"Gel douche Ushuaïa Minéraux marins - 280ml","p":2.29,"u":"8,18 €/L","img":"https://fd13-photos.leclercdrive.fr/image.ashx?id=3008791&use=l&cat=p&typeid=i","cat":284594},{"id":275616,"n":"Gel douche délassante Ushuaïa Huile essentielle d'Ylang 280ml","p":2.29,"u":"8,18 €/L","img":"https://fd13-photos.leclercdrive.fr/image.ashx?id=2949544&use=l&cat=p&typeid=i","cat":284594},{"id":275617,"n":"Gel douche Ushuaïa Orchidée - 280ml","p":2.08,"u":"7,43 €/L","img":"https://fd13-photos.leclercdrive.fr/image.ashx?id=2949541&use=l&cat=p&typeid=i","cat":284594},{"id":275618,"n":"Gel douche hydratant Ushuaïa Grenade - 280ml","p":2.29,"u":"8,18 €/L","img":"https://fd13-photos.leclercdrive.fr/image.ashx?id=2949550&use=l&cat=p&typeid=i","cat":284594},{"id":275619,"n":"Crème de douche Ushuaïa Lait de coco - 280ml","p":2.04,"u":"7,29 €/L","img":"https://fd13-photos.leclercdrive.fr/image.ashx?id=2949553&use=l&cat=p&typeid=i","cat":284594},{"id":275620,"n":"Gel douche tonifiant Ushuaïa Extrait de cèdre - 280ml","p":2.29,"u":"8,18 €/L","img":"https://fd13-photos.leclercdrive.fr/image.ashx?id=2949556&use=l&cat=p&typeid=i","cat":284594},{"id":275657,"n":"Bain de bouche Elmex Soin protecteur douceur 400ml","p":6.21,"u":"15,53 €/L","img":"https://fd13-photos.leclercdrive.fr/image.ashx?id=2950897&use=l&cat=p&typeid=i","cat":284613},{"id":275659,"n":"Soin visage Garnier BHA+ Niacinamide SPF50+ - 40ml","p":9.08,"u":"227,00 €/L","img":"https://fd13-photos.leclercdrive.fr/image.ashx?id=3000797&use=l&cat=p&typeid=i","cat":325345},{"id":275661,"n":"Soin visage Garnier Aloe vera Hyaluronique 250ml","p":5.17,"u":"20,68 €/L","img":"https://fd13-photos.leclercdrive.fr/image.ashx?id=2954244&use=l&cat=p&typeid=i","cat":325345},{"id":275662,"n":"Soin hydratant Garnier Hyaluron Liquide quotidien - 120ml","p":10.99,"u":"91,58 €/L","img":"https://fd13-photos.leclercdrive.fr/image.ashx?id=2986654&use=l&cat=p&typeid=i","cat":325345},{"id":275663,"n":"Lotion exfoliante Garnier Salicylique - 120ml","p":8.48,"u":"70,67 €/L","img":"https://fd13-photos.leclercdrive.fr/image.ashx?id=2954253&use=l&cat=p&typeid=i","cat":325346},{"id":275665,"n":"Fluide Garnier hyaluronique Anti-uv quotidien SPF50+ 40ml","p":12.59,"u":"314,75 €/L","img":"https://fd13-photos.leclercdrive.fr/image.ashx?id=2954256&use=l&cat=p&typeid=i","cat":325345},{"id":275669,"n":"Dentifrice Sanogyl Soin global - 75ml","p":3.03,"u":"40,40 €/L","img":"https://fd13-photos.leclercdrive.fr/image.ashx?id=2950201&use=l&cat=p&typeid=i","cat":284612},{"id":275671,"n":"Dentifrice Sanogyl Soin gencives - 75ml","p":2.66,"u":"35,47 €/L","img":"https://fd13-photos.leclercdrive.fr/image.ashx?id=2950195&use=l&cat=p&typeid=i","cat":284612},{"id":275673,"n":"Dentifrice Sanogyl Soin blancheur - 75ml","p":2.66,"u":"35,47 €/L","img":"https://fd13-photos.leclercdrive.fr/image.ashx?id=2950198&use=l&cat=p&typeid=i","cat":284612},{"id":275675,"n":"Spray désinfectant Clair Multi-surfaces - 500ml","p":1.53,"u":"3,06 €/L","img":"https://fd13-photos.leclercdrive.fr/image.ashx?id=2949251&use=l&cat=p&typeid=i","cat":325357},{"id":275677,"n":"Crème après-piqûres Primoplast Apaisante - 40ml","p":3.11,"u":"77,75 €/L","img":"https://fd13-photos.leclercdrive.fr/image.ashx?id=2958356&use=l&cat=p&typeid=i","cat":284630},{"id":275681,"n":"Après-shampooing Dessange Nutri- extrême - 225ml","p":3.85,"u":"17,11 €/L","img":"https://fd13-photos.leclercdrive.fr/image.ashx?id=2954627&use=l&cat=p&typeid=i","cat":284607},{"id":275682,"n":"Eau micellaire Garnier SkinActive - 400ml","p":5.39,"u":"13,48 €/L","img":"https://fd13-photos.leclercdrive.fr/image.ashx?id=2954262&use=l&cat=p&typeid=i","cat":284603},{"id":275686,"n":"Shampooing Dessange Nutri-extrême - 280ml","p":3.39,"u":"12,11 €/L","img":"https://fd13-photos.leclercdrive.fr/image.ashx?id=2955411&use=l&cat=p&typeid=i","cat":284606},{"id":275690,"n":"Dentifrice Sensodyne Eclat blancheur - 75ml","p":6.67,"u":"88,93 €/L","img":"https://fd13-photos.leclercdrive.fr/image.ashx?id=2997781&use=l&cat=p&typeid=i","cat":284612},{"id":275692,"n":"Dentifrice Sensodyne Nettoyage intense - 75ml","p":7.41,"u":"98,80 €/L","img":"https://fd13-photos.leclercdrive.fr/image.ashx?id=2998047&use=l&cat=p&typeid=i","cat":284612},{"id":275695,"n":"Dentifrice Sensodyne Rapide Action extra-fresh - 75ml","p":4.71,"u":"62,80 €/L","img":"https://fd13-photos.leclercdrive.fr/image.ashx?id=2950717&use=l&cat=p&typeid=i","cat":284612},{"id":275706,"n":"Dentifrice Sensodyne Multi-protection Blancheur 75ml","p":4.34,"u":"57,87 €/L","img":"https://fd13-photos.leclercdrive.fr/image.ashx?id=2950723&use=l&cat=p&typeid=i","cat":284612},{"id":275708,"n":"Dentifrice Sensodyne Sensibilité Gencives Email 75ml","p":4.54,"u":"60,53 €/L","img":"https://fd13-photos.leclercdrive.fr/image.ashx?id=2950720&use=l&cat=p&typeid=i","cat":284612},{"id":276058,"n":"Jambon cru Serrano Aoste  4 tranches - 67g","p":1.82,"u":"27,16 €/KG","img":"https://fd13-photos.leclercdrive.fr/image.ashx?id=2939844&use=l&cat=p&typeid=i","cat":326550},{"id":276113,"n":"Mini bâtonnets Trium Vanille x6 - 234g","p":2.35,"u":"10,04 €/KG","img":"https://fd13-photos.leclercdrive.fr/image.ashx?id=2951137&use=l&cat=p&typeid=i","cat":284265},{"id":276126,"n":"Whisky Jack Daniel's Bonded 70cL","p":33.9,"pp":29.9,"u":"42,71 €/L","img":"https://fd13-photos.leclercdrive.fr/image.ashx?id=2952001&use=l&cat=p&typeid=i","cat":284547},{"id":276184,"n":"Ferrero Collection Arbre mixte  129g","p":7.57,"u":"58,68 €/KG","img":"https://fd13-photos.leclercdrive.fr/image.ashx?id=2952052&use=l&cat=p&typeid=i","cat":327595},{"id":276187,"n":"Ferrero Collection Assortiment Merveilles d'hiver - 203g","p":10.87,"u":"53,55 €/KG","img":"https://fd13-photos.leclercdrive.fr/image.ashx?id=2952061&use=l&cat=p&typeid=i","cat":327595},{"id":276188,"n":"Ferrero Collection Assortiment Promenade en ville - 197g","p":9.99,"u":"50,71 €/KG","img":"https://fd13-photos.leclercdrive.fr/image.ashx?id=2952058&use=l&cat=p&typeid=i","cat":327595},{"id":276189,"n":"Chocolats Ferrero Prestige  256g","p":9.49,"u":"37,07 €/KG","img":"https://fd13-photos.leclercdrive.fr/image.ashx?id=2952112&use=l&cat=p&typeid=i","cat":327595},{"id":276205,"n":"Kinder mini eggs  Noisettes - 182g","p":4.59,"u":"25,22 €/KG","img":"https://fd13-photos.leclercdrive.fr/image.ashx?id=2952085&use=l&cat=p&typeid=i","cat":327592},{"id":276206,"n":"Kinder mini eggs  Lait - 182g","p":4.29,"u":"23,57 €/KG","img":"https://fd13-photos.leclercdrive.fr/image.ashx?id=2953980&use=l&cat=p&typeid=i","cat":327592},{"id":276207,"n":"Kinder Bueno et mini eggs 193g","p":6.97,"u":"36,11 €/KG","img":"https://fd13-photos.leclercdrive.fr/image.ashx?id=2952109&use=l&cat=p&typeid=i","cat":327592},{"id":276208,"n":"Kinder Balls  Eclats de Noisettes - 164g","p":5.95,"u":"36,28 €/KG","img":"https://fd13-photos.leclercdrive.fr/image.ashx?id=2952088&use=l&cat=p&typeid=i","cat":327592},{"id":276209,"n":"Kinder Balls  Eclats de Bsicuits cacao - 164g","p":6.53,"u":"39,82 €/KG","img":"https://fd13-photos.leclercdrive.fr/image.ashx?id=2952091&use=l&cat=p&typeid=i","cat":327592},{"id":276210,"n":"Kinder Schokobons  200g","p":3.83,"u":"19,15 €/KG","img":"https://fd13-photos.leclercdrive.fr/image.ashx?id=2952911&use=l&cat=p&typeid=i","cat":327592},{"id":276211,"n":"Kinder Schokobons  350g","p":5.75,"u":"16,43 €/KG","img":"https://fd13-photos.leclercdrive.fr/image.ashx?id=2952103&use=l&cat=p&typeid=i","cat":327592},{"id":276212,"n":"Kinder happy moments  Ballotin - 184g","p":5.89,"u":"32,01 €/KG","img":"https://fd13-photos.leclercdrive.fr/image.ashx?id=2952046&use=l&cat=p&typeid=i","cat":327592},{"id":276258,"n":"Jambon Le Bon Paris Herta Sel réduit sans nitrite 8T - 280g","p":4.96,"u":"17,71 €/KG","img":"https://fd13-photos.leclercdrive.fr/image.ashx?id=2951764&use=l&cat=p&typeid=i","cat":316009},{"id":276268,"n":"Fromage grec vache Islos 150g","p":2.35,"u":"15,67 €/KG","img":"https://fd13-photos.leclercdrive.fr/image.ashx?id=2952619&use=l&cat=p&typeid=i","cat":314027},{"id":276269,"n":"Fromage cremeux Coeur de Lion 8 tranches 150g","p":2.53,"u":"16,87 €/KG","img":"https://fd13-photos.leclercdrive.fr/image.ashx?id=2952493&use=l&cat=p&typeid=i","cat":314028},{"id":276483,"n":"Panettone sans gluten Bauli 400g","p":11.91,"u":"29,78 €/KG","img":"https://fd13-photos.leclercdrive.fr/image.ashx?id=2953163&use=l&cat=p&typeid=i","cat":327607},{"id":276486,"n":"Chocolats Ferrero Rocher  Golden star Lait - 115g","p":5.89,"u":"51,22 €/KG","img":"https://fd13-photos.leclercdrive.fr/image.ashx?id=2952956&use=l&cat=p&typeid=i","cat":327600},{"id":276550,"n":"Biscuit sésame GERBLE - 5x4 220g","p":1.52,"u":"6,91 €/KG","img":"https://fd13-photos.leclercdrive.fr/image.ashx?id=2953803&use=l&cat=p&typeid=i","cat":318651},{"id":276561,"n":"Petit pot de crème Délisse Chocolat saveur noisette 4x100g","p":2.09,"u":"5,23 €/KG","img":"https://fd13-photos.leclercdrive.fr/image.ashx?id=2952406&use=l&cat=p&typeid=i","cat":285041},{"id":276567,"n":"Dessert de fruits pomme Douceur du Verger 12x100g","p":2.46,"u":"2,05 €/KG","img":"https://fd13-photos.leclercdrive.fr/image.ashx?id=2970634&use=l&cat=p&typeid=i","cat":284416},{"id":276587,"n":"Coriandre ciselée Rustica 50g","p":1.69,"u":"33,80 €/KG","img":"https://fd13-photos.leclercdrive.fr/image.ashx?id=2952427&use=l&cat=p&typeid=i","cat":319804},{"id":276946,"n":"Badoit bulles de fruits  Pamplemousse - 6x33cl","p":3.5,"u":"1,77 €/L","img":"https://fd13-photos.leclercdrive.fr/image.ashx?id=2954208&use=l&cat=p&typeid=i","cat":284537},{"id":276947,"n":"Badoit bulles de fruits  Fruits rouges - 6x33cl","p":3.5,"u":"1,77 €/L","img":"https://fd13-photos.leclercdrive.fr/image.ashx?id=2954205&use=l&cat=p&typeid=i","cat":284537},{"id":276948,"n":"Badoit bulles de fruits  Citron et citron vert - 6x33cl","p":3.5,"u":"1,77 €/L","img":"https://fd13-photos.leclercdrive.fr/image.ashx?id=2954202&use=l&cat=p&typeid=i","cat":284537},{"id":276985,"n":"Litière chat Tranquille Végécompost chat stérélisé - 6L","p":5.9,"u":"0,98 €/L","img":"https://fd13-photos.leclercdrive.fr/image.ashx?id=2963694&use=l&cat=p&typeid=i","cat":284683},{"id":277153,"n":"Skyr végétal Protéiné Alpro Nature - 400g","p":2.85,"u":"7,13 €/KG","img":"https://fd13-photos.leclercdrive.fr/image.ashx?id=2976092&use=l&cat=p&typeid=i","cat":316071},{"id":277368,"n":"AOP Crozes hermitage Perle de Schistes - Rouge 75cl","p":9.95,"u":"13,27 €/L","img":"https://fd13-photos.leclercdrive.fr/image.ashx?id=2957248&use=l&cat=p&typeid=i","cat":289556},{"id":277469,"n":"Céréales Special K Kellogg's  Fibre - 360g","p":2.96,"u":"8,22 €/KG","img":"https://fd13-photos.leclercdrive.fr/image.ashx?id=2963898&use=l&cat=p&typeid=i","cat":309512},{"id":277473,"n":"Kéfir Yaourt Activia Fraise, framboise - 2x150g","p":2.37,"u":"7,90 €/KG","img":"https://fd13-photos.leclercdrive.fr/image.ashx?id=2972388&use=l&cat=p&typeid=i","cat":315000},{"id":277474,"n":"Kéfir Yaourt Activia nature - 2x150g","p":2.27,"u":"7,57 €/KG","img":"https://fd13-photos.leclercdrive.fr/image.ashx?id=2972385&use=l&cat=p&typeid=i","cat":315000},{"id":277478,"n":"Liégeois Pâtissier Danette  Paris Brest 4x90g","p":2.45,"u":"6,81 €/KG","img":"https://fd13-photos.leclercdrive.fr/image.ashx?id=2965930&use=l&cat=p&typeid=i","cat":285042},{"id":277479,"n":"Liégeois Pâtissier Danette Framboisier 4x90g","p":2.45,"u":"6,81 €/KG","img":"https://fd13-photos.leclercdrive.fr/image.ashx?id=2965924&use=l&cat=p&typeid=i","cat":285042},{"id":277480,"n":"Liégeois Pâtissier Danette Tiramisu 4x90g","p":2.45,"u":"6,81 €/KG","img":"https://fd13-photos.leclercdrive.fr/image.ashx?id=2965927&use=l&cat=p&typeid=i","cat":285042},{"id":277483,"n":"Skyr nature Danone 0% MG - 450g","p":1.88,"u":"4,18 €/KG","img":"https://fd13-photos.leclercdrive.fr/image.ashx?id=2966279&use=l&cat=p&typeid=i","cat":284409},{"id":277484,"n":"Danone Skyr fraise 4x100g","p":2.15,"u":"5,38 €/KG","img":"https://fd13-photos.leclercdrive.fr/image.ashx?id=2965903&use=l&cat=p&typeid=i","cat":315000},{"id":277485,"n":"Danone Skyr fruits jaunes 4x100g","p":2.15,"u":"5,38 €/KG","img":"https://fd13-photos.leclercdrive.fr/image.ashx?id=2965906&use=l&cat=p&typeid=i","cat":315000},{"id":277488,"n":"Skyr mûre myrtille Danone 0% MG - 2x140g","p":2.45,"u":"8,75 €/KG","img":"https://fd13-photos.leclercdrive.fr/image.ashx?id=2966276&use=l&cat=p&typeid=i","cat":315000},{"id":277493,"n":"Yaourt protéiné Hipro nature 480g","p":2.91,"u":"6,06 €/KG","img":"https://fd13-photos.leclercdrive.fr/image.ashx?id=2965945&use=l&cat=p&typeid=i","cat":284409},{"id":277495,"n":"Yaourt protéiné Hipro Vanille 4x120g","p":3.25,"u":"6,77 €/KG","img":"https://fd13-photos.leclercdrive.fr/image.ashx?id=2965948&use=l&cat=p&typeid=i","cat":315000},{"id":277544,"n":"Petit pot de crème Délisse Chocolat saveur noisette 4x100g","p":1.57,"u":"3,93 €/KG","img":"https://fd13-photos.leclercdrive.fr/image.ashx?id=2952406&use=l&cat=p&typeid=i","cat":326550},{"id":277593,"n":"Shampooing bleu Dessange Blond californien - 280ml","p":3.99,"u":"14,25 €/L","img":"https://fd13-photos.leclercdrive.fr/image.ashx?id=2957938&use=l&cat=p&typeid=i","cat":284606},{"id":277595,"n":"Gel douche Ushuaïa Agrumes verts - 280ml","p":2.11,"u":"7,54 €/L","img":"https://fd13-photos.leclercdrive.fr/image.ashx?id=2974399&use=l&cat=p&typeid=i","cat":284594},{"id":277626,"n":"Gel douche Ushuaïa Sakura - 280ml","p":1.73,"u":"6,18 €/L","img":"https://fd13-photos.leclercdrive.fr/image.ashx?id=2974405&use=l&cat=p&typeid=i","cat":284594},{"id":277629,"n":"Shampooing Dop Hair Lait végétal - 480ml","p":2.19,"u":"4,56 €/L","img":"https://fd13-photos.leclercdrive.fr/image.ashx?id=2957929&use=l&cat=p&typeid=i","cat":284606},{"id":277631,"n":"Shampooing régulateur Dessange Douce argile - 280ml","p":3.39,"u":"12,11 €/L","img":"https://fd13-photos.leclercdrive.fr/image.ashx?id=2957935&use=l&cat=p&typeid=i","cat":284606},{"id":277632,"n":"Huile de douche Ushuaïa Monoï & fleur de tiaré - 280ml","p":1.74,"u":"6,21 €/L","img":"https://fd13-photos.leclercdrive.fr/image.ashx?id=2958146&use=l&cat=p&typeid=i","cat":284594},{"id":277634,"n":"Gelée de douche Ushuaïa Bahia café açaï - 280ml","p":1.73,"u":"6,18 €/L","img":"https://fd13-photos.leclercdrive.fr/image.ashx?id=2957917&use=l&cat=p&typeid=i","cat":284594},{"id":277635,"n":"Crème de douche Dop Vanille - 480ml","p":2.39,"u":"4,98 €/L","img":"https://fd13-photos.leclercdrive.fr/image.ashx?id=2957893&use=l&cat=p&typeid=i","cat":284594},{"id":277698,"n":"AOC Gewurztraminer Henri  Ehrhart L'Echappée Blanc - 75cl","p":7.6,"u":"10,13 €/L","img":"https://fd13-photos.leclercdrive.fr/image.ashx?id=2957068&use=l&cat=p&typeid=i","cat":289557},{"id":277704,"n":"AOP Saint-Chinian L'élégance de Schiste - Rouge - 75cl","p":5.95,"u":"7,93 €/L","img":"https://fd13-photos.leclercdrive.fr/image.ashx?id=2957074&use=l&cat=p&typeid=i","cat":289556},{"id":277705,"n":"AOP Bourgogne Chardonnay Signature - Blanc 75cl","p":7.7,"u":"10,27 €/L","img":"https://fd13-photos.leclercdrive.fr/image.ashx?id=2957107&use=l&cat=p&typeid=i","cat":289557},{"id":277709,"n":"AOP Clape Ambrine Blanc - 75cl","p":5.75,"u":"7,67 €/L","img":"https://fd13-photos.leclercdrive.fr/image.ashx?id=2957251&use=l&cat=p&typeid=i","cat":289557},{"id":277834,"n":"Lessive Omo Absolu capsules Fleurs blanches - 371g","p":10.69,"u":"28,81 €/KG","img":"https://fd13-photos.leclercdrive.fr/image.ashx?id=2958212&use=l&cat=p&typeid=i","cat":284641},{"id":278034,"n":"Agrafeuse Esquisse Gris - +400 agrafes n°10","p":1.49,"img":"https://fd13-photos.leclercdrive.fr/image.ashx?id=2958065&use=l&cat=p&typeid=i","cat":334133},{"id":278267,"n":"Red Bull winter 2025 250ml","p":1.29,"u":"5,16 €/L","img":"https://fd13-photos.leclercdrive.fr/image.ashx?id=2960117&use=l&cat=p&typeid=i","cat":284533},{"id":278300,"n":"Nouilles à poêler Maggi Saveur canard - 119g","p":1.85,"u":"15,55 €/KG","img":"https://fd13-photos.leclercdrive.fr/image.ashx?id=2959503&use=l&cat=p&typeid=i","cat":288992},{"id":278307,"n":"Mini cônes Trium Vanille x8 - 344g","p":3.05,"u":"8,87 €/KG","img":"https://fd13-photos.leclercdrive.fr/image.ashx?id=2959001&use=l&cat=p&typeid=i","cat":284264},{"id":278436,"n":"Brocoli 1p","p":1.9,"img":"https://fd13-photos.leclercdrive.fr/image.ashx?id=560861&use=l&cat=p&typeid=i","cat":284352},{"id":278569,"n":"Échalions Panier du Primeur Filière - Filet 500g","p":1.79,"u":"3,58 €/KG","img":"https://fd13-photos.leclercdrive.fr/image.ashx?id=2960330&use=l&cat=p&typeid=i","cat":284352},{"id":278570,"n":"Lessive liquide Le Chat  L'expert Bicarbonate - 1,8L","p":10.39,"u":"5,77 €/L","img":"https://fd13-photos.leclercdrive.fr/image.ashx?id=2962290&use=l&cat=p&typeid=i","cat":284640},{"id":278571,"n":"Lessive liquide Le Chat  Sensitive x38 - 1,71L","p":10.0,"u":"5,85 €/L","img":"https://fd13-photos.leclercdrive.fr/image.ashx?id=2962293&use=l&cat=p&typeid=i","cat":284640},{"id":278575,"n":"Gel douche Ushuaïa Ylang - Relaxe - 490ml","p":4.25,"u":"8,67 €/L","img":"https://fd13-photos.leclercdrive.fr/image.ashx?id=3011560&use=l&cat=p&typeid=i","cat":284594},{"id":278578,"n":"Gel douche Ushuaïa Minéraux marins - 490ml","p":4.25,"u":"8,67 €/L","img":"https://fd13-photos.leclercdrive.fr/image.ashx?id=3011563&use=l&cat=p&typeid=i","cat":284594},{"id":278579,"n":"Gel douche Ushuaïa Eucalyptus - 280ml","p":2.22,"u":"7,93 €/L","img":"https://fd13-photos.leclercdrive.fr/image.ashx?id=2974408&use=l&cat=p&typeid=i","cat":284594},{"id":278582,"n":"Gel douche Ushuaïa Roche volcanique - 280ml","p":2.17,"u":"7,75 €/L","img":"https://fd13-photos.leclercdrive.fr/image.ashx?id=2974411&use=l&cat=p&typeid=i","cat":284594},{"id":278584,"n":"Gel douche Ecopack Ushuaïa Ylang - Relaxe - 500ml","p":3.2,"u":"6,40 €/L","img":"https://fd13-photos.leclercdrive.fr/image.ashx?id=3011575&use=l&cat=p&typeid=i","cat":284594},{"id":278725,"n":"Saucisses knacki Herta Sel réduit x4 - 140g","p":1.76,"u":"12,57 €/KG","img":"https://fd13-photos.leclercdrive.fr/image.ashx?id=2965016&use=l&cat=p&typeid=i","cat":316012},{"id":278728,"n":"Saucisses charcutières Herta La Provençale x4 - 280g","p":3.14,"u":"11,21 €/KG","img":"https://fd13-photos.leclercdrive.fr/image.ashx?id=2965007&use=l&cat=p&typeid=i","cat":316012},{"id":278729,"n":"Croque-Monsieur Herta Maxi Mozzarella x2 - 310g","p":2.59,"u":"8,35 €/KG","img":"https://fd13-photos.leclercdrive.fr/image.ashx?id=2965013&use=l&cat=p&typeid=i","cat":333671},{"id":278981,"n":"Fromage Fol Epi  Riche en protéines 6tr - 130g","p":2.35,"u":"0,18 €/MT","img":"https://fd13-photos.leclercdrive.fr/image.ashx?id=2975152&use=l&cat=p&typeid=i","cat":314028},{"id":279003,"n":"Apéri'chaud Richesmonts 140g","p":2.07,"u":"14,79 €/KG","img":"https://fd13-photos.leclercdrive.fr/image.ashx?id=2990484&use=l&cat=p&typeid=i","cat":314027},{"id":279005,"n":"Bûche pur brebis Le Brebiou 130g","p":2.49,"u":"19,15 €/KG","img":"https://fd13-photos.leclercdrive.fr/image.ashx?id=2967043&use=l&cat=p&typeid=i","cat":314031},{"id":279009,"n":"Fromage à tartiner Tartare  Ail & fines herbes 90g","p":1.43,"u":"15,89 €/KG","img":"https://fd13-photos.leclercdrive.fr/image.ashx?id=2967130&use=l&cat=p&typeid=i","cat":314029},{"id":279027,"n":"Cheddar râpé British Heritage Extra mature 12 mois - 150g","p":3.18,"u":"21,20 €/KG","img":"https://fd13-photos.leclercdrive.fr/image.ashx?id=2968418&use=l&cat=p&typeid=i","cat":314035},{"id":279028,"n":"Sauce fromagère Saint-Agur 150g","p":2.66,"u":"17,73 €/KG","img":"https://fd13-photos.leclercdrive.fr/image.ashx?id=2968556&use=l&cat=p&typeid=i","cat":284382},{"id":279032,"n":"Gel douche Ushuaia Gingembre - 280ml","p":2.08,"u":"7,43 €/L","img":"https://fd13-photos.leclercdrive.fr/image.ashx?id=2968337&use=l&cat=p&typeid=i","cat":284594},{"id":279035,"n":"Savon de Marseille Le Chat 1,7L","p":9.72,"u":"5,72 €/L","img":"https://fd13-photos.leclercdrive.fr/image.ashx?id=2966569&use=l&cat=p&typeid=i","cat":284640},{"id":279039,"n":"Crème douche Le Petit Marseillais Huile d'argan 400ml","p":3.01,"u":"7,53 €/L","img":"https://fd13-photos.leclercdrive.fr/image.ashx?id=2966578&use=l&cat=p&typeid=i","cat":284594},{"id":279046,"n":"Lait coprs Le Petit Marseillais L'Original - 250ml","p":3.92,"u":"15,68 €/L","img":"https://fd13-photos.leclercdrive.fr/image.ashx?id=2966581&use=l&cat=p&typeid=i","cat":325349},{"id":279205,"n":"Barres glacées Trium Cacahuètes - 264g","p":2.89,"u":"10,95 €/KG","img":"https://fd13-photos.leclercdrive.fr/image.ashx?id=2966541&use=l&cat=p&typeid=i","cat":284264},{"id":279206,"n":"Barres glacées Trium Caramel - 252g","p":2.49,"u":"9,88 €/KG","img":"https://fd13-photos.leclercdrive.fr/image.ashx?id=2966538&use=l&cat=p&typeid=i","cat":284264},{"id":279238,"n":"Cubes McCain Airfryer 600g","p":2.65,"u":"4,42 €/KG","img":"https://fd13-photos.leclercdrive.fr/image.ashx?id=2988734&use=l&cat=p&typeid=i","cat":319792},{"id":279402,"n":"Lessive souffle fraîcheur Le Chat  40 lavages - 1,8L","p":11.08,"u":"6,16 €/L","img":"https://fd13-photos.leclercdrive.fr/image.ashx?id=2967594&use=l&cat=p&typeid=i","cat":284640},{"id":279680,"n":"Spaghetti carbonara Panzani 800g","p":3.94,"u":"4,93 €/KG","img":"https://fd13-photos.leclercdrive.fr/image.ashx?id=2970957&use=l&cat=p&typeid=i","cat":284442},{"id":279682,"n":"Macaroni tomate Panzani 800g","p":3.94,"u":"4,93 €/KG","img":"https://fd13-photos.leclercdrive.fr/image.ashx?id=2970960&use=l&cat=p&typeid=i","cat":284442},{"id":280032,"n":"Gel lavant mains antibactérien Huile essentielle - 500ml","p":3.29,"u":"6,58 €/L","img":"https://fd13-photos.leclercdrive.fr/image.ashx?id=2971143&use=l&cat=p&typeid=i","cat":284597},{"id":280089,"n":"Crème dessert Danette Saveur Snickers - 4x90g","p":2.49,"u":"6,92 €/KG","img":"https://fd13-photos.leclercdrive.fr/image.ashx?id=2971918&use=l&cat=p&typeid=i","cat":285041},{"id":280091,"n":"Crème dessert Danette Saveur Mars - 4x90g","p":1.42,"u":"3,94 €/KG","img":"https://fd13-photos.leclercdrive.fr/image.ashx?id=2971921&use=l&cat=p&typeid=i","cat":285041},{"id":280092,"n":"Crème dessert Danette Saveur Twix - 4x90g","p":1.42,"u":"3,94 €/KG","img":"https://fd13-photos.leclercdrive.fr/image.ashx?id=2971924&use=l&cat=p&typeid=i","cat":285041},{"id":280155,"n":"Lessive liquide Skip Peaux sensibles 2x37 - 3.108L","p":19.15,"u":"6,16 €/L","img":"https://fd13-photos.leclercdrive.fr/image.ashx?id=2972086&use=l&cat=p&typeid=i","cat":284640},{"id":280162,"n":"Lessive liquide Skip Touche de  Cajoline 2x37 - 3.108L","p":19.15,"u":"6,16 €/L","img":"https://fd13-photos.leclercdrive.fr/image.ashx?id=2972095&use=l&cat=p&typeid=i","cat":284640},{"id":280270,"n":"Dessert lacté Vanille Blédina dès 6 mois Mini Lactés - 6x55g","p":1.92,"u":"34,91 €/KG","img":"https://fd13-photos.leclercdrive.fr/image.ashx?id=2972862&use=l&cat=p&typeid=i","cat":312392},{"id":280276,"n":"Dessert lacté Fruits Blédina dès 6 mois Mini Lactés - 12x55g","p":3.8,"u":"5,76 €/KG","img":"https://fd13-photos.leclercdrive.fr/image.ashx?id=2972865&use=l&cat=p&typeid=i","cat":312392},{"id":280378,"n":"Saumon fumé Ronde des Mers Ecosse x6T - 200g","p":6.15,"u":"30,75 €/KG","img":"https://fd13-photos.leclercdrive.fr/image.ashx?id=2450059&use=l&cat=p&typeid=i","cat":326550},{"id":280418,"n":"Dessert lacté Nature Blédina dès 6 mois - 4x95g","p":1.64,"u":"4,32 €/KG","img":"https://fd13-photos.leclercdrive.fr/image.ashx?id=2972868&use=l&cat=p&typeid=i","cat":312392},{"id":280419,"n":"Dessert lacté Fraise Blédina dès 6 mois - 4x95g","p":1.77,"u":"4,66 €/KG","img":"https://fd13-photos.leclercdrive.fr/image.ashx?id=2972871&use=l&cat=p&typeid=i","cat":312392},{"id":280420,"n":"Dessert lacté Blédina Vanille dès 6 mois - 4x95g","p":1.6,"u":"4,21 €/KG","img":"https://fd13-photos.leclercdrive.fr/image.ashx?id=2972874&use=l&cat=p&typeid=i","cat":312392},{"id":280425,"n":"Dessert lacté Blédina Mangue Pêche dès 6 mois - 4x95g","p":1.78,"u":"4,68 €/KG","img":"https://fd13-photos.leclercdrive.fr/image.ashx?id=2972877&use=l&cat=p&typeid=i","cat":312392},{"id":280474,"n":"Gnocchi à poêler Lustucru Extra moelleux 300g","p":1.83,"u":"6,10 €/KG","img":"https://fd13-photos.leclercdrive.fr/image.ashx?id=2973655&use=l&cat=p&typeid=i","cat":333682},{"id":280483,"n":"Gnocchi à poêler Lustucru Extra chorizo 280g","p":2.47,"u":"8,82 €/KG","img":"https://fd13-photos.leclercdrive.fr/image.ashx?id=2973646&use=l&cat=p&typeid=i","cat":333682},{"id":280487,"n":"Gnocchi à poêler Lustucru star 500g","p":2.97,"u":"5,94 €/KG","img":"https://fd13-photos.leclercdrive.fr/image.ashx?id=2973637&use=l&cat=p&typeid=i","cat":333682},{"id":280488,"n":"Girasoli Lustucru  Extra raclette 250g","p":2.89,"u":"11,56 €/KG","img":"https://fd13-photos.leclercdrive.fr/image.ashx?id=2973640&use=l&cat=p&typeid=i","cat":333682},{"id":280674,"n":"Dessert Nestlé Lait eclats d'amandes - 170g","p":3.3,"u":"19,41 €/KG","img":"https://fd13-photos.leclercdrive.fr/image.ashx?id=2974453&use=l&cat=p&typeid=i","cat":284497},{"id":280690,"n":"Mayonnaise Benedicta 640g","p":3.18,"u":"4,97 €/KG","img":"https://fd13-photos.leclercdrive.fr/image.ashx?id=2974414&use=l&cat=p&typeid=i","cat":298295},{"id":280777,"n":"Préparation Banana Bread Vahiné 300g","p":3.15,"u":"10,50 €/KG","img":"https://fd13-photos.leclercdrive.fr/image.ashx?id=2975873&use=l&cat=p&typeid=i","cat":284505},{"id":280778,"n":"Ketchup tomato Heinz cornichon - 250g","p":1.89,"u":"7,56 €/KG","img":"https://fd13-photos.leclercdrive.fr/image.ashx?id=2976176&use=l&cat=p&typeid=i","cat":284455},{"id":280782,"n":"Sauce sweet chili Heinz 260g","p":1.94,"u":"7,46 €/KG","img":"https://fd13-photos.leclercdrive.fr/image.ashx?id=2976101&use=l&cat=p&typeid=i","cat":318431},{"id":280783,"n":"Sauce korean barbecue Heinz 265g","p":2.06,"u":"7,77 €/KG","img":"https://fd13-photos.leclercdrive.fr/image.ashx?id=2976137&use=l&cat=p&typeid=i","cat":318431},{"id":280784,"n":"Mayonnaise  Heinz Srirachamix - 400g","p":3.41,"u":"8,53 €/KG","img":"https://fd13-photos.leclercdrive.fr/image.ashx?id=2976140&use=l&cat=p&typeid=i","cat":318431},{"id":280878,"n":"Bowl Bonduelle A la mexicaine - 250g","p":2.85,"u":"11,40 €/KG","img":"https://fd13-photos.leclercdrive.fr/image.ashx?id=2996533&use=l&cat=p&typeid=i","cat":328010},{"id":280908,"n":"Pizza DR. Oetker Suprema 5 fromages - 424g","p":5.53,"u":"13,04 €/KG","img":"https://fd13-photos.leclercdrive.fr/image.ashx?id=2993095&use=l&cat=p&typeid=i","cat":284256},{"id":280909,"n":"Pizza DR. Oetker Suprema Salami à la romaine - 425g","p":5.53,"u":"13,01 €/KG","img":"https://fd13-photos.leclercdrive.fr/image.ashx?id=2993092&use=l&cat=p&typeid=i","cat":284256},{"id":280914,"n":"Salade de blé Cassegrain Aubergines et poivrons 250g","p":2.58,"u":"10,32 €/KG","img":"https://fd13-photos.leclercdrive.fr/image.ashx?id=2975137&use=l&cat=p&typeid=i","cat":333657},{"id":280916,"n":"Salade de lentilles Cassegrain Vertes - Butternut roti 250g","p":2.7,"u":"10,80 €/KG","img":"https://fd13-photos.leclercdrive.fr/image.ashx?id=2975143&use=l&cat=p&typeid=i","cat":333657},{"id":280922,"n":"Whisky Ballantine's Sweet  Blend 30% - 70cl","p":14.9,"pp":11.95,"u":"17,07 €/L","img":"https://fd13-photos.leclercdrive.fr/image.ashx?id=2981289&use=l&cat=p&typeid=i","cat":284547},{"id":280930,"n":"Piles Alcalines Duracell Plus AA LR6 - 1.5V MN1500 x12","p":7.9,"img":"https://fd13-photos.leclercdrive.fr/image.ashx?id=2975668&use=l&cat=p&typeid=i","cat":300572},{"id":280931,"n":"Piles Alcalines Duracell Plus AAA LR03 - 1.5V MN240 x12","p":7.9,"img":"https://fd13-photos.leclercdrive.fr/image.ashx?id=2975671&use=l&cat=p&typeid=i","cat":300572},{"id":280997,"n":"Bowl à l'orientale 250g","p":2.85,"u":"11,40 €/KG","img":"https://fd13-photos.leclercdrive.fr/image.ashx?id=2991921&use=l&cat=p&typeid=i","cat":325094},{"id":281128,"n":"Lessive X-tra Total 40 lavages","p":5.97,"u":"3,32 €/L","img":"https://fd13-photos.leclercdrive.fr/image.ashx?id=2976788&use=l&cat=p&typeid=i","cat":284640},{"id":281331,"n":"Bonbons Têtes Brûlées Horror Mix 450g","p":5.99,"u":"13,31 €/KG","img":"https://fd13-photos.leclercdrive.fr/image.ashx?id=2978772&use=l&cat=p&typeid=i","cat":304250},{"id":281332,"n":"bonbons Têtes Brûlées Mini mix 480g","p":5.99,"u":"12,48 €/KG","img":"https://fd13-photos.leclercdrive.fr/image.ashx?id=2978775&use=l&cat=p&typeid=i","cat":304250},{"id":281333,"n":"Bonbons Têtes Brûlées  Family Party 600g","p":5.99,"u":"9,98 €/KG","img":"https://fd13-photos.leclercdrive.fr/image.ashx?id=2978778&use=l&cat=p&typeid=i","cat":304250},{"id":281334,"n":"Bonbons Têtes Brûlées Des bonbons ou un sort 500g","p":5.99,"u":"11,98 €/KG","img":"https://fd13-photos.leclercdrive.fr/image.ashx?id=2978781&use=l&cat=p&typeid=i","cat":304250},{"id":281336,"n":"Bonbons Lutti Vampires 280g","p":2.69,"u":"9,61 €/KG","img":"https://fd13-photos.leclercdrive.fr/image.ashx?id=2978814&use=l&cat=p&typeid=i","cat":304250},{"id":281338,"n":"Bonbons Lutti Vampires Fizz 280g","p":2.69,"u":"9,61 €/KG","img":"https://fd13-photos.leclercdrive.fr/image.ashx?id=2978817&use=l&cat=p&typeid=i","cat":304250},{"id":281339,"n":"Bonbons Lutti Giantfeet Fizz 280g","p":2.69,"u":"9,61 €/KG","img":"https://fd13-photos.leclercdrive.fr/image.ashx?id=2978820&use=l&cat=p&typeid=i","cat":304250},{"id":281341,"n":"Bonbons Carambar Mix Electric Fruits 380g","p":3.35,"u":"8,82 €/KG","img":"https://fd13-photos.leclercdrive.fr/image.ashx?id=2978826&use=l&cat=p&typeid=i","cat":304250},{"id":281346,"n":"Bonbons Lutti  Luciver Fizz 280g","p":2.69,"u":"9,61 €/KG","img":"https://fd13-photos.leclercdrive.fr/image.ashx?id=2978838&use=l&cat=p&typeid=i","cat":304250},{"id":281347,"n":"Bonbons Lutti  Papillot' Gummy 200g","p":2.69,"u":"13,45 €/KG","img":"https://fd13-photos.leclercdrive.fr/image.ashx?id=2978841&use=l&cat=p&typeid=i","cat":304250},{"id":281377,"n":"Ketchup Heinz  zéro sel ajouté - 230g","p":1.89,"u":"8,22 €/KG","img":"https://fd13-photos.leclercdrive.fr/image.ashx?id=2978904&use=l&cat=p&typeid=i","cat":284455},{"id":281412,"n":"Pep's recette Manhattan Burger Box - 380g","p":5.6,"u":"14,74 €/KG","img":"https://fd13-photos.leclercdrive.fr/image.ashx?id=2979397&use=l&cat=p&typeid=i","cat":333685},{"id":281422,"n":"Pep's recette Roma Pizza Box 380g","p":5.6,"u":"14,74 €/KG","img":"https://fd13-photos.leclercdrive.fr/image.ashx?id=2979403&use=l&cat=p&typeid=i","cat":333685},{"id":281778,"n":"Bûche pur brebis Le Brebiou 130g","p":1.87,"u":"14,38 €/KG","img":"https://fd13-photos.leclercdrive.fr/image.ashx?id=2967043&use=l&cat=p&typeid=i","cat":326550},{"id":282015,"n":"Yaourt crémeux Bonne Maman Sur lit de fraise - 2x125g","p":1.79,"u":"7,16 €/KG","img":"https://fd13-photos.leclercdrive.fr/image.ashx?id=2981599&use=l&cat=p&typeid=i","cat":286006},{"id":282366,"n":"Lessive liquide X-tra Total Fraicheur Alpine 40lav - 1,8L","p":6.46,"u":"3,59 €/L","img":"https://fd13-photos.leclercdrive.fr/image.ashx?id=2984200&use=l&cat=p&typeid=i","cat":284640},{"id":282721,"n":"Lessive liquide Persil Bouquet de Provence 1.092L x26","p":4.57,"u":"4,18 €/L","img":"https://fd13-photos.leclercdrive.fr/image.ashx?id=2985675&use=l&cat=p&typeid=i","cat":284640},{"id":282946,"n":"Lessive Xt-tra Total Marseille Aloe vera - 1.8L x40","p":6.32,"u":"3,51 €/L","img":"https://fd13-photos.leclercdrive.fr/image.ashx?id=2985030&use=l&cat=p&typeid=i","cat":284640},{"id":283136,"n":"Kinder Surprise  Père Noel x4 - 80g","p":5.15,"u":"64,38 €/KG","img":"https://fd13-photos.leclercdrive.fr/image.ashx?id=2981373&use=l&cat=p&typeid=i","cat":327592},{"id":283138,"n":"Kinder Surprise  Bonhomme de neige x4 - 80g","p":5.15,"u":"64,38 €/KG","img":"https://fd13-photos.leclercdrive.fr/image.ashx?id=2987196&use=l&cat=p&typeid=i","cat":327592},{"id":283534,"n":"Les tranches Fleury Michon Lentilles Corail x6 - 180g","p":3.49,"u":"19,39 €/KG","img":"https://fd13-photos.leclercdrive.fr/image.ashx?id=2988454&use=l&cat=p&typeid=i","cat":316036},{"id":283535,"n":"Les tranches Fleury Michon Haricots rouges x4 - 120g","p":2.29,"u":"19,08 €/KG","img":"https://fd13-photos.leclercdrive.fr/image.ashx?id=3000075&use=l&cat=p&typeid=i","cat":316036},{"id":283536,"n":"Macaroni poulet Fleury Michon sauce moutarde - 280g","p":2.95,"u":"10,54 €/KG","img":"https://fd13-photos.leclercdrive.fr/image.ashx?id=2988451&use=l&cat=p&typeid=i","cat":333665},{"id":283537,"n":"Dahl de lentilles Fleury Michon Sauce coco et riz - 300g","p":3.35,"u":"11,17 €/KG","img":"https://fd13-photos.leclercdrive.fr/image.ashx?id=2988448&use=l&cat=p&typeid=i","cat":333665},{"id":283542,"n":"Œuf Maxi Kinder surprise Playmobil - 100g","p":6.47,"u":"64,70 €/KG","img":"https://fd13-photos.leclercdrive.fr/image.ashx?id=2940516&use=l&cat=p&typeid=i","cat":284958},{"id":283546,"n":"Peluche Kinder Ecureuil - 133g","p":13.92,"u":"104,66 €/KG","img":"https://fd13-photos.leclercdrive.fr/image.ashx?id=2995890&use=l&cat=p&typeid=i","cat":327789},{"id":283547,"n":"Peluche Kinder Dragon - 133g","p":13.92,"u":"104,66 €/KG","img":"https://fd13-photos.leclercdrive.fr/image.ashx?id=2995893&use=l&cat=p&typeid=i","cat":327789},{"id":283633,"n":"Yaourt crémeux Bonne Maman Sur lit de fraise - 2x125g","p":1.34,"u":"5,36 €/KG","img":"https://fd13-photos.leclercdrive.fr/image.ashx?id=2981599&use=l&cat=p&typeid=i","cat":326550},{"id":283801,"n":"Salade de blé Cassegrain Aubergines et poivrons 250g","p":1.94,"u":"7,76 €/KG","img":"https://fd13-photos.leclercdrive.fr/image.ashx?id=2975137&use=l&cat=p&typeid=i","cat":326550},{"id":283831,"n":"Oranges Eco+ 1.5kg","p":1.99,"u":"1,33 €/KG","img":"https://fd13-photos.leclercdrive.fr/image.ashx?id=2987650&use=l&cat=p&typeid=i","cat":284356},{"id":284010,"n":"Nestlé I Love Kefir Yaourt Nature - 2x150g","p":2.19,"pp":1.45,"u":"4,83 €/KG","img":"https://fd13-photos.leclercdrive.fr/image.ashx?id=2991834&use=l&cat=p&typeid=i","cat":284409},{"id":284296,"n":"Masque Le Petit Marseillais  4 en 1 Hydratation -370ml","p":5.1,"u":"13,78 €/L","img":"https://fd13-photos.leclercdrive.fr/image.ashx?id=2992140&use=l&cat=p&typeid=i","cat":284608},{"id":284476,"n":"Lait peau déshydratée Le Petit Marseillais Noix de coco -250ml","p":3.09,"u":"12,36 €/L","img":"https://fd13-photos.leclercdrive.fr/image.ashx?id=2992954&use=l&cat=p&typeid=i","cat":325349},{"id":284711,"n":"Poudre détachante désinfectante Sanytol - 4 actions - 450g","p":5.99,"u":"13,31 €/KG","img":"https://fd13-photos.leclercdrive.fr/image.ashx?id=2996491&use=l&cat=p&typeid=i","cat":284651},{"id":284914,"n":"Délice de volaille Maître Coq Chutney de figues 400g","p":5.2,"u":"13,00 €/KG","img":"https://fd13-photos.leclercdrive.fr/image.ashx?id=2995112&use=l&cat=p&typeid=i","cat":327289},{"id":284915,"n":"Délice de volaille Maître Coq Aux bolets 400g","p":4.09,"u":"10,23 €/KG","img":"https://fd13-photos.leclercdrive.fr/image.ashx?id=2995115&use=l&cat=p&typeid=i","cat":327289},{"id":285313,"n":"Chataignes entières d'Ardèche Nos Régions ont du Talent 200g","p":4.5,"u":"22,50 €/KG","img":"https://fd13-photos.leclercdrive.fr/image.ashx?id=2995911&use=l&cat=p&typeid=i","cat":284356},{"id":285425,"n":"Assortiment Thaï Traditions d'Asie 150g","p":3.83,"u":"25,53 €/KG","img":"https://fd13-photos.leclercdrive.fr/image.ashx?id=3001332&use=l&cat=p&typeid=i","cat":333673},{"id":286365,"n":"Cocktail créoles Madrange 340g","p":2.95,"u":"8,68 €/KG","img":"https://fd13-photos.leclercdrive.fr/image.ashx?id=2999967&use=l&cat=p&typeid=i","cat":316012},{"id":286871,"n":"Soda Coca-Cola 4x1.75L","p":7.1,"u":"1,01 €/L","img":"https://fd13-photos.leclercdrive.fr/image.ashx?id=3014865&use=l&cat=p&typeid=i","cat":284530},{"id":286885,"n":"Mini burger Brie truffe L'Atelier Traiteur 200g","p":5.99,"u":"29,95 €/KG","img":"https://fd13-photos.leclercdrive.fr/image.ashx?id=3001906&use=l&cat=p&typeid=i","cat":333671},{"id":286888,"n":"Mini burger saumon L'Atelier Traiteur 190g","p":5.99,"u":"31,53 €/KG","img":"https://fd13-photos.leclercdrive.fr/image.ashx?id=3001909&use=l&cat=p&typeid=i","cat":333671},{"id":286898,"n":"Mini boudins blancs Madrange 340g","p":2.99,"u":"8,79 €/KG","img":"https://fd13-photos.leclercdrive.fr/image.ashx?id=3003194&use=l&cat=p&typeid=i","cat":316012},{"id":287258,"n":"Chocolat Poulain 450g","p":3.44,"u":"7,64 €/KG","img":"https://fd13-photos.leclercdrive.fr/image.ashx?id=3005137&use=l&cat=p&typeid=i","cat":293235},{"id":287262,"n":"Chocolat en poudre Poulain 800g","p":5.18,"u":"6,48 €/KG","img":"https://fd13-photos.leclercdrive.fr/image.ashx?id=3005140&use=l&cat=p&typeid=i","cat":293235},{"id":287482,"n":"Soda Coca-Cola Zéro 4x1,75L","p":5.1,"u":"0,73 €/L","img":"https://fd13-photos.leclercdrive.fr/image.ashx?id=3009668&use=l&cat=p&typeid=i","cat":284530},{"id":287847,"n":"Café L'Or Ouganda kenya en grains - 500g","p":11.65,"u":"23,30 €/KG","img":"https://fd13-photos.leclercdrive.fr/image.ashx?id=3009272&use=l&cat=p&typeid=i","cat":293237},{"id":287850,"n":"Café en grains L'Or Bresil colombie - 500g","p":11.65,"u":"23,30 €/KG","img":"https://fd13-photos.leclercdrive.fr/image.ashx?id=3009269&use=l&cat=p&typeid=i","cat":293237},{"id":288463,"n":"Cheddar Kraft 150g","p":2.84,"u":"18,93 €/KG","img":"https://fd13-photos.leclercdrive.fr/image.ashx?id=3010245&use=l&cat=p&typeid=i","cat":314028},{"id":288464,"n":"Cheddar râpé Kraft 150g","p":2.69,"u":"17,93 €/KG","img":"https://fd13-photos.leclercdrive.fr/image.ashx?id=3010248&use=l&cat=p&typeid=i","cat":314035},{"id":288465,"n":"Crème de cheddar Kraft 125g","p":2.5,"u":"20,00 €/KG","img":"https://fd13-photos.leclercdrive.fr/image.ashx?id=3010209&use=l&cat=p&typeid=i","cat":314037},{"id":288467,"n":"Fromage burger cheddar Kraft 7 tranches 175g","p":2.05,"u":"11,71 €/KG","img":"https://fd13-photos.leclercdrive.fr/image.ashx?id=3010251&use=l&cat=p&typeid=i","cat":314028},{"id":288907,"n":"Saumon d'Ecosse Mowi x12 - 310g","p":12.49,"u":"40,29 €/KG","img":"https://fd13-photos.leclercdrive.fr/image.ashx?id=3011344&use=l&cat=p&typeid=i","cat":316029},{"id":288909,"n":"Saumon fumé Mowi Norvège - x12 - 360g","p":12.49,"u":"34,69 €/KG","img":"https://fd13-photos.leclercdrive.fr/image.ashx?id=3011341&use=l&cat=p&typeid=i","cat":285188},{"id":289258,"n":"Les tranches Fleury Michon Lentilles Corail x6 - 180g","p":2.62,"u":"14,56 €/KG","img":"https://fd13-photos.leclercdrive.fr/image.ashx?id=2988454&use=l&cat=p&typeid=i","cat":326550},{"id":289276,"n":"Beurre d'Echiré en plaque Demi-sel  - 80% MG - 100g","p":1.2,"u":"12,00 €/KG","img":"https://fd13-photos.leclercdrive.fr/image.ashx?id=2869567&use=l&cat=p&typeid=i","cat":326550},{"id":289444,"n":"Aiguillettes de poulet Côté Croc 350g","p":3.99,"u":"11,40 €/KG","img":"https://fd13-photos.leclercdrive.fr/image.ashx?id=3013073&use=l&cat=p&typeid=i","cat":284336},{"id":290004,"n":"Saumon fumé Labeyrie Norvège 12 tranches - 450g","p":12.61,"u":"28,02 €/KG","img":"https://fd13-photos.leclercdrive.fr/image.ashx?id=2916770&use=l&cat=p&typeid=i","cat":326550},{"id":290266,"n":"Beurre d'Echiré en plaque Doux  - 82% MG - 100g","p":1.2,"u":"12,00 €/KG","img":"https://fd13-photos.leclercdrive.fr/image.ashx?id=2869564&use=l&cat=p&typeid=i","cat":326550}]}