{"id":"302902-302902","dt":"2025-12-15","p":[{"id":2,"n":"Haricots verts Notre Jardin Extra fins - 345g","p":2.39,"u":"6,93 €/KG","img":"https://fd2-photos.leclercdrive.fr/image.ashx?id=2368650&use=l&cat=p&typeid=i","cat":312606},{"id":3,"n":"Haricots verts Notre Jardin Très fins - 220g","p":0.86,"u":"3,91 €/KG","img":"https://fd2-photos.leclercdrive.fr/image.ashx?id=2987991&use=l&cat=p&typeid=i","cat":312606},{"id":4,"n":"Haricots verts Notre Jardin Très fins - 440g","p":1.15,"u":"2,61 €/KG","img":"https://fd2-photos.leclercdrive.fr/image.ashx?id=2468822&use=l&cat=p&typeid=i","cat":312606},{"id":5,"n":"Haricots verts Notre Jardin Extra fins - 440g","p":1.2,"u":"2,73 €/KG","img":"https://fd2-photos.leclercdrive.fr/image.ashx?id=2291393&use=l&cat=p&typeid=i","cat":312606},{"id":6,"n":"Haricots verts Notre Jardin Extra fins - 220g","p":0.88,"u":"4,00 €/KG","img":"https://fd2-photos.leclercdrive.fr/image.ashx?id=2371548&use=l&cat=p&typeid=i","cat":312606},{"id":7,"n":"Haricots beurre Notre Jardin Très fins - 220g","p":1.11,"u":"5,05 €/KG","img":"https://fd2-photos.leclercdrive.fr/image.ashx?id=2988027&use=l&cat=p&typeid=i","cat":312606},{"id":8,"n":"Haricots beurre Notre Jardin Très fins - 440g","p":1.55,"u":"3,52 €/KG","img":"https://fd2-photos.leclercdrive.fr/image.ashx?id=2988030&use=l&cat=p&typeid=i","cat":312606},{"id":9,"n":"Petits pois Notre Jardin A l'étuvée - Extra fins - 280g","p":0.9,"u":"3,21 €/KG","img":"https://fd2-photos.leclercdrive.fr/image.ashx?id=2398758&use=l&cat=p&typeid=i","cat":312607},{"id":10,"n":"Petits pois Notre Jardin A l'étuvée - Très fins - 280g","p":0.89,"u":"3,18 €/KG","img":"https://fd2-photos.leclercdrive.fr/image.ashx?id=2987958&use=l&cat=p&typeid=i","cat":312607},{"id":11,"n":"Petits pois carottes  Notre Jardin -Extra fins - 530g","p":1.22,"u":"2,30 €/KG","img":"https://fd2-photos.leclercdrive.fr/image.ashx?id=2987961&use=l&cat=p&typeid=i","cat":312607},{"id":12,"n":"Petits pois carottes extra-fins Notre Jardin à l'étuvée 260g","p":0.99,"u":"3,74 €/KG","img":"https://fd2-photos.leclercdrive.fr/image.ashx?id=2987964&use=l&cat=p&typeid=i","cat":312607},{"id":13,"n":"Petits pois carottes Très fins Notre Jardin -A l'étuvée -530g","p":1.33,"u":"2,51 €/KG","img":"https://fd2-photos.leclercdrive.fr/image.ashx?id=2698156&use=l&cat=p&typeid=i","cat":312607},{"id":14,"n":"Carottes Notre Jardin Extra-fines - 265g","p":0.85,"u":"3,21 €/KG","img":"https://fd2-photos.leclercdrive.fr/image.ashx?id=1993149&use=l&cat=p&typeid=i","cat":312607},{"id":15,"n":"Champignons Paris Notre Jardin Entiers - 230g","p":1.47,"u":"6,39 €/KG","img":"https://fd2-photos.leclercdrive.fr/image.ashx?id=2553890&use=l&cat=p&typeid=i","cat":312610},{"id":16,"n":"Champignons Paris Notre Jardin Pieds et morceaux - 230g","p":1.49,"u":"6,48 €/KG","img":"https://fd2-photos.leclercdrive.fr/image.ashx?id=2553896&use=l&cat=p&typeid=i","cat":312610},{"id":17,"n":"Champignons Paris Notre Jardin Emincés - 230g","p":1.07,"u":"4,65 €/KG","img":"https://fd2-photos.leclercdrive.fr/image.ashx?id=2551960&use=l&cat=p&typeid=i","cat":312610},{"id":19,"n":"Flageolets verts Notre Jardin Extra fins - 265g","p":0.99,"u":"3,74 €/KG","img":"https://fd2-photos.leclercdrive.fr/image.ashx?id=1993161&use=l&cat=p&typeid=i","cat":312606},{"id":20,"n":"Macédoine légumes Notre Jardin 265g","p":0.71,"u":"2,68 €/KG","img":"https://fd2-photos.leclercdrive.fr/image.ashx?id=2375953&use=l&cat=p&typeid=i","cat":312612},{"id":21,"n":"Macédoine légumes Notre Jardin - 530g","p":1.23,"u":"2,32 €/KG","img":"https://fd2-photos.leclercdrive.fr/image.ashx?id=2526276&use=l&cat=p&typeid=i","cat":312612},{"id":22,"n":"Garniture de 4 légumes  Notre Jardin - 510g","p":1.74,"u":"3,41 €/KG","img":"https://fd2-photos.leclercdrive.fr/image.ashx?id=2526279&use=l&cat=p&typeid=i","cat":312612},{"id":26,"n":"Pois chiches Notre Jardin 265g","p":0.75,"u":"2,83 €/KG","img":"https://fd2-photos.leclercdrive.fr/image.ashx?id=2988009&use=l&cat=p&typeid=i","cat":312609},{"id":27,"n":"Lentilles préparées Notre  Jardin - 265g","p":0.67,"u":"2,53 €/KG","img":"https://fd2-photos.leclercdrive.fr/image.ashx?id=2987985&use=l&cat=p&typeid=i","cat":312609},{"id":28,"n":"Lentilles Préparées Notre  Jardin - 530g","p":1.15,"u":"2,17 €/KG","img":"https://fd2-photos.leclercdrive.fr/image.ashx?id=2987982&use=l&cat=p&typeid=i","cat":312609},{"id":29,"n":"Haricots rouges Notre Jardin 250g","p":0.84,"u":"3,36 €/KG","img":"https://fd2-photos.leclercdrive.fr/image.ashx?id=2988024&use=l&cat=p&typeid=i","cat":312606},{"id":30,"n":"Pommes de terre Notre Jardin 530g","p":1.29,"u":"2,43 €/KG","img":"https://fd2-photos.leclercdrive.fr/image.ashx?id=2696250&use=l&cat=p&typeid=i","cat":312612},{"id":36,"n":"Epinards hâchés Notre Jardin 795g","p":1.65,"u":"2,08 €/KG","img":"https://fd2-photos.leclercdrive.fr/image.ashx?id=2468807&use=l&cat=p&typeid=i","cat":312612},{"id":37,"n":"Epinards hâchés Notre Jardin 395g","p":1.09,"u":"2,76 €/KG","img":"https://fd2-photos.leclercdrive.fr/image.ashx?id=2468810&use=l&cat=p&typeid=i","cat":312612},{"id":39,"n":"Epinards branches Notre Jardin 530g","p":1.69,"u":"3,19 €/KG","img":"https://fd2-photos.leclercdrive.fr/image.ashx?id=2398773&use=l&cat=p&typeid=i","cat":312612},{"id":40,"n":"Coeurs de palmiers Notre Jardin Extra tendres - 500g","p":3.85,"u":"7,70 €/KG","img":"https://fd2-photos.leclercdrive.fr/image.ashx?id=2072698&use=l&cat=p&typeid=i","cat":312611},{"id":41,"n":"Choux Bruxelles Notre Jardin 530g","p":1.95,"u":"3,68 €/KG","img":"https://fd2-photos.leclercdrive.fr/image.ashx?id=2072428&use=l&cat=p&typeid=i","cat":312612},{"id":42,"n":"Haricots Mungo Notre Jardin 180g","p":1.0,"u":"5,56 €/KG","img":"https://fd2-photos.leclercdrive.fr/image.ashx?id=2072431&use=l&cat=p&typeid=i","cat":312611},{"id":43,"n":"Asperges blanches miniatures Notre Jardin - 110g","p":1.55,"u":"14,09 €/KG","img":"https://fd2-photos.leclercdrive.fr/image.ashx?id=2049019&use=l&cat=p&typeid=i","cat":312611},{"id":44,"n":"Maïs Notre Jardin Tendre - 285g","p":0.96,"u":"3,37 €/KG","img":"https://fd2-photos.leclercdrive.fr/image.ashx?id=3005658&use=l&cat=p&typeid=i","cat":312611},{"id":48,"n":"Thon Saupiquet A la Catalane - 252g","p":1.68,"u":"6,67 €/KG","img":"https://fd2-photos.leclercdrive.fr/image.ashx?id=2860892&use=l&cat=p&typeid=i","cat":303867},{"id":50,"n":"Miettes de thon Pêche Océan Huile de tournesol - 160g","p":1.7,"u":"10,63 €/KG","img":"https://fd2-photos.leclercdrive.fr/image.ashx?id=2941369&use=l&cat=p&typeid=i","cat":303867},{"id":51,"n":"Miettes de thon Pêche Océan Tomate - 160g","p":1.13,"u":"7,06 €/KG","img":"https://fd2-photos.leclercdrive.fr/image.ashx?id=2941378&use=l&cat=p&typeid=i","cat":303867},{"id":52,"n":"Miettes de thon Pêche Océan Tomate - 3x80g","p":1.56,"u":"6,50 €/KG","img":"https://fd2-photos.leclercdrive.fr/image.ashx?id=2941363&use=l&cat=p&typeid=i","cat":303867},{"id":58,"n":"Filets maquereaux Pêche Océan Arômates et Muscadet 176g","p":1.45,"u":"8,24 €/KG","img":"https://fd2-photos.leclercdrive.fr/image.ashx?id=2476948&use=l&cat=p&typeid=i","cat":303868},{"id":59,"n":"Maquereaux Pêche Océan Moutarde de Dijon - 169g","p":1.65,"u":"9,76 €/KG","img":"https://fd2-photos.leclercdrive.fr/image.ashx?id=2488350&use=l&cat=p&typeid=i","cat":303868},{"id":66,"n":"Terrine de campagne Côté Table Cèpes - 180g","p":1.55,"u":"8,61 €/KG","img":"https://fd2-photos.leclercdrive.fr/image.ashx?id=2519414&use=l&cat=p&typeid=i","cat":305149},{"id":67,"n":"Terrine de canard Côté Table 180g","p":1.55,"u":"8,61 €/KG","img":"https://fd2-photos.leclercdrive.fr/image.ashx?id=1878807&use=l&cat=p&typeid=i","cat":305149},{"id":68,"n":"Cassoulet Côté Table Saucisses et saucissons - 420g","p":1.15,"u":"2,74 €/KG","img":"https://fd2-photos.leclercdrive.fr/image.ashx?id=2977099&use=l&cat=p&typeid=i","cat":284440},{"id":72,"n":"Lentilles cuisinées Raynal Et Roquelaure - 820g","p":2.0,"u":"2,44 €/KG","img":"https://fd2-photos.leclercdrive.fr/image.ashx?id=2928393&use=l&cat=p&typeid=i","cat":312609},{"id":74,"n":"Choucroute Côté Table garnie 800g","p":2.69,"u":"3,36 €/KG","img":"https://fd2-photos.leclercdrive.fr/image.ashx?id=1847409&use=l&cat=p&typeid=i","cat":284441},{"id":75,"n":"Choucroute Côté Table garnie 400g","p":1.75,"u":"4,38 €/KG","img":"https://fd2-photos.leclercdrive.fr/image.ashx?id=2977114&use=l&cat=p&typeid=i","cat":284441},{"id":78,"n":"Saucisses lentilles Côté Table 840g","p":1.99,"u":"2,37 €/KG","img":"https://fd2-photos.leclercdrive.fr/image.ashx?id=2977102&use=l&cat=p&typeid=i","cat":284441},{"id":79,"n":"Saucisses lentilles Côté Table 420g","p":1.15,"u":"2,74 €/KG","img":"https://fd2-photos.leclercdrive.fr/image.ashx?id=2977105&use=l&cat=p&typeid=i","cat":284441},{"id":92,"n":"Chips Pom'lisse Nature - 6x30g","p":1.37,"u":"7,61 €/KG","img":"https://fd2-photos.leclercdrive.fr/image.ashx?id=2498593&use=l&cat=p&typeid=i","cat":284447},{"id":97,"n":"Pétales salées Tokapi Soufflés - 75g","p":0.69,"u":"9,20 €/KG","img":"https://fd2-photos.leclercdrive.fr/image.ashx?id=2751874&use=l&cat=p&typeid=i","cat":284449},{"id":104,"n":"Mélange Grillé et salé Tokapi Cacahuètes et noisettes - 120g","p":1.42,"u":"11,83 €/KG","img":"https://fd2-photos.leclercdrive.fr/image.ashx?id=2794100&use=l&cat=p&typeid=i","cat":284448},{"id":105,"n":"Cacahuètes grillées Tokapi Salées - 250g","p":0.85,"u":"3,40 €/KG","img":"https://fd2-photos.leclercdrive.fr/image.ashx?id=2795529&use=l&cat=p&typeid=i","cat":284448},{"id":108,"n":"Noix de cajou grillées Tokapi Salées - 400g","p":4.78,"u":"11,95 €/KG","img":"https://fd2-photos.leclercdrive.fr/image.ashx?id=2793985&use=l&cat=p&typeid=i","cat":284448},{"id":113,"n":"Crackers Tuc Nature Original - 100g","p":0.62,"u":"6,20 €/KG","img":"https://fd2-photos.leclercdrive.fr/image.ashx?id=3002195&use=l&cat=p&typeid=i","cat":297000},{"id":117,"n":"Huile Isio 4 Lesieur 1L","p":3.42,"u":"3,42 €/L","img":"https://fd2-photos.leclercdrive.fr/image.ashx?id=2916018&use=l&cat=p&typeid=i","cat":284453},{"id":121,"n":"Huile Fleur de colza Lesieur  1L","p":2.78,"u":"2,78 €/L","img":"https://fd2-photos.leclercdrive.fr/image.ashx?id=2916848&use=l&cat=p&typeid=i","cat":284453},{"id":122,"n":"Huile de friture Rustica Sans odeur - 2L","p":4.45,"u":"2,23 €/L","img":"https://fd2-photos.leclercdrive.fr/image.ashx?id=2916662&use=l&cat=p&typeid=i","cat":284453},{"id":123,"n":"Huile végétale  Rustica Mélange 4 huiles  - 1L","p":2.65,"u":"2,65 €/L","img":"https://fd2-photos.leclercdrive.fr/image.ashx?id=2538134&use=l&cat=p&typeid=i","cat":284453},{"id":124,"n":"Huile d'olive Rustica Vierge extra - 1L","p":8.99,"u":"8,99 €/L","img":"https://fd2-photos.leclercdrive.fr/image.ashx?id=2898011&use=l&cat=p&typeid=i","cat":284453},{"id":125,"n":"Huile de tournesol Rustica  1L","p":1.99,"u":"1,99 €/L","img":"https://fd2-photos.leclercdrive.fr/image.ashx?id=2900319&use=l&cat=p&typeid=i","cat":284453},{"id":126,"n":"Huile de tournesol Rustica 3L","p":5.89,"u":"1,96 €/L","img":"https://fd2-photos.leclercdrive.fr/image.ashx?id=2900322&use=l&cat=p&typeid=i","cat":284453},{"id":127,"n":"Huile de colza Rustica  1L","p":1.76,"u":"1,76 €/L","img":"https://fd2-photos.leclercdrive.fr/image.ashx?id=2500797&use=l&cat=p&typeid=i","cat":284453},{"id":128,"n":"Vinaigre de vin Rustica 75cl","p":0.99,"u":"1,32 €/L","img":"https://fd2-photos.leclercdrive.fr/image.ashx?id=1061150&use=l&cat=p&typeid=i","cat":298543},{"id":129,"n":"Vinaigre de cidre Rustica  75cl","p":0.87,"u":"1,16 €/L","img":"https://fd2-photos.leclercdrive.fr/image.ashx?id=2657190&use=l&cat=p&typeid=i","cat":298543},{"id":130,"n":"Vinaigrette Rustica  Moutarde - 50cl","p":0.89,"u":"1,78 €/L","img":"https://fd2-photos.leclercdrive.fr/image.ashx?id=1950144&use=l&cat=p&typeid=i","cat":284456},{"id":131,"n":"Jus de citron Rustica Sicile - 2x125ml - 250ml","p":1.08,"u":"4,32 €/L","img":"https://fd2-photos.leclercdrive.fr/image.ashx?id=2974786&use=l&cat=p&typeid=i","cat":288383},{"id":147,"n":"Olives vertes Rustica  Dénoyautées - 160g","p":0.92,"u":"5,75 €/KG","img":"https://fd2-photos.leclercdrive.fr/image.ashx?id=2499070&use=l&cat=p&typeid=i","cat":284458},{"id":156,"n":"Moutarde de Dijon Rustica  Fine et forte Verre whisky-280g","p":1.94,"u":"6,93 €/KG","img":"https://fd2-photos.leclercdrive.fr/image.ashx?id=1921607&use=l&cat=p&typeid=i","cat":288850},{"id":157,"n":"Moutarde de Dijon AMORA Fine & Forte - 265g","p":1.55,"u":"5,85 €/KG","img":"https://fd2-photos.leclercdrive.fr/image.ashx?id=3004870&use=l&cat=p&typeid=i","cat":288850},{"id":160,"n":"Mayonnaise Lesieur Huile de colza - 175g","p":0.78,"u":"4,46 €/KG","img":"https://fd2-photos.leclercdrive.fr/image.ashx?id=2917702&use=l&cat=p&typeid=i","cat":298295},{"id":169,"n":"Sauce Pesto Panzani Basilic - 200g","p":1.64,"u":"8,20 €/KG","img":"https://fd2-photos.leclercdrive.fr/image.ashx?id=2989093&use=l&cat=p&typeid=i","cat":287599},{"id":173,"n":"Pulpe de tomate Notre Jardin En dés - 3x383g","p":2.06,"u":"1,81 €/KG","img":"https://fd2-photos.leclercdrive.fr/image.ashx?id=2826918&use=l&cat=p&typeid=i","cat":288384},{"id":174,"n":"Tomates pelées Notre Jardin Entières - 476g","p":1.4,"u":"2,94 €/KG","img":"https://fd2-photos.leclercdrive.fr/image.ashx?id=2189999&use=l&cat=p&typeid=i","cat":312608},{"id":175,"n":"Sauce bolognaise Turini 420g","p":1.45,"u":"3,45 €/KG","img":"https://fd2-photos.leclercdrive.fr/image.ashx?id=2634860&use=l&cat=p&typeid=i","cat":287599},{"id":178,"n":"Sauce Napolitaine Turini 420g","p":0.88,"u":"2,10 €/KG","img":"https://fd2-photos.leclercdrive.fr/image.ashx?id=2441893&use=l&cat=p&typeid=i","cat":287599},{"id":185,"n":"Pâtes Barilla Pipe Rigate - 500g","p":1.03,"u":"2,06 €/KG","img":"https://fd2-photos.leclercdrive.fr/image.ashx?id=2392209&use=l&cat=p&typeid=i","cat":284427},{"id":186,"n":"Pâtes Barilla Penne rigate - 500g","p":1.01,"u":"2,02 €/KG","img":"https://fd2-photos.leclercdrive.fr/image.ashx?id=2392203&use=l&cat=p&typeid=i","cat":284427},{"id":187,"n":"Pâtes Barilla Fusilli - 500g","p":1.02,"u":"2,04 €/KG","img":"https://fd2-photos.leclercdrive.fr/image.ashx?id=2392212&use=l&cat=p&typeid=i","cat":284427},{"id":191,"n":"Pâtes Collezione Barilla Lasagne aux œufs - 500g","p":1.97,"u":"3,94 €/KG","img":"https://fd2-photos.leclercdrive.fr/image.ashx?id=2990997&use=l&cat=p&typeid=i","cat":284427},{"id":193,"n":"Pâtes vermicelles Panzani  500g","p":1.22,"u":"2,44 €/KG","img":"https://fd2-photos.leclercdrive.fr/image.ashx?id=2896072&use=l&cat=p&typeid=i","cat":284427},{"id":194,"n":"Pâtes Coquillettes Panzani 500g","p":0.91,"u":"1,82 €/KG","img":"https://fd2-photos.leclercdrive.fr/image.ashx?id=2870200&use=l&cat=p&typeid=i","cat":284427},{"id":195,"n":"Pâtes macaroni Panzani 500g","p":0.97,"u":"1,94 €/KG","img":"https://fd2-photos.leclercdrive.fr/image.ashx?id=2884297&use=l&cat=p&typeid=i","cat":284427},{"id":196,"n":"Pâtes nouilles fines Panzani 500g","p":1.1,"u":"2,20 €/KG","img":"https://fd2-photos.leclercdrive.fr/image.ashx?id=2876005&use=l&cat=p&typeid=i","cat":284427},{"id":199,"n":"Pâtes Tagliatelle Panzani Créatives - 500G","p":1.53,"u":"3,06 €/KG","img":"https://fd2-photos.leclercdrive.fr/image.ashx?id=2902936&use=l&cat=p&typeid=i","cat":284427},{"id":200,"n":"Pâtes lasagnes Turini  500g","p":1.29,"u":"2,58 €/KG","img":"https://fd2-photos.leclercdrive.fr/image.ashx?id=2980779&use=l&cat=p&typeid=i","cat":284427},{"id":203,"n":"Pâtes Torsades Turini 500g","p":0.65,"u":"1,30 €/KG","img":"https://fd2-photos.leclercdrive.fr/image.ashx?id=2980420&use=l&cat=p&typeid=i","cat":284427},{"id":204,"n":"Pâtes Coquillettes Turini 500g","p":0.75,"u":"1,50 €/KG","img":"https://fd2-photos.leclercdrive.fr/image.ashx?id=2980402&use=l&cat=p&typeid=i","cat":284427},{"id":205,"n":"Pâtes Macaroni Turini 500g","p":0.75,"u":"1,50 €/KG","img":"https://fd2-photos.leclercdrive.fr/image.ashx?id=2980411&use=l&cat=p&typeid=i","cat":284427},{"id":206,"n":"Spaghetti Turini 500g","p":0.69,"u":"1,38 €/KG","img":"https://fd2-photos.leclercdrive.fr/image.ashx?id=2664328&use=l&cat=p&typeid=i","cat":284427},{"id":208,"n":"Pâtes gansettes Turini 500g","p":0.98,"u":"1,96 €/KG","img":"https://fd2-photos.leclercdrive.fr/image.ashx?id=2607422&use=l&cat=p&typeid=i","cat":284427},{"id":210,"n":"Pâtes cheveux d'anges Turini 500g","p":0.85,"u":"1,70 €/KG","img":"https://fd2-photos.leclercdrive.fr/image.ashx?id=2669690&use=l&cat=p&typeid=i","cat":284427},{"id":211,"n":"Pâtes Tagliatelles Turini 500g","p":1.29,"u":"2,58 €/KG","img":"https://fd2-photos.leclercdrive.fr/image.ashx?id=2669693&use=l&cat=p&typeid=i","cat":284427},{"id":217,"n":"Riz Thaï Comptoir du Grain Sélection Riz long - 1kg","p":2.2,"u":"2,20 €/KG","img":"https://fd2-photos.leclercdrive.fr/image.ashx?id=2657084&use=l&cat=p&typeid=i","cat":284428},{"id":218,"n":"Riz Basmati Comptoir du Grain Sélection Riz long - 1kg","p":2.55,"u":"2,55 €/KG","img":"https://fd2-photos.leclercdrive.fr/image.ashx?id=2549373&use=l&cat=p&typeid=i","cat":284428},{"id":219,"n":"Riz long Comptoir du Grain Sachet cuisson rapide x5 - 1kg","p":1.74,"u":"1,74 €/KG","img":"https://fd2-photos.leclercdrive.fr/image.ashx?id=1759876&use=l&cat=p&typeid=i","cat":284428},{"id":220,"n":"Couscous moyen Regia 1kg","p":2.23,"u":"2,23 €/KG","img":"https://fd2-photos.leclercdrive.fr/image.ashx?id=2874856&use=l&cat=p&typeid=i","cat":284429},{"id":224,"n":"Purée pomme de terre Pom'lisse Nature - 4x125g - 500g","p":1.85,"u":"3,70 €/KG","img":"https://fd2-photos.leclercdrive.fr/image.ashx?id=2949403&use=l&cat=p&typeid=i","cat":284431},{"id":225,"n":"Couscous Comptoir du Grain Grain moyen - 1kg","p":1.44,"u":"1,44 €/KG","img":"https://fd2-photos.leclercdrive.fr/image.ashx?id=3012794&use=l&cat=p&typeid=i","cat":284429},{"id":229,"n":"Blé précuit Comptoir du Grain Cuisson rapide 10 min - 500g","p":1.54,"u":"3,08 €/KG","img":"https://fd2-photos.leclercdrive.fr/image.ashx?id=3012818&use=l&cat=p&typeid=i","cat":284429},{"id":230,"n":"Pois cassés Notre Jardin 500g","p":1.05,"u":"2,10 €/KG","img":"https://fd2-photos.leclercdrive.fr/image.ashx?id=2983772&use=l&cat=p&typeid=i","cat":284430},{"id":231,"n":"Lentilles vertes Notre Jardin 500g","p":1.63,"u":"3,26 €/KG","img":"https://fd2-photos.leclercdrive.fr/image.ashx?id=2049010&use=l&cat=p&typeid=i","cat":284430},{"id":239,"n":"Soupe Velouté Régal Soupe 10 légumes - 1L","p":1.19,"u":"1,19 €/L","img":"https://fd2-photos.leclercdrive.fr/image.ashx?id=2607350&use=l&cat=p&typeid=i","cat":284462},{"id":240,"n":"Soupe Régal Soupe Poireaux Pommes de terre - 1L","p":1.19,"u":"1,19 €/L","img":"https://fd2-photos.leclercdrive.fr/image.ashx?id=2607356&use=l&cat=p&typeid=i","cat":284462},{"id":241,"n":"Soupe Mouliné Régal Soupe 10 légumes variés - 1L","p":1.08,"u":"1,08 €/L","img":"https://fd2-photos.leclercdrive.fr/image.ashx?id=2607353&use=l&cat=p&typeid=i","cat":284462},{"id":242,"n":"Soupe Velouté Régal Soupe Potiron - 1L","p":1.35,"u":"1,35 €/L","img":"https://fd2-photos.leclercdrive.fr/image.ashx?id=2607446&use=l&cat=p&typeid=i","cat":284462},{"id":255,"n":"Arôme Saveur Maggi 250g","p":1.86,"u":"7,44 €/KG","img":"https://fd2-photos.leclercdrive.fr/image.ashx?id=2671960&use=l&cat=p&typeid=i","cat":288379},{"id":259,"n":"Assaisonnement Liquide KNORR Viandox - 160ml","p":1.46,"pp":1.02,"u":"6,38 €/L","img":"https://fd2-photos.leclercdrive.fr/image.ashx?id=2705215&use=l&cat=p&typeid=i","cat":288383},{"id":267,"n":"Biscuits Petit Ecolier LU Chocolat au lait - 120g","p":2.06,"u":"17,17 €/KG","img":"https://fd2-photos.leclercdrive.fr/image.ashx?id=3014404&use=l&cat=p&typeid=i","cat":284488},{"id":270,"n":"Biscuits Petit Ecolier LU Chocolat noir - 150g","p":1.73,"u":"11,53 €/KG","img":"https://fd2-photos.leclercdrive.fr/image.ashx?id=2944359&use=l&cat=p&typeid=i","cat":284488},{"id":274,"n":"Biscuits Pocket Prince Chocolat - 400g","p":2.23,"u":"5,58 €/KG","img":"https://fd2-photos.leclercdrive.fr/image.ashx?id=3002207&use=l&cat=p&typeid=i","cat":284488},{"id":278,"n":"Biscuits La Barquette Lulu LU Chocolat noisettes - 2x120g","p":2.0,"u":"8,33 €/KG","img":"https://fd2-photos.leclercdrive.fr/image.ashx?id=2135740&use=l&cat=p&typeid=i","cat":284488},{"id":283,"n":"Biscuit Petit beurre P'tit Déli Chocolat au lait pocket - 250g","p":2.25,"u":"9,00 €/KG","img":"https://fd2-photos.leclercdrive.fr/image.ashx?id=2919589&use=l&cat=p&typeid=i","cat":284488},{"id":284,"n":"Biscuits P'tit Déli ronds Chocolat lait 200g","p":1.22,"u":"6,10 €/KG","img":"https://fd2-photos.leclercdrive.fr/image.ashx?id=2884210&use=l&cat=p&typeid=i","cat":284488},{"id":286,"n":"Biscuits barquette P'tit Déli Chocolat et noisette x18 - 120g","p":0.89,"u":"7,42 €/KG","img":"https://fd2-photos.leclercdrive.fr/image.ashx?id=2705065&use=l&cat=p&typeid=i","cat":284488},{"id":288,"n":"Gaufrettes P'tit Déli  Enrobées chocolat 150g","p":1.59,"u":"10,60 €/KG","img":"https://fd2-photos.leclercdrive.fr/image.ashx?id=2965416&use=l&cat=p&typeid=i","cat":284488},{"id":289,"n":"Mini goûters P'tit Déli Chocolat 168g","p":1.13,"u":"6,73 €/KG","img":"https://fd2-photos.leclercdrive.fr/image.ashx?id=2321941&use=l&cat=p&typeid=i","cat":284488},{"id":290,"n":"Biscuits P'tit Déli Bâtonnets Chocolat 150g","p":1.19,"u":"7,93 €/KG","img":"https://fd2-photos.leclercdrive.fr/image.ashx?id=2470189&use=l&cat=p&typeid=i","cat":284488},{"id":291,"n":"Goûter Moelleux P'tit Déli  Lait et cacao x10 420g","p":2.81,"u":"6,69 €/KG","img":"https://fd2-photos.leclercdrive.fr/image.ashx?id=2610684&use=l&cat=p&typeid=i","cat":284495},{"id":292,"n":"Biscuits fourrés P'tit Déli Coeur fondant chocolat - 225g","p":1.26,"u":"5,60 €/KG","img":"https://fd2-photos.leclercdrive.fr/image.ashx?id=2637634&use=l&cat=p&typeid=i","cat":284488},{"id":296,"n":"Biscuits La Barquette Lulu LU Fraise - 2x120g","p":2.02,"u":"8,42 €/KG","img":"https://fd2-photos.leclercdrive.fr/image.ashx?id=3001952&use=l&cat=p&typeid=i","cat":284489},{"id":298,"n":"Gâteaux moelleux Lulu LU Coqueline Fraise - 165g","p":1.34,"u":"8,12 €/KG","img":"https://fd2-photos.leclercdrive.fr/image.ashx?id=2977252&use=l&cat=p&typeid=i","cat":284495},{"id":304,"n":"Génoises fourrées P'tit Déli - 150g","p":1.39,"u":"9,27 €/KG","img":"https://fd2-photos.leclercdrive.fr/image.ashx?id=2470192&use=l&cat=p&typeid=i","cat":284489},{"id":313,"n":"Biscuits palmiers P'tit Déli 100g","p":0.59,"u":"5,90 €/KG","img":"https://fd2-photos.leclercdrive.fr/image.ashx?id=2940896&use=l&cat=p&typeid=i","cat":284487},{"id":314,"n":"Biscuits langue chat P'tit Déli 200g","p":1.28,"u":"6,40 €/KG","img":"https://fd2-photos.leclercdrive.fr/image.ashx?id=1875827&use=l&cat=p&typeid=i","cat":284487},{"id":315,"n":"Biscuits cigarettes P'tit Déli Fines 180g","p":0.94,"u":"5,22 €/KG","img":"https://fd2-photos.leclercdrive.fr/image.ashx?id=2907039&use=l&cat=p&typeid=i","cat":284487},{"id":316,"n":"Palets bretons P'tit Déli 125g","p":0.97,"u":"7,76 €/KG","img":"https://fd2-photos.leclercdrive.fr/image.ashx?id=2809650&use=l&cat=p&typeid=i","cat":284487},{"id":323,"n":"Gâteaux Mini roulés Pépito Chocolat - 150g","p":1.72,"u":"11,47 €/KG","img":"https://fd2-photos.leclercdrive.fr/image.ashx?id=2331898&use=l&cat=p&typeid=i","cat":284495},{"id":327,"n":"Biscuits P'tit Déli Cookies Chocolat nougatine 200g","p":1.35,"u":"6,75 €/KG","img":"https://fd2-photos.leclercdrive.fr/image.ashx?id=2900022&use=l&cat=p&typeid=i","cat":325066},{"id":345,"n":"Pain de mie Harrys - Nature Longue conservation - 250g","p":0.79,"u":"3,16 €/KG","img":"https://fd2-photos.leclercdrive.fr/image.ashx?id=2507976&use=l&cat=p&typeid=i","cat":284477},{"id":349,"n":"Pain de mie nature Epi d'Or Classique - 500g","p":1.19,"u":"2,38 €/KG","img":"https://fd2-photos.leclercdrive.fr/image.ashx?id=2615582&use=l&cat=p&typeid=i","cat":284477},{"id":350,"n":"Pain de mie nature Epi d'Or Grandes tranches - 550g","p":1.09,"u":"1,98 €/KG","img":"https://fd2-photos.leclercdrive.fr/image.ashx?id=2860700&use=l&cat=p&typeid=i","cat":284477},{"id":361,"n":"Brioche tranchée Epi d'Or Nature - 500g","p":1.65,"u":"3,30 €/KG","img":"https://fd2-photos.leclercdrive.fr/image.ashx?id=2860694&use=l&cat=p&typeid=i","cat":284478},{"id":362,"n":"Briochettes Epi d'Or Nature x12 - 480g","p":1.49,"u":"3,10 €/KG","img":"https://fd2-photos.leclercdrive.fr/image.ashx?id=2860709&use=l&cat=p&typeid=i","cat":284478},{"id":363,"n":"Pains au lait Epi d'Or x10 - 350g","p":1.19,"u":"3,40 €/KG","img":"https://fd2-photos.leclercdrive.fr/image.ashx?id=2860688&use=l&cat=p&typeid=i","cat":293505},{"id":364,"n":"Pains au chocolat Epi d'Or x8 - 360g","p":1.89,"u":"5,25 €/KG","img":"https://fd2-photos.leclercdrive.fr/image.ashx?id=2860691&use=l&cat=p&typeid=i","cat":296366},{"id":368,"n":"Madeleine P'tit Déli coquilles Sachet 1kg","p":3.4,"u":"3,40 €/KG","img":"https://fd2-photos.leclercdrive.fr/image.ashx?id=2999493&use=l&cat=p&typeid=i","cat":284492},{"id":369,"n":"Marbré P'tit Déli 300g","p":1.89,"u":"6,30 €/KG","img":"https://fd2-photos.leclercdrive.fr/image.ashx?id=2562698&use=l&cat=p&typeid=i","cat":294776},{"id":376,"n":"Biscottes Cracotte LU  Froment - 250g","p":1.47,"u":"5,88 €/KG","img":"https://fd2-photos.leclercdrive.fr/image.ashx?id=3002006&use=l&cat=p&typeid=i","cat":284479},{"id":378,"n":"Biscottes Cracotte LU  Céréales complètes - 250g","p":1.85,"u":"7,40 €/KG","img":"https://fd2-photos.leclercdrive.fr/image.ashx?id=3002012&use=l&cat=p&typeid=i","cat":284479},{"id":379,"n":"Biscottes fourrées Cracotte Lu Chocolat - 200g","p":1.58,"u":"7,90 €/KG","img":"https://fd2-photos.leclercdrive.fr/image.ashx?id=2849704&use=l&cat=p&typeid=i","cat":284479},{"id":382,"n":"Biscottes Epi d'Or 6 céréales x36 - 300g","p":1.22,"u":"4,07 €/KG","img":"https://fd2-photos.leclercdrive.fr/image.ashx?id=2532832&use=l&cat=p&typeid=i","cat":284479},{"id":384,"n":"Biscottes Epi d'Or froment x36 - 300g","p":1.37,"u":"4,57 €/KG","img":"https://fd2-photos.leclercdrive.fr/image.ashx?id=2634854&use=l&cat=p&typeid=i","cat":284479},{"id":388,"n":"Tartines craquantes Epi d'Or  Froment - 250g","p":1.05,"u":"4,20 €/KG","img":"https://fd2-photos.leclercdrive.fr/image.ashx?id=2856121&use=l&cat=p&typeid=i","cat":284479},{"id":399,"n":"Café moulu Plantation Intense et aromatique - 2x250g","p":6.8,"u":"13,60 €/KG","img":"https://fd2-photos.leclercdrive.fr/image.ashx?id=2607398&use=l&cat=p&typeid=i","cat":284750},{"id":401,"n":"Café moulu Plantation  Brésil - 2x250g","p":7.19,"u":"14,38 €/KG","img":"https://fd2-photos.leclercdrive.fr/image.ashx?id=2824247&use=l&cat=p&typeid=i","cat":284750},{"id":405,"n":"Café Soluble Nescafé Spécial Filtre Original - 200g","p":7.93,"u":"39,65 €/KG","img":"https://fd2-photos.leclercdrive.fr/image.ashx?id=2837154&use=l&cat=p&typeid=i","cat":284843},{"id":407,"n":"Café et Chicorée Soluble Ricoré Lait - 400g","p":6.11,"u":"15,28 €/KG","img":"https://fd2-photos.leclercdrive.fr/image.ashx?id=2979617&use=l&cat=p&typeid=i","cat":284843},{"id":435,"n":"Infusion Tiséa Tilleul Menthe - x25","p":1.05,"u":"26,25 €/KG","img":"https://fd2-photos.leclercdrive.fr/image.ashx?id=2481748&use=l&cat=p&typeid=i","cat":293234},{"id":436,"n":"Infusion Tiséa Verveine - x25","p":0.92,"u":"23,00 €/KG","img":"https://fd2-photos.leclercdrive.fr/image.ashx?id=2900328&use=l&cat=p&typeid=i","cat":293234},{"id":437,"n":"Infusion Tiséa Verveine Orange - x25","p":1.34,"u":"33,50 €/KG","img":"https://fd2-photos.leclercdrive.fr/image.ashx?id=2757915&use=l&cat=p&typeid=i","cat":293234},{"id":444,"n":"Lait en poudre Régilait Demi écrémé - 300g","p":2.38,"u":"7,93 €/KG","img":"https://fd2-photos.leclercdrive.fr/image.ashx?id=2110077&use=l&cat=p&typeid=i","cat":299162},{"id":445,"n":"Lait concentré Régilait 4x170g","p":3.51,"u":"5,16 €/KG","img":"https://fd2-photos.leclercdrive.fr/image.ashx?id=2645474&use=l&cat=p&typeid=i","cat":299162},{"id":451,"n":"Confiture Bonne Maman Abricots - 370g","p":1.66,"u":"4,49 €/KG","img":"https://fd2-photos.leclercdrive.fr/image.ashx?id=3001275&use=l&cat=p&typeid=i","cat":284480},{"id":453,"n":"Confiture extra figues NRT De Provence - 315g","p":2.64,"u":"8,38 €/KG","img":"https://fd2-photos.leclercdrive.fr/image.ashx?id=2699801&use=l&cat=p&typeid=i","cat":284480},{"id":456,"n":"Céréales Golden Grahams Nestlé 375g","p":2.29,"u":"6,11 €/KG","img":"https://fd2-photos.leclercdrive.fr/image.ashx?id=2979830&use=l&cat=p&typeid=i","cat":309513},{"id":473,"n":"Céréales Lion Nestlé Caramel et Chocolat - 400g","p":2.63,"u":"6,58 €/KG","img":"https://fd2-photos.leclercdrive.fr/image.ashx?id=2927453&use=l&cat=p&typeid=i","cat":309513},{"id":474,"n":"Céréales Cookie Crisp Nestlé 375g","p":2.32,"u":"6,19 €/KG","img":"https://fd2-photos.leclercdrive.fr/image.ashx?id=2926443&use=l&cat=p&typeid=i","cat":309513},{"id":475,"n":"Céréales Chokella Nestlé Choco Noisette - 350g","p":2.3,"u":"6,57 €/KG","img":"https://fd2-photos.leclercdrive.fr/image.ashx?id=2844766&use=l&cat=p&typeid=i","cat":309513},{"id":486,"n":"Sucre en poudre Saint Louis 1kg","p":1.81,"u":"1,81 €/KG","img":"https://fd2-photos.leclercdrive.fr/image.ashx?id=2624239&use=l&cat=p&typeid=i","cat":284502},{"id":491,"n":"Levure boulangère Francine 30g","p":1.08,"u":"36,00 €/KG","img":"https://fd2-photos.leclercdrive.fr/image.ashx?id=2210083&use=l&cat=p&typeid=i","cat":294686},{"id":492,"n":"Farine fluide Tablier Blanc Sans grumeaux - 1kg","p":0.85,"u":"0,85 €/KG","img":"https://fd2-photos.leclercdrive.fr/image.ashx?id=2832631&use=l&cat=p&typeid=i","cat":284503},{"id":494,"n":"Levure boulangère Alsa Briochin - x5 - 27.5g","p":0.79,"u":"28,21 €/KG","img":"https://fd2-photos.leclercdrive.fr/image.ashx?id=3007906&use=l&cat=p&typeid=i","cat":294686},{"id":495,"n":"Sucre vanilliné Tablier Blanc x10 - 75g","p":0.73,"u":"9,73 €/KG","img":"https://fd2-photos.leclercdrive.fr/image.ashx?id=2487434&use=l&cat=p&typeid=i","cat":284504},{"id":496,"n":"Sucre Vanillé des Isles Alsa x7 - 52.5g","p":2.22,"u":"42,69 €/KG","img":"https://fd2-photos.leclercdrive.fr/image.ashx?id=2965867&use=l&cat=p&typeid=i","cat":294686},{"id":497,"n":"Sucre Vanillé Alsa x12 - 90g","p":2.0,"u":"22,22 €/KG","img":"https://fd2-photos.leclercdrive.fr/image.ashx?id=3004459&use=l&cat=p&typeid=i","cat":294686},{"id":528,"n":"Bonbons Copains Copines Cola acide - 275 g","p":1.53,"u":"5,56 €/KG","img":"https://fd2-photos.leclercdrive.fr/image.ashx?id=2934658&use=l&cat=p&typeid=i","cat":304250},{"id":529,"n":"Bonbons Copains Copines Chocours 200g","p":1.25,"u":"6,25 €/KG","img":"https://fd2-photos.leclercdrive.fr/image.ashx?id=2934649&use=l&cat=p&typeid=i","cat":304250},{"id":546,"n":"Eau minérale naturelle Des Alpes - 6x50cl","p":1.98,"u":"0,66 €/L","img":"https://fd2-photos.leclercdrive.fr/image.ashx?id=2423499&use=l&cat=p&typeid=i","cat":284535},{"id":567,"n":"Eau gazeuse San Pellegrino Minérale naturelle - 6x50cl","p":2.92,"u":"0,97 €/L","img":"https://fd2-photos.leclercdrive.fr/image.ashx?id=2145871&use=l&cat=p&typeid=i","cat":284536},{"id":591,"n":"Sirop Frucci Citron - 75cl","p":1.69,"u":"2,25 €/L","img":"https://fd2-photos.leclercdrive.fr/image.ashx?id=2842214&use=l&cat=p&typeid=i","cat":295020},{"id":592,"n":"Sirop Frucci Grenadine - 75cl","p":1.99,"u":"2,65 €/L","img":"https://fd2-photos.leclercdrive.fr/image.ashx?id=2842220&use=l&cat=p&typeid=i","cat":295020},{"id":593,"n":"Sirop Frucci Pêche - 75cl","p":2.39,"u":"3,19 €/L","img":"https://fd2-photos.leclercdrive.fr/image.ashx?id=2842226&use=l&cat=p&typeid=i","cat":295020},{"id":594,"n":"Sirop Frucci Framboise - 75cl","p":3.52,"u":"4,69 €/L","img":"https://fd2-photos.leclercdrive.fr/image.ashx?id=2909867&use=l&cat=p&typeid=i","cat":295020},{"id":595,"n":"Sirop Frucci Fraise - 75cl","p":2.69,"u":"3,59 €/L","img":"https://fd2-photos.leclercdrive.fr/image.ashx?id=2842232&use=l&cat=p&typeid=i","cat":295020},{"id":596,"n":"Sirop Frucci Cassis - 75cl","p":2.94,"u":"3,92 €/L","img":"https://fd2-photos.leclercdrive.fr/image.ashx?id=722196&use=l&cat=p&typeid=i","cat":295020},{"id":598,"n":"100% Pur jus de tomate Jafaden bouteille plastique -1L","p":2.05,"u":"2,05 €/L","img":"https://fd2-photos.leclercdrive.fr/image.ashx?id=2860682&use=l&cat=p&typeid=i","cat":284523},{"id":612,"n":"100% Pur jus d'orange Jafaden Sans pulpe - 1L","p":2.22,"u":"2,22 €/L","img":"https://fd2-photos.leclercdrive.fr/image.ashx?id=2955620&use=l&cat=p&typeid=i","cat":284521},{"id":613,"n":"Jus d'orange Jafaden A base de concentré - 6x20cl","p":1.99,"u":"1,66 €/L","img":"https://fd2-photos.leclercdrive.fr/image.ashx?id=2751871&use=l&cat=p&typeid=i","cat":284524},{"id":614,"n":"Jus d'orange Jafaden A base de concentré - 1L","p":1.76,"u":"1,76 €/L","img":"https://fd2-photos.leclercdrive.fr/image.ashx?id=2842459&use=l&cat=p&typeid=i","cat":284521},{"id":617,"n":"100% Pur jus d'orange Jafaden  Sans pulpe - 1,5L","p":2.65,"u":"1,77 €/L","img":"https://fd2-photos.leclercdrive.fr/image.ashx?id=2842468&use=l&cat=p&typeid=i","cat":284521},{"id":618,"n":"Nectar d'orange Jafaden Avec pulpe - 1L","p":1.69,"u":"1,69 €/L","img":"https://fd2-photos.leclercdrive.fr/image.ashx?id=2955638&use=l&cat=p&typeid=i","cat":284521},{"id":619,"n":"Nectar orange Jafaden 2L","p":2.52,"u":"1,26 €/L","img":"https://fd2-photos.leclercdrive.fr/image.ashx?id=2955644&use=l&cat=p&typeid=i","cat":284521},{"id":621,"n":"100% Pur jus d'orange Jafaden  Sans pulpe - 2L","p":3.49,"u":"1,75 €/L","img":"https://fd2-photos.leclercdrive.fr/image.ashx?id=2842456&use=l&cat=p&typeid=i","cat":284521},{"id":624,"n":"Pur Jus de pommes NRT De Bretagne - 1L","p":2.53,"u":"2,53 €/L","img":"https://fd2-photos.leclercdrive.fr/image.ashx?id=2590463&use=l&cat=p&typeid=i","cat":284522},{"id":625,"n":"Pur jus raisin Jafaden 1L","p":1.55,"u":"1,55 €/L","img":"https://fd2-photos.leclercdrive.fr/image.ashx?id=2955626&use=l&cat=p&typeid=i","cat":284915},{"id":627,"n":"Jus pamplemousse rose Jafaden A base de concentré - 1L","p":1.55,"u":"1,55 €/L","img":"https://fd2-photos.leclercdrive.fr/image.ashx?id=2520005&use=l&cat=p&typeid=i","cat":284914},{"id":630,"n":"Nectar Jafaden Orange banane - 2L","p":3.19,"u":"1,60 €/L","img":"https://fd2-photos.leclercdrive.fr/image.ashx?id=2955680&use=l&cat=p&typeid=i","cat":284915},{"id":632,"n":"Jus ananas Jafaden A base de concentré 1L","p":1.75,"u":"1,75 €/L","img":"https://fd2-photos.leclercdrive.fr/image.ashx?id=2919592&use=l&cat=p&typeid=i","cat":284916},{"id":633,"n":"Jus d'ananas Jafaden Briquettes - 6x20cl","p":2.7,"u":"2,25 €/L","img":"https://fd2-photos.leclercdrive.fr/image.ashx?id=2869775&use=l&cat=p&typeid=i","cat":284524},{"id":638,"n":"Jus multifruits Jafaden 1L","p":1.89,"u":"1,89 €/L","img":"https://fd2-photos.leclercdrive.fr/image.ashx?id=2916659&use=l&cat=p&typeid=i","cat":285435},{"id":655,"n":"Soda Jean's Cola Bouteille - 1,5L","p":1.12,"u":"0,75 €/L","img":"https://fd2-photos.leclercdrive.fr/image.ashx?id=2637826&use=l&cat=p&typeid=i","cat":284530},{"id":657,"n":"Soda Jean's Cola allégé Bouteille - 1,5L","p":0.87,"u":"0,58 €/L","img":"https://fd2-photos.leclercdrive.fr/image.ashx?id=2874681&use=l&cat=p&typeid=i","cat":284530},{"id":668,"n":"Limonade artisanale NRT 1L","p":2.75,"u":"2,75 €/L","img":"https://fd2-photos.leclercdrive.fr/image.ashx?id=2699789&use=l&cat=p&typeid=i","cat":284531},{"id":682,"n":"Soda Pulp'Orange Bouteille - 1,5L","p":1.47,"u":"0,98 €/L","img":"https://fd2-photos.leclercdrive.fr/image.ashx?id=2922382&use=l&cat=p&typeid=i","cat":284532},{"id":689,"n":"Thé glacé Fresh Tea Pêche - Canette -  6x33cl","p":2.49,"u":"1,26 €/L","img":"https://fd2-photos.leclercdrive.fr/image.ashx?id=2622239&use=l&cat=p&typeid=i","cat":295019},{"id":726,"n":"Bière blonde Amsterdam  Maximator 11.6% vol. - 50cl","p":1.79,"u":"3,58 €/L","img":"https://fd2-photos.leclercdrive.fr/image.ashx?id=2190897&use=l&cat=p&typeid=i","cat":334853},{"id":731,"n":"Bière blonde forte Falsbourg Canette - 8%vol. - 50cl","p":0.98,"u":"1,96 €/L","img":"https://fd2-photos.leclercdrive.fr/image.ashx?id=1907450&use=l&cat=p&typeid=i","cat":334853},{"id":733,"n":"Whisky Bourbon Four Roses 40% vol - 70cl","p":20.5,"u":"29,29 €/L","img":"https://fd2-photos.leclercdrive.fr/image.ashx?id=2989417&use=l&cat=p&typeid=i","cat":284547},{"id":737,"n":"Rhum blanc Lagoa 40%vol - 70cl","p":9.99,"u":"14,27 €/L","img":"https://fd2-photos.leclercdrive.fr/image.ashx?id=2966466&use=l&cat=p&typeid=i","cat":284550},{"id":741,"n":"IGP Pays d'Oc Chardonnay Blanc Vieux Carion 13% vol -75 cl","p":2.75,"u":"3,67 €/L","img":"https://fd2-photos.leclercdrive.fr/image.ashx?id=2874690&use=l&cat=p&typeid=i","cat":289557},{"id":742,"n":"AOP Cabernet d'Anjou vin rosé Les Caractères - BIB 3L - 11%","p":13.49,"u":"4,50 €/L","img":"https://fd2-photos.leclercdrive.fr/image.ashx?id=2940902&use=l&cat=p&typeid=i","cat":289560},{"id":744,"n":"Cidre bouché Les Goelleries Breton brut 5%vol. - 75cl","p":1.99,"u":"2,65 €/L","img":"https://fd2-photos.leclercdrive.fr/image.ashx?id=2842184&use=l&cat=p&typeid=i","cat":334880},{"id":749,"n":"Camembert Les Croisés 20%MG - 250g","p":1.53,"u":"6,12 €/KG","img":"https://fd2-photos.leclercdrive.fr/image.ashx?id=2974759&use=l&cat=p&typeid=i","cat":314033},{"id":750,"n":"Camembert de Pays Les Croisés 21% mg - 250 gr","p":1.75,"u":"7,00 €/KG","img":"https://fd2-photos.leclercdrive.fr/image.ashx?id=2974795&use=l&cat=p&typeid=i","cat":314033},{"id":751,"n":"Coulommiers Les Croisés Tendre/Onctueux - 24%mg - 350g","p":2.15,"u":"6,14 €/KG","img":"https://fd2-photos.leclercdrive.fr/image.ashx?id=2974768&use=l&cat=p&typeid=i","cat":314033},{"id":752,"n":"Petit Brie Les Croisés 32% matière grasse - 500g","p":4.31,"u":"8,62 €/KG","img":"https://fd2-photos.leclercdrive.fr/image.ashx?id=2974792&use=l&cat=p&typeid=i","cat":314033},{"id":753,"n":"Pointe de Brie Les Croisés 32% mg - 200g","p":1.45,"u":"7,25 €/KG","img":"https://fd2-photos.leclercdrive.fr/image.ashx?id=2974771&use=l&cat=p&typeid=i","cat":314033},{"id":754,"n":"Fromage Les Croisés Coeur Crème Lait pasteurisé 33%mg - 300g","p":2.29,"u":"7,63 €/KG","img":"https://fd2-photos.leclercdrive.fr/image.ashx?id=2625068&use=l&cat=p&typeid=i","cat":314033},{"id":757,"n":"Fromage Comté Entremont 32 %mg - 350g","p":5.28,"u":"15,09 €/KG","img":"https://fd2-photos.leclercdrive.fr/image.ashx?id=2983147&use=l&cat=p&typeid=i","cat":314034},{"id":760,"n":"Emmental fromage bloc Les Croisés - 250g","p":2.24,"u":"8,96 €/KG","img":"https://fd2-photos.leclercdrive.fr/image.ashx?id=2904550&use=l&cat=p&typeid=i","cat":314034},{"id":764,"n":"Fromage Bleu Les Croisés Lait pasteurisé 31% mg - 250g","p":2.29,"u":"9,16 €/KG","img":"https://fd2-photos.leclercdrive.fr/image.ashx?id=2642100&use=l&cat=p&typeid=i","cat":314032},{"id":768,"n":"Fromage de chèvre Les Croisés Lait pasteurisé 22%mg - 180g","p":2.29,"u":"12,72 €/KG","img":"https://fd2-photos.leclercdrive.fr/image.ashx?id=2048615&use=l&cat=p&typeid=i","cat":314031},{"id":769,"n":"Fromage de Brebis Les Croisés -Tranche - 200g","p":2.22,"u":"11,10 €/KG","img":"https://fd2-photos.leclercdrive.fr/image.ashx?id=2237499&use=l&cat=p&typeid=i","cat":314031},{"id":785,"n":"Rondelé ail et fines herbes 125g","p":1.71,"u":"13,68 €/KG","img":"https://fd2-photos.leclercdrive.fr/image.ashx?id=2967756&use=l&cat=p&typeid=i","cat":314029},{"id":786,"n":"Chaussée aux Moines 450g","p":4.02,"u":"8,93 €/KG","img":"https://fd2-photos.leclercdrive.fr/image.ashx?id=2771166&use=l&cat=p&typeid=i","cat":329184},{"id":787,"n":"Fromage L'Ortolan  Fromagerie Milleret - 250g","p":2.37,"u":"9,48 €/KG","img":"https://fd2-photos.leclercdrive.fr/image.ashx?id=2450913&use=l&cat=p&typeid=i","cat":314033},{"id":795,"n":"Fromage Brique Les Croisés Lait pasteurisé 60%mg - 200g","p":1.74,"u":"8,70 €/KG","img":"https://fd2-photos.leclercdrive.fr/image.ashx?id=2615804&use=l&cat=p&typeid=i","cat":314033},{"id":796,"n":"Fromage raclette Les Croisés Tranchette lait pasteurisé 400g","p":3.89,"u":"9,73 €/KG","img":"https://fd2-photos.leclercdrive.fr/image.ashx?id=2791704&use=l&cat=p&typeid=i","cat":314037},{"id":800,"n":"Mozzarella Les Croisés - 125g","p":0.93,"u":"7,44 €/KG","img":"https://fd2-photos.leclercdrive.fr/image.ashx?id=2129990&use=l&cat=p&typeid=i","cat":314026},{"id":806,"n":"Emmental fromage rapé Les Croisés - 500g","p":3.99,"u":"7,98 €/KG","img":"https://fd2-photos.leclercdrive.fr/image.ashx?id=2832903&use=l&cat=p&typeid=i","cat":314035},{"id":807,"n":"Emmental fromage rapé Les Croisés - 200g","p":1.65,"u":"8,25 €/KG","img":"https://fd2-photos.leclercdrive.fr/image.ashx?id=2949409&use=l&cat=p&typeid=i","cat":314035},{"id":808,"n":"Emmental fromage rapé Les Croisés - 100g","p":1.1,"u":"11,00 €/KG","img":"https://fd2-photos.leclercdrive.fr/image.ashx?id=2893283&use=l&cat=p&typeid=i","cat":314035},{"id":809,"n":"Râpé Parmigiano Reggiano AOP Les Croisés - 60g","p":1.1,"u":"18,33 €/KG","img":"https://fd2-photos.leclercdrive.fr/image.ashx?id=2903944&use=l&cat=p&typeid=i","cat":314035},{"id":810,"n":"Râpé Grana Padano AOP Les Croisés - 100g","p":1.5,"u":"15,00 €/KG","img":"https://fd2-photos.leclercdrive.fr/image.ashx?id=2903935&use=l&cat=p&typeid=i","cat":314035},{"id":816,"n":"Yaourts Délisse Nature - 16x125g","p":2.25,"u":"1,13 €/KG","img":"https://fd2-photos.leclercdrive.fr/image.ashx?id=2974756&use=l&cat=p&typeid=i","cat":284409},{"id":817,"n":"Yaourts Délisse Nature - 12x125g","p":1.85,"u":"1,23 €/KG","img":"https://fd2-photos.leclercdrive.fr/image.ashx?id=2971867&use=l&cat=p&typeid=i","cat":284409},{"id":818,"n":"Yaourts brassés Délisse  Nature - 8x125g","p":1.65,"u":"1,65 €/KG","img":"https://fd2-photos.leclercdrive.fr/image.ashx?id=2742611&use=l&cat=p&typeid=i","cat":284409},{"id":819,"n":"Yaourts brassés Délisse Nature - 16x125g","p":2.99,"u":"1,50 €/KG","img":"https://fd2-photos.leclercdrive.fr/image.ashx?id=3003049&use=l&cat=p&typeid=i","cat":284409},{"id":821,"n":"Yaourts sucrés Délisse Nature - 16x125g","p":2.69,"u":"1,35 €/KG","img":"https://fd2-photos.leclercdrive.fr/image.ashx?id=2591485&use=l&cat=p&typeid=i","cat":284409},{"id":822,"n":"Yaourts à la Grecque Délisse Nature - 4x150g","p":1.29,"u":"2,15 €/KG","img":"https://fd2-photos.leclercdrive.fr/image.ashx?id=2699405&use=l&cat=p&typeid=i","cat":314999},{"id":834,"n":"Yaourts La Laitière Fruits pâtissiers - 12x125g","p":4.46,"u":"2,97 €/KG","img":"https://fd2-photos.leclercdrive.fr/image.ashx?id=2578684&use=l&cat=p&typeid=i","cat":314999},{"id":839,"n":"Yaourts crémeux Délisse Panaché de fruits - 16x125g","p":4.32,"u":"2,16 €/KG","img":"https://fd2-photos.leclercdrive.fr/image.ashx?id=2799236&use=l&cat=p&typeid=i","cat":284410},{"id":841,"n":"Yaourts brassés Délisse Panaché de fruits - 16x125g","p":3.26,"u":"1,63 €/KG","img":"https://fd2-photos.leclercdrive.fr/image.ashx?id=2494211&use=l&cat=p&typeid=i","cat":284410},{"id":842,"n":"Yaourts aux fruits Délisse Panaché de fruits - 16x125g","p":3.78,"u":"1,89 €/KG","img":"https://fd2-photos.leclercdrive.fr/image.ashx?id=2609544&use=l&cat=p&typeid=i","cat":284410},{"id":843,"n":"Yaourts Crème Délisse Stracciatella - 4x125g","p":2.04,"u":"4,08 €/KG","img":"https://fd2-photos.leclercdrive.fr/image.ashx?id=2117120&use=l&cat=p&typeid=i","cat":314999},{"id":854,"n":"Yaourts allégés Sveltesse   Vanille - 8x125g","p":3.29,"u":"3,29 €/KG","img":"https://fd2-photos.leclercdrive.fr/image.ashx?id=2456681&use=l&cat=p&typeid=i","cat":315000},{"id":856,"n":"Yaourts Fruits 0% Déli'light Fruits panachés - 16x125g","p":3.82,"u":"1,91 €/KG","img":"https://fd2-photos.leclercdrive.fr/image.ashx?id=2387313&use=l&cat=p&typeid=i","cat":315000},{"id":871,"n":"Yaourts à boire DéliUp' Délisse Nature - 10x100g","p":2.85,"u":"2,85 €/KG","img":"https://fd2-photos.leclercdrive.fr/image.ashx?id=1713612&use=l&cat=p&typeid=i","cat":284415},{"id":872,"n":"Actifidus Delisse Nature - 12x125g","p":2.23,"u":"1,49 €/KG","img":"https://fd2-photos.leclercdrive.fr/image.ashx?id=2452666&use=l&cat=p&typeid=i","cat":315000},{"id":879,"n":"Fromage blanc sous mousse  Gervita nature - 4x100g","p":1.89,"u":"4,73 €/KG","img":"https://fd2-photos.leclercdrive.fr/image.ashx?id=2746157&use=l&cat=p&typeid=i","cat":284409},{"id":887,"n":"Fromage frais Délisse Fruits panachés 22%mg - 12x50g","p":1.51,"u":"2,52 €/KG","img":"https://fd2-photos.leclercdrive.fr/image.ashx?id=2922491&use=l&cat=p&typeid=i","cat":284414},{"id":890,"n":"Fromage frais Délisse Nature 3,8% MG - 12x60g","p":1.64,"u":"2,28 €/KG","img":"https://fd2-photos.leclercdrive.fr/image.ashx?id=1951840&use=l&cat=p&typeid=i","cat":284409},{"id":892,"n":"Fromage frais Duodélisse Nature - 8x100g","p":2.79,"u":"3,49 €/KG","img":"https://fd2-photos.leclercdrive.fr/image.ashx?id=2387316&use=l&cat=p&typeid=i","cat":284409},{"id":894,"n":"Fromage blanc Délisse Nature 0% MG - 8x100g","p":1.79,"u":"2,24 €/KG","img":"https://fd2-photos.leclercdrive.fr/image.ashx?id=2898817&use=l&cat=p&typeid=i","cat":315000},{"id":895,"n":"Fromage blanc Délisse Nature - 3,1% MG - 8x100g","p":1.79,"u":"2,24 €/KG","img":"https://fd2-photos.leclercdrive.fr/image.ashx?id=3012791&use=l&cat=p&typeid=i","cat":284409},{"id":897,"n":"Fromage blanc Délisse Nature 3.1% MG - 1kg","p":1.97,"u":"1,97 €/KG","img":"https://fd2-photos.leclercdrive.fr/image.ashx?id=3012788&use=l&cat=p&typeid=i","cat":284409},{"id":899,"n":"Dessert Enfant Petits Filous Chocolat - 6x100g","p":2.07,"u":"3,45 €/KG","img":"https://fd2-photos.leclercdrive.fr/image.ashx?id=2878828&use=l&cat=p&typeid=i","cat":284414},{"id":918,"n":"Crème dessert Délisse Café - 4x125g","p":0.89,"u":"1,78 €/KG","img":"https://fd2-photos.leclercdrive.fr/image.ashx?id=2441048&use=l&cat=p&typeid=i","cat":285041},{"id":919,"n":"Crème dessert Délisse Caramel - 4x125g","p":0.91,"u":"1,82 €/KG","img":"https://fd2-photos.leclercdrive.fr/image.ashx?id=2854204&use=l&cat=p&typeid=i","cat":285041},{"id":920,"n":"Crème dessert Délisse Chocolat - 4x125g","p":0.95,"u":"1,90 €/KG","img":"https://fd2-photos.leclercdrive.fr/image.ashx?id=2854207&use=l&cat=p&typeid=i","cat":285041},{"id":921,"n":"Crème dessert Délisse Vanille - 4x125g","p":0.89,"u":"1,78 €/KG","img":"https://fd2-photos.leclercdrive.fr/image.ashx?id=2854210&use=l&cat=p&typeid=i","cat":285041},{"id":922,"n":"Crème dessert Délisse Praliné - 4x125g","p":0.95,"u":"1,90 €/KG","img":"https://fd2-photos.leclercdrive.fr/image.ashx?id=2441066&use=l&cat=p&typeid=i","cat":285041},{"id":923,"n":"Crème dessert Délisse Panaché - 12x125g","p":2.83,"u":"1,89 €/KG","img":"https://fd2-photos.leclercdrive.fr/image.ashx?id=2465211&use=l&cat=p&typeid=i","cat":285041},{"id":924,"n":"Petit pot de crème Délisse Chocolat - 4x100g","p":1.88,"u":"4,70 €/KG","img":"https://fd2-photos.leclercdrive.fr/image.ashx?id=2544967&use=l&cat=p&typeid=i","cat":285041},{"id":925,"n":"Petit pot de crème Délisse Vanille - 4x100g","p":1.74,"u":"4,35 €/KG","img":"https://fd2-photos.leclercdrive.fr/image.ashx?id=2556508&use=l&cat=p&typeid=i","cat":285041},{"id":926,"n":"Petit pot de crème Délisse Noix de coco - 4x100g","p":2.1,"u":"5,25 €/KG","img":"https://fd2-photos.leclercdrive.fr/image.ashx?id=2722387&use=l&cat=p&typeid=i","cat":285041},{"id":927,"n":"Petit pot de crème Délisse Caramel - 4x100g","p":1.85,"u":"4,63 €/KG","img":"https://fd2-photos.leclercdrive.fr/image.ashx?id=2556511&use=l&cat=p&typeid=i","cat":285041},{"id":931,"n":"Dessert Liégeois Délisse Café - 4x100g","p":0.99,"u":"2,48 €/KG","img":"https://fd2-photos.leclercdrive.fr/image.ashx?id=2630881&use=l&cat=p&typeid=i","cat":285042},{"id":932,"n":"Dessert Liégeois Délisse Chocolat - 4x100g","p":1.1,"u":"2,75 €/KG","img":"https://fd2-photos.leclercdrive.fr/image.ashx?id=2636233&use=l&cat=p&typeid=i","cat":285042},{"id":933,"n":"Dessert Liégeois Délisse Chocolat Café - 8x100g","p":2.19,"u":"2,74 €/KG","img":"https://fd2-photos.leclercdrive.fr/image.ashx?id=2630884&use=l&cat=p&typeid=i","cat":285042},{"id":934,"n":"Dessert Liégeois Délisse Chocolat - 12x100g","p":3.14,"u":"2,62 €/KG","img":"https://fd2-photos.leclercdrive.fr/image.ashx?id=2630878&use=l&cat=p&typeid=i","cat":285042},{"id":935,"n":"Dessert Liégeois Délisse Vanille Caramel - 8x100g","p":1.98,"u":"2,48 €/KG","img":"https://fd2-photos.leclercdrive.fr/image.ashx?id=2636236&use=l&cat=p&typeid=i","cat":285042},{"id":936,"n":"Riz au lait Délisse  Vanille - 4x115g","p":1.35,"u":"2,93 €/KG","img":"https://fd2-photos.leclercdrive.fr/image.ashx?id=2489107&use=l&cat=p&typeid=i","cat":284418},{"id":937,"n":"Riz au lait Délisse Rhum Raisin - 4x115g","p":1.69,"u":"3,67 €/KG","img":"https://fd2-photos.leclercdrive.fr/image.ashx?id=2595089&use=l&cat=p&typeid=i","cat":284418},{"id":938,"n":"Gâteaux de semoule Délisse 4x100g","p":2.2,"u":"5,50 €/KG","img":"https://fd2-photos.leclercdrive.fr/image.ashx?id=2544964&use=l&cat=p&typeid=i","cat":284418},{"id":939,"n":"Semoule au lait Délisse Vanille - 4x115g","p":1.09,"u":"2,37 €/KG","img":"https://fd2-photos.leclercdrive.fr/image.ashx?id=2558377&use=l&cat=p&typeid=i","cat":284418},{"id":940,"n":"Gâteaux de riz Délisse 4x100g","p":1.49,"u":"3,73 €/KG","img":"https://fd2-photos.leclercdrive.fr/image.ashx?id=2898820&use=l&cat=p&typeid=i","cat":284418},{"id":941,"n":"Mousse liégeoise Viennois  Chocolat - 8x90g","p":3.13,"u":"4,35 €/KG","img":"https://fd2-photos.leclercdrive.fr/image.ashx?id=2855043&use=l&cat=p&typeid=i","cat":284417},{"id":943,"n":"Mousse Délisse Chocolat noir - 4x60g","p":1.15,"u":"4,79 €/KG","img":"https://fd2-photos.leclercdrive.fr/image.ashx?id=3009493&use=l&cat=p&typeid=i","cat":284417},{"id":944,"n":"Mousse au chocolat Délisse Chocolat au lait - 4x60g","p":1.15,"u":"4,79 €/KG","img":"https://fd2-photos.leclercdrive.fr/image.ashx?id=3009496&use=l&cat=p&typeid=i","cat":284417},{"id":945,"n":"Mousse chocolat Délisse Noir et lait coulis - 8x60g","p":2.25,"u":"4,69 €/KG","img":"https://fd2-photos.leclercdrive.fr/image.ashx?id=3009499&use=l&cat=p&typeid=i","cat":284417},{"id":946,"n":"Mousse Délisse Café - 4x60g","p":1.45,"u":"6,04 €/KG","img":"https://fd2-photos.leclercdrive.fr/image.ashx?id=3009505&use=l&cat=p&typeid=i","cat":284417},{"id":947,"n":"Crème de marron Délisse 4x11,5cl","p":1.55,"u":"3,37 €/L","img":"https://fd2-photos.leclercdrive.fr/image.ashx?id=3009508&use=l&cat=p&typeid=i","cat":284417},{"id":954,"n":"Flan aux oeufs Délisse 4x100g","p":2.96,"u":"7,40 €/KG","img":"https://fd2-photos.leclercdrive.fr/image.ashx?id=2460479&use=l&cat=p&typeid=i","cat":284419},{"id":955,"n":"Ile flottante Délisse Crème anglaise - 4x100g","p":1.89,"u":"4,73 €/KG","img":"https://fd2-photos.leclercdrive.fr/image.ashx?id=2860706&use=l&cat=p&typeid=i","cat":284419},{"id":956,"n":"Baba au rhum Délisse 2x150g","p":1.49,"u":"4,97 €/KG","img":"https://fd2-photos.leclercdrive.fr/image.ashx?id=1871461&use=l&cat=p&typeid=i","cat":284419},{"id":959,"n":"Flan Délisse Vanille Caramel - 4x100g","p":0.79,"u":"1,98 €/KG","img":"https://fd2-photos.leclercdrive.fr/image.ashx?id=2851640&use=l&cat=p&typeid=i","cat":284420},{"id":960,"n":"Flan Délisse Vanille Caramel - 16x100g","p":2.52,"u":"1,58 €/KG","img":"https://fd2-photos.leclercdrive.fr/image.ashx?id=2858977&use=l&cat=p&typeid=i","cat":284420},{"id":965,"n":"Lait demi-écrémé Délisse UHT Bouteille -  50cl","p":0.79,"u":"1,58 €/L","img":"https://fd2-photos.leclercdrive.fr/image.ashx?id=2981855&use=l&cat=p&typeid=i","cat":284377},{"id":966,"n":"Lait entier Délisse UHT - Bouteille : 1L","p":1.29,"u":"1,29 €/L","img":"https://fd2-photos.leclercdrive.fr/image.ashx?id=2981870&use=l&cat=p&typeid=i","cat":285610},{"id":967,"n":"Lait écrémé Délisse UHT - Bouteille : 1L","p":0.99,"u":"0,99 €/L","img":"https://fd2-photos.leclercdrive.fr/image.ashx?id=2617189&use=l&cat=p&typeid=i","cat":284949},{"id":972,"n":"Matin Léger de Lactel Bouteille Sans lactose 1.2% mg - 50cl","p":1.16,"u":"2,32 €/L","img":"https://fd2-photos.leclercdrive.fr/image.ashx?id=2883561&use=l&cat=p&typeid=i","cat":317169},{"id":973,"n":"Lait chèvre demi-écrémé Lactel UHT Bouteille - 1L","p":2.47,"u":"2,47 €/L","img":"https://fd2-photos.leclercdrive.fr/image.ashx?id=3005035&use=l&cat=p&typeid=i","cat":295251},{"id":981,"n":"Beurre Montfleuri Doux - 60% MG - 250g","p":1.96,"u":"7,84 €/KG","img":"https://fd2-photos.leclercdrive.fr/image.ashx?id=2988569&use=l&cat=p&typeid=i","cat":284379},{"id":983,"n":"Beurre Tendre Les Croisés Doux - 82% MG - 250g","p":2.59,"u":"10,36 €/KG","img":"https://fd2-photos.leclercdrive.fr/image.ashx?id=2778015&use=l&cat=p&typeid=i","cat":284379},{"id":985,"n":"Beurre de Bretagne Les Croisés Doux - 82% MG - 500g","p":4.89,"u":"9,78 €/KG","img":"https://fd2-photos.leclercdrive.fr/image.ashx?id=2943605&use=l&cat=p&typeid=i","cat":284379},{"id":988,"n":"Beurre Les Croisés 80% MG  Demi-sel Extra fin - 250g","p":2.39,"u":"9,56 €/KG","img":"https://fd2-photos.leclercdrive.fr/image.ashx?id=2777949&use=l&cat=p&typeid=i","cat":284379},{"id":989,"n":"Beurre Tendre Les Croisés Demi-sel - 80% MG - 250g","p":2.62,"u":"10,48 €/KG","img":"https://fd2-photos.leclercdrive.fr/image.ashx?id=2778006&use=l&cat=p&typeid=i","cat":284379},{"id":990,"n":"Beurre Tendre Les Croisés Doux - 82% MG - 250g","p":2.29,"u":"9,16 €/KG","img":"https://fd2-photos.leclercdrive.fr/image.ashx?id=2839890&use=l&cat=p&typeid=i","cat":284379},{"id":991,"n":"Beurre de Bretagne Les Croisés Demi-sel - 80% MG - 500g","p":4.89,"u":"9,78 €/KG","img":"https://fd2-photos.leclercdrive.fr/image.ashx?id=2943602&use=l&cat=p&typeid=i","cat":284379},{"id":1004,"n":"Crème UHT Elle&Vire Semi-Ep. Si Légère - 4% MG - 3x20cl","p":2.61,"u":"4,35 €/L","img":"https://fd2-photos.leclercdrive.fr/image.ashx?id=2985282&use=l&cat=p&typeid=i","cat":284381},{"id":1005,"n":"Crème Chantilly sucrée Délisse Entière sous pression - 250g","p":1.95,"u":"7,80 €/KG","img":"https://fd2-photos.leclercdrive.fr/image.ashx?id=3002512&use=l&cat=p&typeid=i","cat":284382},{"id":1006,"n":"Crème Chantilly sucrée Délisse Allégée sous pression - 250g","p":1.85,"u":"7,40 €/KG","img":"https://fd2-photos.leclercdrive.fr/image.ashx?id=3002515&use=l&cat=p&typeid=i","cat":284382},{"id":1008,"n":"Crème entière fluide Délisse 30%mg - 3x20cl","p":2.65,"u":"4,42 €/L","img":"https://fd2-photos.leclercdrive.fr/image.ashx?id=2509977&use=l&cat=p&typeid=i","cat":284381},{"id":1009,"n":"Crème légère semi-épaisse   Délisse 18%mg - 3x20cl","p":2.1,"u":"3,50 €/L","img":"https://fd2-photos.leclercdrive.fr/image.ashx?id=3002554&use=l&cat=p&typeid=i","cat":284381},{"id":1010,"n":"Crème entière d'Isigny AOP NRT 40cl","p":2.99,"u":"7,48 €/L","img":"https://fd2-photos.leclercdrive.fr/image.ashx?id=2771022&use=l&cat=p&typeid=i","cat":284381},{"id":1011,"n":"Crème fraîche légère Délisse Epaisse - 15% MG - 20cl","p":0.7,"u":"3,50 €/L","img":"https://fd2-photos.leclercdrive.fr/image.ashx?id=1974248&use=l&cat=p&typeid=i","cat":284381},{"id":1012,"n":"Crème fraîche légère Délisse Epaisse - 15% MG  - 50cl","p":1.55,"u":"3,10 €/L","img":"https://fd2-photos.leclercdrive.fr/image.ashx?id=3002539&use=l&cat=p&typeid=i","cat":284381},{"id":1013,"n":"Crème fraîche entière Délisse Epaisse - 30% MG - 20cl","p":0.86,"u":"4,30 €/L","img":"https://fd2-photos.leclercdrive.fr/image.ashx?id=2013155&use=l&cat=p&typeid=i","cat":284381},{"id":1014,"n":"Crème fraîche entière Délisse Epaisse - 30% MG- 50cl","p":1.95,"u":"3,90 €/L","img":"https://fd2-photos.leclercdrive.fr/image.ashx?id=3002524&use=l&cat=p&typeid=i","cat":284381},{"id":1019,"n":"Jambon Italien Saint Azay x6 - 100g","p":1.75,"u":"17,50 €/KG","img":"https://fd2-photos.leclercdrive.fr/image.ashx?id=2466871&use=l&cat=p&typeid=i","cat":316007},{"id":1021,"n":"Rosette de lyon Saint Azay 10 tranches - 100g","p":2.99,"u":"29,90 €/KG","img":"https://fd2-photos.leclercdrive.fr/image.ashx?id=2114415&use=l&cat=p&typeid=i","cat":316007},{"id":1022,"n":"Bacon Saint Azay x15 - 150g","p":1.79,"u":"11,93 €/KG","img":"https://fd2-photos.leclercdrive.fr/image.ashx?id=2974957&use=l&cat=p&typeid=i","cat":316007},{"id":1027,"n":"Plateau charcuteries Alsace NRT 200g","p":2.04,"u":"10,20 €/KG","img":"https://fd2-photos.leclercdrive.fr/image.ashx?id=2991479&use=l&cat=p&typeid=i","cat":316012},{"id":1029,"n":"Mini saucissons secs Saint Azay Nature - 75g","p":1.29,"u":"17,20 €/KG","img":"https://fd2-photos.leclercdrive.fr/image.ashx?id=2943617&use=l&cat=p&typeid=i","cat":316006},{"id":1030,"n":"Mini Saucissons secs Saint Azay Aux noix - 75g","p":1.35,"u":"18,00 €/KG","img":"https://fd2-photos.leclercdrive.fr/image.ashx?id=2943620&use=l&cat=p&typeid=i","cat":316006},{"id":1032,"n":"Saucisse sèche Saint Azay Qualité supérieure - 300g","p":3.46,"u":"11,53 €/KG","img":"https://fd2-photos.leclercdrive.fr/image.ashx?id=2859152&use=l&cat=p&typeid=i","cat":316006},{"id":1033,"n":"Chorizo Doux Saint Azay 225g","p":1.89,"u":"8,40 €/KG","img":"https://fd2-photos.leclercdrive.fr/image.ashx?id=2293375&use=l&cat=p&typeid=i","cat":316006},{"id":1034,"n":"Chorizo Fort Saint Azay 225g","p":1.89,"u":"8,40 €/KG","img":"https://fd2-photos.leclercdrive.fr/image.ashx?id=2293378&use=l&cat=p&typeid=i","cat":316006},{"id":1035,"n":"Chorizo Extra Fort Saint Azay 225g","p":1.89,"u":"8,40 €/KG","img":"https://fd2-photos.leclercdrive.fr/image.ashx?id=2753466&use=l&cat=p&typeid=i","cat":316006},{"id":1039,"n":"Jambon Tranché Fin FleuryMichon à l'italienne x4 - 120g","p":2.35,"u":"19,58 €/KG","img":"https://fd2-photos.leclercdrive.fr/image.ashx?id=2889304&use=l&cat=p&typeid=i","cat":316009},{"id":1058,"n":"Jambon serrano IGP Saint Azay 6 tranches - 100g","p":1.69,"u":"16,90 €/KG","img":"https://fd2-photos.leclercdrive.fr/image.ashx?id=2850422&use=l&cat=p&typeid=i","cat":316007},{"id":1069,"n":"Saucisses de Montbéliard IGP NRT - 250g","p":3.19,"u":"12,76 €/KG","img":"https://fd2-photos.leclercdrive.fr/image.ashx?id=2991470&use=l&cat=p&typeid=i","cat":316012},{"id":1070,"n":"Saucisse de Morteau NRT IGP - 350g","p":5.41,"u":"15,46 €/KG","img":"https://fd2-photos.leclercdrive.fr/image.ashx?id=2991464&use=l&cat=p&typeid=i","cat":316012},{"id":1071,"n":"Coppa italienne Saint Azay 10 tranches 100 g","p":1.98,"u":"19,80 €/KG","img":"https://fd2-photos.leclercdrive.fr/image.ashx?id=2665844&use=l&cat=p&typeid=i","cat":316007},{"id":1103,"n":"Foie gras de canard entier Pierre de Chaumeyrac - 180g","p":15.48,"u":"86,00 €/KG","img":"https://fd2-photos.leclercdrive.fr/image.ashx?id=2025500&use=l&cat=p&typeid=i","cat":316008},{"id":1105,"n":"Carottes râpées Menu Fraîcheur  Assaisonnées - 500g","p":1.02,"u":"2,04 €/KG","img":"https://fd2-photos.leclercdrive.fr/image.ashx?id=2850811&use=l&cat=p&typeid=i","cat":333657},{"id":1106,"n":"Céleri Menu Fraîcheur  Rémoulade - 300g","p":0.99,"u":"3,30 €/KG","img":"https://fd2-photos.leclercdrive.fr/image.ashx?id=2819929&use=l&cat=p&typeid=i","cat":333657},{"id":1107,"n":"Taboulé Menu Fraîcheur A l'orientale - 300g","p":0.99,"u":"3,30 €/KG","img":"https://fd2-photos.leclercdrive.fr/image.ashx?id=2816546&use=l&cat=p&typeid=i","cat":333657},{"id":1108,"n":"Taboulé Menu Fraîcheur A l'orientale - 500g","p":1.39,"u":"2,78 €/KG","img":"https://fd2-photos.leclercdrive.fr/image.ashx?id=2816549&use=l&cat=p&typeid=i","cat":333657},{"id":1109,"n":"Taboule Menu Fraîcheur Au poulet - 300g","p":1.39,"u":"4,63 €/KG","img":"https://fd2-photos.leclercdrive.fr/image.ashx?id=2901431&use=l&cat=p&typeid=i","cat":333657},{"id":1115,"n":"Croque-monsieur Côté Croc 2x100g","p":1.36,"u":"6,80 €/KG","img":"https://fd2-photos.leclercdrive.fr/image.ashx?id=2873661&use=l&cat=p&typeid=i","cat":333671},{"id":1117,"n":"Manchons de poulet Côté Croc 250g","p":2.49,"u":"9,96 €/KG","img":"https://fd2-photos.leclercdrive.fr/image.ashx?id=2560467&use=l&cat=p&typeid=i","cat":333685},{"id":1118,"n":"Manchons de poulet Côté Croc Méxicaine - 250g","p":2.49,"u":"9,96 €/KG","img":"https://fd2-photos.leclercdrive.fr/image.ashx?id=2570031&use=l&cat=p&typeid=i","cat":333685},{"id":1119,"n":"Sandwich Côté Snack Rosette - 125g","p":0.99,"u":"7,92 €/KG","img":"https://fd2-photos.leclercdrive.fr/image.ashx?id=2794829&use=l&cat=p&typeid=i","cat":333658},{"id":1120,"n":"Sandwich Côté Snack Jambon beurre - 125g","p":0.99,"u":"7,92 €/KG","img":"https://fd2-photos.leclercdrive.fr/image.ashx?id=2619707&use=l&cat=p&typeid=i","cat":333658},{"id":1121,"n":"Sandwich Côté Snack Jambon emmental - 145g","p":1.19,"u":"8,21 €/KG","img":"https://fd2-photos.leclercdrive.fr/image.ashx?id=2609547&use=l&cat=p&typeid=i","cat":333658},{"id":1122,"n":"Sandwich Côté Snack Jambon fumé oeuf mimosa - 145g","p":1.69,"u":"13,52 €/KG","img":"https://fd2-photos.leclercdrive.fr/image.ashx?id=2609550&use=l&cat=p&typeid=i","cat":333658},{"id":1123,"n":"Sandwich Côté Snack Thon crudités - 145g","p":1.19,"u":"8,21 €/KG","img":"https://fd2-photos.leclercdrive.fr/image.ashx?id=2604969&use=l&cat=p&typeid=i","cat":333658},{"id":1124,"n":"Sandwich Côté Snack Poulet crudités - 145g","p":1.19,"u":"8,21 €/KG","img":"https://fd2-photos.leclercdrive.fr/image.ashx?id=2898239&use=l&cat=p&typeid=i","cat":333658},{"id":1125,"n":"Cordons bleus Côté Croc Dinde - 200g","p":1.95,"u":"9,75 €/KG","img":"https://fd2-photos.leclercdrive.fr/image.ashx?id=2915113&use=l&cat=p&typeid=i","cat":333683},{"id":1126,"n":"Nuggets de poulet Côté Croc x10 - 200g","p":1.52,"u":"7,60 €/KG","img":"https://fd2-photos.leclercdrive.fr/image.ashx?id=2883312&use=l&cat=p&typeid=i","cat":333684},{"id":1127,"n":"Croque Fromage Père Dodu  x2 - 200g","p":1.95,"u":"9,75 €/KG","img":"https://fd2-photos.leclercdrive.fr/image.ashx?id=2956981&use=l&cat=p&typeid=i","cat":333683},{"id":1131,"n":"Escalope Bolognaise Père Dodu  Poulet x2 - 200g","p":2.78,"u":"13,90 €/KG","img":"https://fd2-photos.leclercdrive.fr/image.ashx?id=2956978&use=l&cat=p&typeid=i","cat":333683},{"id":1133,"n":"Nuggets de Poulet Père Dodu  x10 - 200g","p":2.3,"u":"11,50 €/KG","img":"https://fd2-photos.leclercdrive.fr/image.ashx?id=2956972&use=l&cat=p&typeid=i","cat":333684},{"id":1134,"n":"Nuggets de Fromage Père Dodu  x10 - 180g","p":2.38,"u":"13,22 €/KG","img":"https://fd2-photos.leclercdrive.fr/image.ashx?id=2956990&use=l&cat=p&typeid=i","cat":333684},{"id":1135,"n":"Pizza fraîche Turini Jambon fromage - 450g","p":2.39,"u":"5,31 €/KG","img":"https://fd2-photos.leclercdrive.fr/image.ashx?id=2709719&use=l&cat=p&typeid=i","cat":333679},{"id":1136,"n":"Pizza fraîche Turini 4 fromages - 450g","p":2.49,"u":"5,53 €/KG","img":"https://fd2-photos.leclercdrive.fr/image.ashx?id=2967639&use=l&cat=p&typeid=i","cat":333679},{"id":1137,"n":"Pizza Turini Chèvre lardons - 450g","p":2.58,"u":"5,73 €/KG","img":"https://fd2-photos.leclercdrive.fr/image.ashx?id=2727611&use=l&cat=p&typeid=i","cat":333679},{"id":1142,"n":"Ravioli Lustucru Selection  Boeuf - 300g","p":1.8,"u":"6,00 €/KG","img":"https://fd2-photos.leclercdrive.fr/image.ashx?id=2938659&use=l&cat=p&typeid=i","cat":333682},{"id":1144,"n":"Ravioli jambon Turini 300g","p":2.06,"u":"6,87 €/KG","img":"https://fd2-photos.leclercdrive.fr/image.ashx?id=2777997&use=l&cat=p&typeid=i","cat":333682},{"id":1147,"n":"Kit Pâte à pizza Croustipate 600g","p":3.29,"u":"5,48 €/KG","img":"https://fd2-photos.leclercdrive.fr/image.ashx?id=2161651&use=l&cat=p&typeid=i","cat":333681},{"id":1149,"n":"Pâte à pizza Tablier Blanc 260g","p":1.05,"u":"4,04 €/KG","img":"https://fd2-photos.leclercdrive.fr/image.ashx?id=2041773&use=l&cat=p&typeid=i","cat":333681},{"id":1150,"n":"Pâte sablée Tablier Blanc 230g","p":1.09,"u":"4,74 €/KG","img":"https://fd2-photos.leclercdrive.fr/image.ashx?id=2635898&use=l&cat=p&typeid=i","cat":333681},{"id":1151,"n":"Pâte feuilletée Tablier Blanc Au beurre - 230g","p":1.15,"u":"5,00 €/KG","img":"https://fd2-photos.leclercdrive.fr/image.ashx?id=2635895&use=l&cat=p&typeid=i","cat":333681},{"id":1152,"n":"Pâte feuilletée Tablier Blanc Prête à dérouler - 230g","p":0.74,"u":"3,22 €/KG","img":"https://fd2-photos.leclercdrive.fr/image.ashx?id=2635889&use=l&cat=p&typeid=i","cat":333681},{"id":1154,"n":"Lardons de saumon fumé Ronde des Mers - 90g","p":3.6,"u":"40,00 €/KG","img":"https://fd2-photos.leclercdrive.fr/image.ashx?id=2449975&use=l&cat=p&typeid=i","cat":285188},{"id":1163,"n":"Mini blinis Ronde des Mers x16 - 135g","p":0.99,"u":"7,33 €/KG","img":"https://fd2-photos.leclercdrive.fr/image.ashx?id=2079526&use=l&cat=p&typeid=i","cat":285191},{"id":1164,"n":"Bâtonnets surimi Pêche Océan MSC - 400g","p":2.19,"u":"5,48 €/KG","img":"https://fd2-photos.leclercdrive.fr/image.ashx?id=2981840&use=l&cat=p&typeid=i","cat":285189},{"id":1165,"n":"Bâtonnets Surimi Pêche Océan MSC - x30 - 500g","p":2.74,"u":"5,48 €/KG","img":"https://fd2-photos.leclercdrive.fr/image.ashx?id=2953227&use=l&cat=p&typeid=i","cat":285189},{"id":1166,"n":"Miettes de surimi Pêche Océan MSC - 180g","p":1.64,"u":"9,11 €/KG","img":"https://fd2-photos.leclercdrive.fr/image.ashx?id=2981861&use=l&cat=p&typeid=i","cat":285189},{"id":1167,"n":"Oeufs de lompe Ronde des mers Noir - MSC - 100g","p":2.6,"u":"26,00 €/KG","img":"https://fd2-photos.leclercdrive.fr/image.ashx?id=2981843&use=l&cat=p&typeid=i","cat":285191},{"id":1169,"n":"Filets d'anchois Pêche Océan À l'huile d'olive - 105g","p":2.45,"u":"23,33 €/KG","img":"https://fd2-photos.leclercdrive.fr/image.ashx?id=2992504&use=l&cat=p&typeid=i","cat":285190},{"id":1175,"n":"Pizza Cuite sur pierre Turini Saumon crevettes - 400g","p":2.25,"u":"5,63 €/KG","img":"https://fd2-photos.leclercdrive.fr/image.ashx?id=2815217&use=l&cat=p&typeid=i","cat":284256},{"id":1178,"n":"Pizza Cuite sur pierre Volpone  Bolognaise - 400g","p":2.0,"u":"5,00 €/KG","img":"https://fd2-photos.leclercdrive.fr/image.ashx?id=2815208&use=l&cat=p&typeid=i","cat":284256},{"id":1179,"n":"Pizza Royale Turini Cuite au feu de bois - 440g","p":2.15,"u":"4,89 €/KG","img":"https://fd2-photos.leclercdrive.fr/image.ashx?id=2815199&use=l&cat=p&typeid=i","cat":284256},{"id":1180,"n":"Quiche Lorraine Côté Table 400g","p":2.49,"u":"6,23 €/KG","img":"https://fd2-photos.leclercdrive.fr/image.ashx?id=2869778&use=l&cat=p&typeid=i","cat":284257},{"id":1181,"n":"Tarte aux poireaux Côté Table - 400g","p":2.55,"u":"6,38 €/KG","img":"https://fd2-photos.leclercdrive.fr/image.ashx?id=2791710&use=l&cat=p&typeid=i","cat":284257},{"id":1182,"n":"Crêpes Côté Table Jambon fromage x6 - 300g","p":1.99,"u":"6,63 €/KG","img":"https://fd2-photos.leclercdrive.fr/image.ashx?id=2932402&use=l&cat=p&typeid=i","cat":319776},{"id":1183,"n":"Crêpes Côté Table Jambon fromage x20 1kg","p":3.89,"u":"3,89 €/KG","img":"https://fd2-photos.leclercdrive.fr/image.ashx?id=2932405&use=l&cat=p&typeid=i","cat":319776},{"id":1185,"n":"Steaks hachés Charal Pur Bœuf 15% MG 10x100g - 1kg","p":14.7,"u":"14,70 €/KG","img":"https://fd2-photos.leclercdrive.fr/image.ashx?id=2659300&use=l&cat=p&typeid=i","cat":319778},{"id":1186,"n":"Haché Extra Moelleux Charal 10x100g - 1kg","p":12.21,"u":"12,21 €/KG","img":"https://fd2-photos.leclercdrive.fr/image.ashx?id=2731735&use=l&cat=p&typeid=i","cat":319778},{"id":1187,"n":"Haché à l'oignon Charal 10x100g - 1kg","p":8.81,"u":"8,81 €/KG","img":"https://fd2-photos.leclercdrive.fr/image.ashx?id=2741940&use=l&cat=p&typeid=i","cat":319778},{"id":1191,"n":"Poisson Bordelaise Pêche Océan MSC - 400g","p":2.99,"u":"7,48 €/KG","img":"https://fd2-photos.leclercdrive.fr/image.ashx?id=2930081&use=l&cat=p&typeid=i","cat":319788},{"id":1192,"n":"Colin d'Alaska MSC Pêche Océan À l'oseille x2 - 400g","p":3.15,"u":"7,88 €/KG","img":"https://fd2-photos.leclercdrive.fr/image.ashx?id=2930099&use=l&cat=p&typeid=i","cat":319786},{"id":1193,"n":"Pané colin d'Alaska Pêche Océan x15 bâtonnets - MSC - 450g","p":2.27,"u":"5,04 €/KG","img":"https://fd2-photos.leclercdrive.fr/image.ashx?id=2558368&use=l&cat=p&typeid=i","cat":319788},{"id":1194,"n":"Calamars Pêche Océan A la romaine 40/60 - 500g","p":4.45,"u":"8,90 €/KG","img":"https://fd2-photos.leclercdrive.fr/image.ashx?id=2216298&use=l&cat=p&typeid=i","cat":319788},{"id":1196,"n":"Coquilles Saint-Jacques Coté Table - 4x90g","p":4.79,"u":"13,31 €/KG","img":"https://fd2-photos.leclercdrive.fr/image.ashx?id=2625071&use=l&cat=p&typeid=i","cat":319775},{"id":1197,"n":"Paëlla royale Côté Table Fruits de mer poulet 1kg","p":4.07,"u":"4,07 €/KG","img":"https://fd2-photos.leclercdrive.fr/image.ashx?id=2663353&use=l&cat=p&typeid=i","cat":284254},{"id":1200,"n":"Poêlée paysanne Côté Table 900g","p":4.3,"u":"4,78 €/KG","img":"https://fd2-photos.leclercdrive.fr/image.ashx?id=2471670&use=l&cat=p&typeid=i","cat":319823},{"id":1202,"n":"Pâtes Carbonara Côté Table 900g","p":4.18,"u":"4,64 €/KG","img":"https://fd2-photos.leclercdrive.fr/image.ashx?id=2900064&use=l&cat=p&typeid=i","cat":284254},{"id":1211,"n":"Choux fleurs Notre Jardin Fleurettes 1kg","p":1.69,"u":"1,69 €/KG","img":"https://fd2-photos.leclercdrive.fr/image.ashx?id=2900019&use=l&cat=p&typeid=i","cat":319805},{"id":1214,"n":"Haricots verts Notre jardin Très fins 1kg","p":1.82,"u":"1,82 €/KG","img":"https://fd2-photos.leclercdrive.fr/image.ashx?id=2900040&use=l&cat=p&typeid=i","cat":319805},{"id":1216,"n":"Courgettes Notre Jardin Rondelles 1kg","p":1.29,"u":"1,29 €/KG","img":"https://fd2-photos.leclercdrive.fr/image.ashx?id=2873099&use=l&cat=p&typeid=i","cat":319805},{"id":1217,"n":"Epinards Notre Jardin Branches - 1kg","p":1.3,"u":"1,30 €/KG","img":"https://fd2-photos.leclercdrive.fr/image.ashx?id=2873069&use=l&cat=p&typeid=i","cat":319805},{"id":1218,"n":"Epinards Notre Jardin Hâchés - 1kg","p":1.34,"u":"1,34 €/KG","img":"https://fd2-photos.leclercdrive.fr/image.ashx?id=2900034&use=l&cat=p&typeid=i","cat":319805},{"id":1219,"n":"Epinards Notre Jardin Hachés A la crème fraîche - 1kg","p":1.68,"u":"1,68 €/KG","img":"https://fd2-photos.leclercdrive.fr/image.ashx?id=2916656&use=l&cat=p&typeid=i","cat":319805},{"id":1221,"n":"Petits pois carottes Notre Jardin 1kg","p":2.25,"u":"2,25 €/KG","img":"https://fd2-photos.leclercdrive.fr/image.ashx?id=2900052&use=l&cat=p&typeid=i","cat":319805},{"id":1222,"n":"Petits pois Notre Jardin Extra fins 1kg","p":1.89,"u":"1,89 €/KG","img":"https://fd2-photos.leclercdrive.fr/image.ashx?id=2873060&use=l&cat=p&typeid=i","cat":319805},{"id":1223,"n":"Champignons Paris Notre jardin Emincés 1kg","p":1.95,"u":"1,95 €/KG","img":"https://fd2-photos.leclercdrive.fr/image.ashx?id=2873027&use=l&cat=p&typeid=i","cat":319805},{"id":1225,"n":"Légumes Notre Jardin Pour ratatouille 1kg","p":2.35,"u":"2,35 €/KG","img":"https://fd2-photos.leclercdrive.fr/image.ashx?id=2900058&use=l&cat=p&typeid=i","cat":319823},{"id":1226,"n":"Légumes potage Notre Jardin 1kg","p":1.28,"u":"1,28 €/KG","img":"https://fd2-photos.leclercdrive.fr/image.ashx?id=2916647&use=l&cat=p&typeid=i","cat":319805},{"id":1227,"n":"Poêlée de légumes Notre Jardin Méridionale - 1kg","p":2.95,"u":"2,95 €/KG","img":"https://fd2-photos.leclercdrive.fr/image.ashx?id=2803948&use=l&cat=p&typeid=i","cat":319823},{"id":1228,"n":"Poêlée de légumes Notre jardin Champêtre - 1kg","p":2.99,"u":"2,99 €/KG","img":"https://fd2-photos.leclercdrive.fr/image.ashx?id=2832867&use=l&cat=p&typeid=i","cat":319823},{"id":1229,"n":"Poêlée de légumes Notre Jardin Bretonne - 1kg","p":2.61,"u":"2,61 €/KG","img":"https://fd2-photos.leclercdrive.fr/image.ashx?id=2803951&use=l&cat=p&typeid=i","cat":319823},{"id":1238,"n":"Pommes rissolées Pom'lisse 1kg","p":1.56,"u":"1,56 €/KG","img":"https://fd2-photos.leclercdrive.fr/image.ashx?id=2704597&use=l&cat=p&typeid=i","cat":319792},{"id":1239,"n":"Frites allumettes Pom'lisse 1kg","p":1.85,"u":"1,85 €/KG","img":"https://fd2-photos.leclercdrive.fr/image.ashx?id=2699381&use=l&cat=p&typeid=i","cat":319791},{"id":1240,"n":"Frites Pom'lisse 2.5 kg","p":4.55,"u":"1,82 €/KG","img":"https://fd2-photos.leclercdrive.fr/image.ashx?id=2699387&use=l&cat=p&typeid=i","cat":319791},{"id":1242,"n":"Pom'Steak rustique Pom'Lisse Sachet - 1kg","p":2.29,"u":"2,29 €/KG","img":"https://fd2-photos.leclercdrive.fr/image.ashx?id=2704606&use=l&cat=p&typeid=i","cat":319791},{"id":1243,"n":"Frites Pom'lisse Au four - 600g","p":1.15,"u":"1,92 €/KG","img":"https://fd2-photos.leclercdrive.fr/image.ashx?id=2770678&use=l&cat=p&typeid=i","cat":319791},{"id":1244,"n":"Potatoes Pom'lisse Finement épicées - 600g","p":1.16,"u":"1,93 €/KG","img":"https://fd2-photos.leclercdrive.fr/image.ashx?id=2699663&use=l&cat=p&typeid=i","cat":319791},{"id":1245,"n":"Pommes noisettes Pom'lisse 1kg","p":1.88,"u":"1,88 €/KG","img":"https://fd2-photos.leclercdrive.fr/image.ashx?id=2958314&use=l&cat=p&typeid=i","cat":319792},{"id":1246,"n":"Pommes dauphine Pom'lisse 500g","p":1.49,"u":"2,98 €/KG","img":"https://fd2-photos.leclercdrive.fr/image.ashx?id=2851571&use=l&cat=p&typeid=i","cat":319792},{"id":1247,"n":"Pom'rustic Pom'Lisse Sachet 750 gr","p":2.55,"u":"3,40 €/KG","img":"https://fd2-photos.leclercdrive.fr/image.ashx?id=2851574&use=l&cat=p&typeid=i","cat":319792},{"id":1248,"n":"Frites Pom'lisse 1kg","p":1.87,"u":"1,87 €/KG","img":"https://fd2-photos.leclercdrive.fr/image.ashx?id=2699648&use=l&cat=p&typeid=i","cat":319791},{"id":1251,"n":"Crème glacée Eskiss Vanille de Madagascar - 494g","p":1.65,"u":"3,34 €/KG","img":"https://fd2-photos.leclercdrive.fr/image.ashx?id=2982592&use=l&cat=p&typeid=i","cat":284263},{"id":1252,"n":"Glace Smicy Vanille fraise chocolat - 345g","p":2.41,"u":"6,99 €/KG","img":"https://fd2-photos.leclercdrive.fr/image.ashx?id=2951113&use=l&cat=p&typeid=i","cat":285250},{"id":1335,"n":"Liquide vaisselle Visior Citron - 750ml","p":1.2,"u":"1,60 €/L","img":"https://fd2-photos.leclercdrive.fr/image.ashx?id=2930849&use=l&cat=p&typeid=i","cat":284655},{"id":1336,"n":"Liquide vaisselle Visior Ultra Peaux sensibles 500ml","p":0.64,"u":"1,28 €/L","img":"https://fd2-photos.leclercdrive.fr/image.ashx?id=2930855&use=l&cat=p&typeid=i","cat":284655},{"id":1345,"n":"Gants jetables Mamison latex T8 x10","p":1.33,"img":"https://fd2-photos.leclercdrive.fr/image.ashx?id=2742691&use=l&cat=p&typeid=i","cat":284668},{"id":1346,"n":"Eponges Mamison végétales Super absorbantes x3","p":1.17,"u":"0,39 €/P","img":"https://fd2-photos.leclercdrive.fr/image.ashx?id=2458052&use=l&cat=p&typeid=i","cat":284667},{"id":1358,"n":"Nettoyant Gel avec javel Clair 1L","p":1.09,"u":"1,09 €/L","img":"https://fd2-photos.leclercdrive.fr/image.ashx?id=2705062&use=l&cat=p&typeid=i","cat":284907},{"id":1360,"n":"Eau de Javel Clair Parfum Eucalyptus - 2L","p":0.72,"u":"0,36 €/L","img":"https://fd2-photos.leclercdrive.fr/image.ashx?id=2949173&use=l&cat=p&typeid=i","cat":284661},{"id":1376,"n":"Lingettes nettoyantes Clair Sols muguet larges x15","p":1.14,"img":"https://fd2-photos.leclercdrive.fr/image.ashx?id=1733521&use=l&cat=p&typeid=i","cat":325364},{"id":1381,"n":"Dépoussiérant Clair meuble Cire 300ml","p":1.33,"u":"4,43 €/L","img":"https://fd2-photos.leclercdrive.fr/image.ashx?id=2531095&use=l&cat=p&typeid=i","cat":325364},{"id":1385,"n":"Spray nettoyant Vitroclen  Vitrocéramique - 250ml","p":2.42,"u":"9,68 €/L","img":"https://fd2-photos.leclercdrive.fr/image.ashx?id=2263727&use=l&cat=p&typeid=i","cat":325363},{"id":1386,"n":"Nettoyant four Clair 500ml","p":1.53,"u":"3,06 €/L","img":"https://fd2-photos.leclercdrive.fr/image.ashx?id=1695771&use=l&cat=p&typeid=i","cat":325363},{"id":1392,"n":"Blocs wc eau bleue Syphon x2 80g","p":1.12,"u":"14,00 €/KG","img":"https://fd2-photos.leclercdrive.fr/image.ashx?id=2302537&use=l&cat=p&typeid=i","cat":284662},{"id":1398,"n":"Recharge diffuseur électrique Insectivor anti-moustiques - x1","p":2.27,"img":"https://fd2-photos.leclercdrive.fr/image.ashx?id=1938546&use=l&cat=p&typeid=i","cat":298368},{"id":1401,"n":"Barquettes aluminium Elembal x10 0.5L","p":2.56,"img":"https://fd2-photos.leclercdrive.fr/image.ashx?id=2455093&use=l&cat=p&typeid=i","cat":334134},{"id":1402,"n":"Barquettes aluminium Elembal Plates 1L","p":4.4,"img":"https://fd2-photos.leclercdrive.fr/image.ashx?id=1733318&use=l&cat=p&typeid=i","cat":334134},{"id":1403,"n":"Barquettes aluminium Elembal Profondes x10 1L","p":4.3,"img":"https://fd2-photos.leclercdrive.fr/image.ashx?id=1733315&use=l&cat=p&typeid=i","cat":334134},{"id":1404,"n":"Barquettes aluminium Elembal x5 1,5L","p":2.77,"img":"https://fd2-photos.leclercdrive.fr/image.ashx?id=1733309&use=l&cat=p&typeid=i","cat":334134},{"id":1405,"n":"Barquettes aluminium Elembal x5 2L","p":3.46,"img":"https://fd2-photos.leclercdrive.fr/image.ashx?id=2455099&use=l&cat=p&typeid=i","cat":334134},{"id":1407,"n":"Film étirable Elembal 30m","p":1.2,"img":"https://fd2-photos.leclercdrive.fr/image.ashx?id=2431191&use=l&cat=p&typeid=i","cat":334134},{"id":1412,"n":"Sacs congélation Elembal Grand modèle x25","p":1.08,"img":"https://fd2-photos.leclercdrive.fr/image.ashx?id=2169147&use=l&cat=p&typeid=i","cat":334134},{"id":1413,"n":"Sacs congélation Elembal Petit modèle x50","p":1.1,"img":"https://fd2-photos.leclercdrive.fr/image.ashx?id=2158155&use=l&cat=p&typeid=i","cat":334134},{"id":1414,"n":"Sacs poubelle 30L Elembal à liens classiques - x25","p":1.26,"u":"0,05 €/P","img":"https://fd2-photos.leclercdrive.fr/image.ashx?id=2958699&use=l&cat=p&typeid=i","cat":285168},{"id":1415,"n":"Sacs poubelle 130L Elembal à liens classiques - x10","p":4.65,"u":"0,47 €/P","img":"https://fd2-photos.leclercdrive.fr/image.ashx?id=2791743&use=l&cat=p&typeid=i","cat":285168},{"id":1416,"n":"Sacs poubelle 100L Elembal Poignées coulissantes - x10","p":1.62,"u":"0,16 €/P","img":"https://fd2-photos.leclercdrive.fr/image.ashx?id=2791731&use=l&cat=p&typeid=i","cat":285168},{"id":1418,"n":"Sacs poubelle 50L Elembal à liens classiques - x15","p":2.19,"u":"0,15 €/P","img":"https://fd2-photos.leclercdrive.fr/image.ashx?id=2958693&use=l&cat=p&typeid=i","cat":285168},{"id":1419,"n":"Sacs poubelle Elembal 20L x20","p":1.2,"u":"0,06 €/P","img":"https://fd2-photos.leclercdrive.fr/image.ashx?id=2791728&use=l&cat=p&typeid=i","cat":285168},{"id":1420,"n":"Sacs poubelle Elembal 20L A poignées - x30","p":2.08,"u":"0,07 €/P","img":"https://fd2-photos.leclercdrive.fr/image.ashx?id=2791674&use=l&cat=p&typeid=i","cat":285168},{"id":1421,"n":"Sacs poubelle Elembal 30L A poignées - x20","p":2.49,"u":"0,12 €/P","img":"https://fd2-photos.leclercdrive.fr/image.ashx?id=2791677&use=l&cat=p&typeid=i","cat":285168},{"id":1423,"n":"Sacs poubelle 50L Elembal Poignées coulissantes - x15","p":2.31,"u":"0,15 €/P","img":"https://fd2-photos.leclercdrive.fr/image.ashx?id=2958696&use=l&cat=p&typeid=i","cat":285168},{"id":1427,"n":"Gel douche Manava Pétales d'Orient - 250ml","p":1.15,"u":"4,60 €/L","img":"https://fd2-photos.leclercdrive.fr/image.ashx?id=2494214&use=l&cat=p&typeid=i","cat":284594},{"id":1428,"n":"Lait de douche Manava Coeur de vanille - 250ml","p":0.94,"u":"3,76 €/L","img":"https://fd2-photos.leclercdrive.fr/image.ashx?id=2456141&use=l&cat=p&typeid=i","cat":284594},{"id":1433,"n":"Recharge savon mains Manava Crème perles d'oranger - 250ml","p":0.68,"u":"2,72 €/L","img":"https://fd2-photos.leclercdrive.fr/image.ashx?id=2935483&use=l&cat=p&typeid=i","cat":284597},{"id":1464,"n":"Rasoirs jetables Bic 1 Sensitive - x10","p":0.99,"u":"0,10 €/P","img":"https://fd2-photos.leclercdrive.fr/image.ashx?id=2218035&use=l&cat=p&typeid=i","cat":284616},{"id":1473,"n":"Gel à raser Carré Homme Hydratant 200ml","p":1.69,"u":"8,45 €/L","img":"https://fd2-photos.leclercdrive.fr/image.ashx?id=2771582&use=l&cat=p&typeid=i","cat":284617},{"id":1481,"n":"Dentifrice Dentamyl Protection caries - 75ml","p":0.73,"u":"9,73 €/L","img":"https://fd2-photos.leclercdrive.fr/image.ashx?id=2699129&use=l&cat=p&typeid=i","cat":284612},{"id":1482,"n":"Dentifrice enfant Dentamyl Fraise - 3-6 ans - 50ml","p":0.89,"u":"17,80 €/L","img":"https://fd2-photos.leclercdrive.fr/image.ashx?id=2075188&use=l&cat=p&typeid=i","cat":288898},{"id":1488,"n":"Mouchoirs blancs 4 plis Caresse Mouchoirs papier Lotion x12","p":2.28,"u":"0,19 €/P","img":"https://fd2-photos.leclercdrive.fr/image.ashx?id=2572993&use=l&cat=p&typeid=i","cat":284638},{"id":1627,"n":"Lingettes bébé Mots d'Enfants Ultra-douces - x72","p":1.75,"u":"0,02 €/P","img":"https://fd2-photos.leclercdrive.fr/image.ashx?id=3015039&use=l&cat=p&typeid=i","cat":284738},{"id":1629,"n":"Lingettes bébé Mots d'Enfants Sensitive - x63","p":1.32,"u":"0,02 €/P","img":"https://fd2-photos.leclercdrive.fr/image.ashx?id=2856462&use=l&cat=p&typeid=i","cat":284738},{"id":1666,"n":"Feuilles blanches Esquisse A4 80g - 500 feuilles","p":3.99,"img":"https://fd2-photos.leclercdrive.fr/image.ashx?id=2943196&use=l&cat=p&typeid=i","cat":284697},{"id":1684,"n":"Piles Foxter C/LR14 1.5V - x2","p":1.69,"img":"https://fd2-photos.leclercdrive.fr/image.ashx?id=2162168&use=l&cat=p&typeid=i","cat":300572},{"id":1685,"n":"Piles alcalines Foxter D/LR20 - x2","p":1.99,"img":"https://fd2-photos.leclercdrive.fr/image.ashx?id=2162171&use=l&cat=p&typeid=i","cat":300572},{"id":1729,"n":"Croquettes chiens Lydog poulet Petit chien - Poulet - 1kg","p":2.92,"u":"2,92 €/KG","img":"https://fd2-photos.leclercdrive.fr/image.ashx?id=2895762&use=l&cat=p&typeid=i","cat":294526},{"id":1735,"n":"Croquettes chiens Tous Mes Amis Spécial Forme - 10kg","p":12.25,"u":"1,23 €/KG","img":"https://fd2-photos.leclercdrive.fr/image.ashx?id=1972608&use=l&cat=p&typeid=i","cat":284672},{"id":1751,"n":"Croquettes chat Purina One Adulte - Saumon/Céréales - 450g","p":2.44,"u":"5,42 €/KG","img":"https://fd2-photos.leclercdrive.fr/image.ashx?id=2683220&use=l&cat=p&typeid=i","cat":284680},{"id":1753,"n":"Croquettes chat Purina One Adulte - Saumon/Céréales -1.5kg","p":6.61,"u":"4,41 €/KG","img":"https://fd2-photos.leclercdrive.fr/image.ashx?id=2902268&use=l&cat=p&typeid=i","cat":284680},{"id":1755,"n":"Bouchées chiens Lydog Adulte - Boeuf - 4kg","p":7.49,"u":"1,87 €/KG","img":"https://fd2-photos.leclercdrive.fr/image.ashx?id=1936602&use=l&cat=p&typeid=i","cat":284672},{"id":1762,"n":"Croquettes chat Tous mes amis Poulet légumes - 4kg","p":5.76,"u":"1,44 €/KG","img":"https://fd2-photos.leclercdrive.fr/image.ashx?id=2301406&use=l&cat=p&typeid=i","cat":284680},{"id":1763,"n":"Croquettes chat Tous mes amis Boeuf Poulet Légumes - 2kg","p":2.79,"u":"1,40 €/KG","img":"https://fd2-photos.leclercdrive.fr/image.ashx?id=2739724&use=l&cat=p&typeid=i","cat":284680},{"id":1764,"n":"Croquettes chat Tous mes amis Poulet dinde canard olive - 2kg","p":3.62,"u":"1,81 €/KG","img":"https://fd2-photos.leclercdrive.fr/image.ashx?id=2301400&use=l&cat=p&typeid=i","cat":284680},{"id":1765,"n":"Croquettes chat Tous mes amis Saumon & Légumes - 2kg","p":2.79,"u":"1,40 €/KG","img":"https://fd2-photos.leclercdrive.fr/image.ashx?id=2301394&use=l&cat=p&typeid=i","cat":284680},{"id":1769,"n":"Barquette chats Lycat au Foie et Volaille - 100g","p":0.59,"u":"5,90 €/KG","img":"https://fd2-photos.leclercdrive.fr/image.ashx?id=2042415&use=l&cat=p&typeid=i","cat":285286},{"id":1770,"n":"Barquette chats Tous mes amis au Saumon 100g","p":0.58,"u":"5,80 €/KG","img":"https://fd2-photos.leclercdrive.fr/image.ashx?id=1880607&use=l&cat=p&typeid=i","cat":285286},{"id":1772,"n":"Sachet repas chat Tous mes amis Poissons en gelée - 12x100g","p":3.65,"u":"3,04 €/KG","img":"https://fd2-photos.leclercdrive.fr/image.ashx?id=2027592&use=l&cat=p&typeid=i","cat":285286},{"id":1776,"n":"Litière chats Eco+ 7L","p":1.19,"u":"0,17 €/L","img":"https://fd2-photos.leclercdrive.fr/image.ashx?id=2757509&use=l&cat=p&typeid=i","cat":284683},{"id":1786,"n":"Blocs WC Syphon Activ' effect Fraîcheur marine x3","p":1.22,"u":"0,41 €/P","img":"https://fd2-photos.leclercdrive.fr/image.ashx?id=2317294&use=l&cat=p&typeid=i","cat":284662},{"id":1798,"n":"Eponges Multi-usages Mamison grattantes - x3","p":0.89,"u":"0,30 €/P","img":"https://fd2-photos.leclercdrive.fr/image.ashx?id=2202341&use=l&cat=p&typeid=i","cat":284667},{"id":1799,"n":"Haricots verts Notre Jardin Très fins - 3x110g","p":1.83,"u":"5,55 €/KG","img":"https://fd2-photos.leclercdrive.fr/image.ashx?id=2987994&use=l&cat=p&typeid=i","cat":312606},{"id":1801,"n":"Boules inox Mamison x2","p":0.44,"img":"https://fd2-photos.leclercdrive.fr/image.ashx?id=555602&use=l&cat=p&typeid=i","cat":284667},{"id":1802,"n":"Insecticide Insectivor cafards Fourmis araignées 400ml","p":2.49,"u":"6,23 €/L","img":"https://fd2-photos.leclercdrive.fr/image.ashx?id=2843039&use=l&cat=p&typeid=i","cat":298368},{"id":1804,"n":"Asperges vertes miniatures  Notre Jardin - 100g","p":1.49,"u":"14,90 €/KG","img":"https://fd2-photos.leclercdrive.fr/image.ashx?id=2591515&use=l&cat=p&typeid=i","cat":312611},{"id":1806,"n":"Insecticide Insectivor guêpes Mouches moustiques - 400ml","p":2.22,"u":"5,55 €/L","img":"https://fd2-photos.leclercdrive.fr/image.ashx?id=2835008&use=l&cat=p&typeid=i","cat":298368},{"id":1812,"n":"Gel nettoyant wc Syphon 750ml","p":0.66,"u":"0,88 €/L","img":"https://fd2-photos.leclercdrive.fr/image.ashx?id=2067935&use=l&cat=p&typeid=i","cat":284662},{"id":1816,"n":"Déboucheur canalisations Syphon Gel 1L","p":1.39,"u":"1,39 €/L","img":"https://fd2-photos.leclercdrive.fr/image.ashx?id=2202347&use=l&cat=p&typeid=i","cat":284908},{"id":1821,"n":"Confiture Bonne Maman Figues violettes - 370g","p":1.85,"u":"5,00 €/KG","img":"https://fd2-photos.leclercdrive.fr/image.ashx?id=2547477&use=l&cat=p&typeid=i","cat":284480},{"id":1822,"n":"Confiture Bonne Maman Myrtilles - 370g","p":2.75,"u":"7,43 €/KG","img":"https://fd2-photos.leclercdrive.fr/image.ashx?id=2132361&use=l&cat=p&typeid=i","cat":284480},{"id":1825,"n":"Confiture Bonne Maman Cerises griottes - 370g","p":2.27,"u":"6,14 €/KG","img":"https://fd2-photos.leclercdrive.fr/image.ashx?id=2474981&use=l&cat=p&typeid=i","cat":284480},{"id":1826,"n":"Confiture Douceur du Verger Abricots - Allégée - 340g","p":1.05,"u":"3,09 €/KG","img":"https://fd2-photos.leclercdrive.fr/image.ashx?id=2965440&use=l&cat=p&typeid=i","cat":284480},{"id":1828,"n":"Confiture Bonne Maman Framboises - 370g","p":2.39,"u":"6,46 €/KG","img":"https://fd2-photos.leclercdrive.fr/image.ashx?id=2544807&use=l&cat=p&typeid=i","cat":284480},{"id":1833,"n":"Confiture Douceur du Verger Fraises - 340g","p":1.05,"u":"3,09 €/KG","img":"https://fd2-photos.leclercdrive.fr/image.ashx?id=2965428&use=l&cat=p&typeid=i","cat":284480},{"id":1845,"n":"Barres de céréales Frosties Kellogg's - 6x25g","p":1.8,"u":"12,00 €/KG","img":"https://fd2-photos.leclercdrive.fr/image.ashx?id=2300062&use=l&cat=p&typeid=i","cat":285869},{"id":1846,"n":"Compote Douceur du Verger Gourdes Pomme Fraise - 4x90g","p":1.39,"u":"3,86 €/KG","img":"https://fd2-photos.leclercdrive.fr/image.ashx?id=2837024&use=l&cat=p&typeid=i","cat":284508},{"id":1848,"n":"Chocolat au lait Tablette d'Or Lait Noisettes - 3x100g","p":3.64,"u":"12,13 €/KG","img":"https://fd2-photos.leclercdrive.fr/image.ashx?id=3014347&use=l&cat=p&typeid=i","cat":284497},{"id":1850,"n":"Chocolat au lait Tablette d'Or Céréales croustillantes 2x100g","p":2.01,"u":"10,05 €/KG","img":"https://fd2-photos.leclercdrive.fr/image.ashx?id=2555952&use=l&cat=p&typeid=i","cat":284497},{"id":1851,"n":"Chocolat au lait Tablette d'Or 3x100g","p":3.13,"u":"10,43 €/KG","img":"https://fd2-photos.leclercdrive.fr/image.ashx?id=2771508&use=l&cat=p&typeid=i","cat":284497},{"id":1861,"n":"Levure chimique Tablier Blanc x6 sachets","p":0.26,"u":"3,94 €/KG","img":"https://fd2-photos.leclercdrive.fr/image.ashx?id=2487437&use=l&cat=p&typeid=i","cat":294686},{"id":1863,"n":"Soja cuisine fluide Bio Bjorg - 25cl","p":0.85,"u":"3,40 €/L","img":"https://fd2-photos.leclercdrive.fr/image.ashx?id=2970921&use=l&cat=p&typeid=i","cat":316069},{"id":1864,"n":"Chocolat Tablette d'Or Noir amandes entières 200g","p":1.84,"u":"9,20 €/KG","img":"https://fd2-photos.leclercdrive.fr/image.ashx?id=2565616&use=l&cat=p&typeid=i","cat":284956},{"id":1865,"n":"Chocolat Tablette d'Or noir Ecorces d'orange 200g","p":2.45,"u":"12,25 €/KG","img":"https://fd2-photos.leclercdrive.fr/image.ashx?id=2049217&use=l&cat=p&typeid=i","cat":284956},{"id":1867,"n":"Chocolat au lait Tablette d'Or Noisettes entières - 200g","p":2.31,"u":"11,55 €/KG","img":"https://fd2-photos.leclercdrive.fr/image.ashx?id=2580889&use=l&cat=p&typeid=i","cat":284497},{"id":1870,"n":"Tablette de chocolat Equador Noir 85% cacao - 100g","p":1.53,"u":"15,30 €/KG","img":"https://fd2-photos.leclercdrive.fr/image.ashx?id=2840734&use=l&cat=p&typeid=i","cat":284956},{"id":1871,"n":"Céréales mini-pack Kellogg's Multi-variétés - 215g","p":2.67,"u":"12,42 €/KG","img":"https://fd2-photos.leclercdrive.fr/image.ashx?id=3014467&use=l&cat=p&typeid=i","cat":309513},{"id":1872,"n":"Pâte à tartiner Nustikao Gressins 3x60g","p":1.8,"u":"10,00 €/KG","img":"https://fd2-photos.leclercdrive.fr/image.ashx?id=2440703&use=l&cat=p&typeid=i","cat":284488},{"id":1873,"n":"Petits pains grillés Epi d'Or Complet - 225g","p":0.89,"u":"3,96 €/KG","img":"https://fd2-photos.leclercdrive.fr/image.ashx?id=2726491&use=l&cat=p&typeid=i","cat":284479},{"id":1878,"n":"Compote Douceur du Verger Coupelle pomme pêche - 4x100g","p":1.19,"u":"2,98 €/KG","img":"https://fd2-photos.leclercdrive.fr/image.ashx?id=2663464&use=l&cat=p&typeid=i","cat":284508},{"id":1883,"n":"Compote Douceur du Verger Gourdes Pomme Banane - 4x90g","p":1.59,"u":"4,42 €/KG","img":"https://fd2-photos.leclercdrive.fr/image.ashx?id=2837027&use=l&cat=p&typeid=i","cat":284508},{"id":1884,"n":"Compote Douceur du Verger Gourdes Pomme - 4x90g","p":0.99,"u":"2,75 €/KG","img":"https://fd2-photos.leclercdrive.fr/image.ashx?id=2837018&use=l&cat=p&typeid=i","cat":284508},{"id":1885,"n":"Haricots verts Notre Jardin Extra fins - 440g","p":2.58,"u":"5,86 €/KG","img":"https://fd2-photos.leclercdrive.fr/image.ashx?id=1657501&use=l&cat=p&typeid=i","cat":312606},{"id":1886,"n":"Petits pois Notre Jardin A l'étuvée - Extra fins - 560g","p":1.29,"u":"2,30 €/KG","img":"https://fd2-photos.leclercdrive.fr/image.ashx?id=2526267&use=l&cat=p&typeid=i","cat":312607},{"id":1888,"n":"Flageolets verts Notre Jardin Extra fins - 530g","p":1.29,"u":"2,43 €/KG","img":"https://fd2-photos.leclercdrive.fr/image.ashx?id=2050612&use=l&cat=p&typeid=i","cat":312606},{"id":1889,"n":"Macédoine légumes Notre Jardin 3x130g","p":1.75,"u":"4,49 €/KG","img":"https://fd2-photos.leclercdrive.fr/image.ashx?id=2537349&use=l&cat=p&typeid=i","cat":312612},{"id":1890,"n":"Choux Bruxelles Notre Jardin 265g","p":1.29,"u":"4,87 €/KG","img":"https://fd2-photos.leclercdrive.fr/image.ashx?id=2913654&use=l&cat=p&typeid=i","cat":312612},{"id":1895,"n":"Foie de morue Connétable MSC - Fumé - 121g","p":1.89,"u":"15,62 €/KG","img":"https://fd2-photos.leclercdrive.fr/image.ashx?id=2804454&use=l&cat=p&typeid=i","cat":305147},{"id":1897,"n":"Pâté NRT Campagne porc breton - 200g","p":1.91,"u":"9,55 €/KG","img":"https://fd2-photos.leclercdrive.fr/image.ashx?id=2560494&use=l&cat=p&typeid=i","cat":305149},{"id":1898,"n":"Cassoulet Côté Table 840g","p":2.19,"u":"2,61 €/KG","img":"https://fd2-photos.leclercdrive.fr/image.ashx?id=2977096&use=l&cat=p&typeid=i","cat":284440},{"id":1901,"n":"Taboulé Côté Table Etui 730g","p":1.87,"u":"2,56 €/KG","img":"https://fd2-photos.leclercdrive.fr/image.ashx?id=2977093&use=l&cat=p&typeid=i","cat":325094},{"id":1902,"n":"Chips à l'ancienne Pom'Lisse Nature - 150g","p":1.04,"u":"6,93 €/KG","img":"https://fd2-photos.leclercdrive.fr/image.ashx?id=2724829&use=l&cat=p&typeid=i","cat":284447},{"id":1903,"n":"Saucisses cocktail Tokapi  240g","p":1.95,"u":"8,13 €/KG","img":"https://fd2-photos.leclercdrive.fr/image.ashx?id=2943614&use=l&cat=p&typeid=i","cat":284450},{"id":1906,"n":"Huile de tournesol Lesieur  1L","p":2.66,"u":"2,66 €/L","img":"https://fd2-photos.leclercdrive.fr/image.ashx?id=2916839&use=l&cat=p&typeid=i","cat":284453},{"id":1907,"n":"Vinaigre de Xérès AOP Maille 50cl","p":2.82,"u":"5,64 €/L","img":"https://fd2-photos.leclercdrive.fr/image.ashx?id=2769624&use=l&cat=p&typeid=i","cat":298543},{"id":1909,"n":"Olives vertes Rustica Entières - 200g","p":1.24,"u":"6,20 €/KG","img":"https://fd2-photos.leclercdrive.fr/image.ashx?id=2499073&use=l&cat=p&typeid=i","cat":284458},{"id":1913,"n":"Pâtes Barilla Coquillettes - 500g","p":0.97,"u":"1,94 €/KG","img":"https://fd2-photos.leclercdrive.fr/image.ashx?id=2392218&use=l&cat=p&typeid=i","cat":284427},{"id":1925,"n":"Petits beurre P'tit Déli x24 - 200g","p":0.95,"u":"4,75 €/KG","img":"https://fd2-photos.leclercdrive.fr/image.ashx?id=1898886&use=l&cat=p&typeid=i","cat":284487},{"id":1928,"n":"Brioche vendéenne IGP NRT Tressée - 650g","p":4.06,"u":"6,25 €/KG","img":"https://fd2-photos.leclercdrive.fr/image.ashx?id=2679789&use=l&cat=p&typeid=i","cat":284478},{"id":1930,"n":"Quatre-quart P'tit Déli De Bretagne - 800g","p":4.3,"u":"5,38 €/KG","img":"https://fd2-photos.leclercdrive.fr/image.ashx?id=2911799&use=l&cat=p&typeid=i","cat":294776},{"id":1935,"n":"Café Soluble Nescafé Sélection - 200g","p":6.15,"u":"30,75 €/KG","img":"https://fd2-photos.leclercdrive.fr/image.ashx?id=2968847&use=l&cat=p&typeid=i","cat":284843},{"id":1943,"n":"Confiture Bonne Maman Fraises - 750g","p":3.51,"u":"4,68 €/KG","img":"https://fd2-photos.leclercdrive.fr/image.ashx?id=2906073&use=l&cat=p&typeid=i","cat":284480},{"id":1953,"n":"Sucre n°4 Saint Louis Morceaux - 1kg","p":1.95,"u":"1,95 €/KG","img":"https://fd2-photos.leclercdrive.fr/image.ashx?id=2624236&use=l&cat=p&typeid=i","cat":284502},{"id":1955,"n":"Farine de blé T45 Tablier Blanc 1kg","p":0.69,"u":"0,69 €/KG","img":"https://fd2-photos.leclercdrive.fr/image.ashx?id=3001199&use=l&cat=p&typeid=i","cat":284503},{"id":1956,"n":"Compote Douceur du Verger Coupelle pomme banane - 4x100g","p":1.3,"u":"3,25 €/KG","img":"https://fd2-photos.leclercdrive.fr/image.ashx?id=2663461&use=l&cat=p&typeid=i","cat":284508},{"id":1961,"n":"Tablette de chocolat Equador Noir 72% cacao 100g","p":1.39,"u":"13,90 €/KG","img":"https://fd2-photos.leclercdrive.fr/image.ashx?id=2822920&use=l&cat=p&typeid=i","cat":284956},{"id":1962,"n":"Tablette de Chocolat Blanc Galak - 2x100g","p":3.0,"u":"15,00 €/KG","img":"https://fd2-photos.leclercdrive.fr/image.ashx?id=2769618&use=l&cat=p&typeid=i","cat":284957},{"id":1972,"n":"Eau minérale gazeuse Perrier  Bouteilles en verre 8x20cl","p":3.27,"u":"2,04 €/L","img":"https://fd2-photos.leclercdrive.fr/image.ashx?id=2587551&use=l&cat=p&typeid=i","cat":284536},{"id":1975,"n":"Sirop Frucci Menthe - 75cl","p":1.85,"u":"2,47 €/L","img":"https://fd2-photos.leclercdrive.fr/image.ashx?id=2842208&use=l&cat=p&typeid=i","cat":295020},{"id":1980,"n":"Pur Jus d'ananas Jafaden Brique élopack 1L","p":2.09,"u":"2,09 €/L","img":"https://fd2-photos.leclercdrive.fr/image.ashx?id=2955683&use=l&cat=p&typeid=i","cat":284916},{"id":1984,"n":"Thé glacé Fresh Tea Pêche - 2L","p":1.64,"u":"0,82 €/L","img":"https://fd2-photos.leclercdrive.fr/image.ashx?id=2715281&use=l&cat=p&typeid=i","cat":295019},{"id":1989,"n":"Whisky Sir Edward's 40%vol - 70cl","p":12.25,"u":"17,50 €/L","img":"https://fd2-photos.leclercdrive.fr/image.ashx?id=2503371&use=l&cat=p&typeid=i","cat":284547},{"id":1990,"n":"Scotch Whisky Label 5 40%vol - 70cl","p":12.44,"u":"17,77 €/L","img":"https://fd2-photos.leclercdrive.fr/image.ashx?id=2639468&use=l&cat=p&typeid=i","cat":284547},{"id":1995,"n":"Whisky Ballantine's Finest Blended Scotch 40% vol - 70cl","p":15.4,"pp":14.4,"u":"20,57 €/L","img":"https://fd2-photos.leclercdrive.fr/image.ashx?id=2981298&use=l&cat=p&typeid=i","cat":284547},{"id":1997,"n":"Whisky Clan Campbell Blended Scotch 40% vol - 70cl","p":14.02,"u":"20,03 €/L","img":"https://fd2-photos.leclercdrive.fr/image.ashx?id=2868365&use=l&cat=p&typeid=i","cat":284547},{"id":1998,"n":"Whiskey Irlandais Jameson  40% vol - 70cl","p":19.83,"u":"28,33 €/L","img":"https://fd2-photos.leclercdrive.fr/image.ashx?id=2866025&use=l&cat=p&typeid=i","cat":284547},{"id":2000,"n":"Pastis Duval 45%vol - 1L","p":17.61,"u":"17,61 €/L","img":"https://fd2-photos.leclercdrive.fr/image.ashx?id=2659656&use=l&cat=p&typeid=i","cat":284548},{"id":2001,"n":"Pastis Ricard Anisé 45% vol - 1L","p":19.89,"pp":18.89,"u":"18,89 €/L","img":"https://fd2-photos.leclercdrive.fr/image.ashx?id=2947820&use=l&cat=p&typeid=i","cat":284548},{"id":2002,"n":"Pastis de Marseille Vivalis 45%vol - 1L","p":17.02,"u":"17,02 €/L","img":"https://fd2-photos.leclercdrive.fr/image.ashx?id=2699639&use=l&cat=p&typeid=i","cat":284548},{"id":2003,"n":"Vodka premium Eristoff Original 37,5° - 70cl","p":11.88,"u":"16,97 €/L","img":"https://fd2-photos.leclercdrive.fr/image.ashx?id=2850734&use=l&cat=p&typeid=i","cat":284550},{"id":2005,"n":"Vodka Smirnoff 37.5%vol - 70cl","p":13.45,"u":"19,21 €/L","img":"https://fd2-photos.leclercdrive.fr/image.ashx?id=1897294&use=l&cat=p&typeid=i","cat":284550},{"id":2006,"n":"Vodka Novotna  Pure grain 37.5%vol - 70cl","p":10.59,"u":"15,13 €/L","img":"https://fd2-photos.leclercdrive.fr/image.ashx?id=1654441&use=l&cat=p&typeid=i","cat":284550},{"id":2007,"n":"Rhum blanc Bacardi Carta Blanca 37,5° - 70cl","p":14.83,"u":"21,19 €/L","img":"https://fd2-photos.leclercdrive.fr/image.ashx?id=2833933&use=l&cat=p&typeid=i","cat":284550},{"id":2010,"n":"Rhum blanc Old Nick  40%vol - 70cl","p":9.96,"pp":8.96,"u":"12,80 €/L","img":"https://fd2-photos.leclercdrive.fr/image.ashx?id=2483747&use=l&cat=p&typeid=i","cat":284550},{"id":2012,"n":"Rhum ambré Negrita 40%vol - 1L","p":13.86,"u":"13,86 €/L","img":"https://fd2-photos.leclercdrive.fr/image.ashx?id=2519633&use=l&cat=p&typeid=i","cat":284550},{"id":2015,"n":"Liqueur The Original Baileys Irish Cream 17%vol - 70cl","p":12.5,"u":"17,86 €/L","img":"https://fd2-photos.leclercdrive.fr/image.ashx?id=2536059&use=l&cat=p&typeid=i","cat":286032},{"id":2018,"n":"Rhum Lagoa 40%vol - 50cl","p":7.0,"u":"14,00 €/L","img":"https://fd2-photos.leclercdrive.fr/image.ashx?id=2966487&use=l&cat=p&typeid=i","cat":284550},{"id":2019,"n":"Sucre de canne Lagoa 70cl","p":1.65,"u":"2,36 €/L","img":"https://fd2-photos.leclercdrive.fr/image.ashx?id=2966472&use=l&cat=p&typeid=i","cat":284551},{"id":2021,"n":"Apéritif Suze L'Originale 15% vol - 1L","p":9.87,"u":"9,87 €/L","img":"https://fd2-photos.leclercdrive.fr/image.ashx?id=2914462&use=l&cat=p&typeid=i","cat":284913},{"id":2023,"n":"Muscat Guillaume d'Arria 15.5%vol - 75cl","p":6.99,"u":"9,32 €/L","img":"https://fd2-photos.leclercdrive.fr/image.ashx?id=742129&use=l&cat=p&typeid=i","cat":284913},{"id":2024,"n":"Rivesaltes ambré G. d'Arria 16%vol - 75cl","p":4.28,"u":"5,71 €/L","img":"https://fd2-photos.leclercdrive.fr/image.ashx?id=2974735&use=l&cat=p&typeid=i","cat":284913},{"id":2025,"n":"Muscat de Rivesaltes G. d'Arria 15.5%vol - 75cl","p":4.99,"u":"6,65 €/L","img":"https://fd2-photos.leclercdrive.fr/image.ashx?id=2974741&use=l&cat=p&typeid=i","cat":284913},{"id":2028,"n":"AOP Bordeaux rouge Baron de Lestac - 75cl","p":4.14,"u":"5,52 €/L","img":"https://fd2-photos.leclercdrive.fr/image.ashx?id=2471148&use=l&cat=p&typeid=i","cat":289556},{"id":2029,"n":"AOP Bordeaux rouge Malesan - 75 cl","p":4.8,"u":"6,40 €/L","img":"https://fd2-photos.leclercdrive.fr/image.ashx?id=2917432&use=l&cat=p&typeid=i","cat":289556},{"id":2044,"n":"IGP Pays d'Oc Merlot vin rouge Vieux Carion 13% vol -75 cl","p":2.25,"u":"3,00 €/L","img":"https://fd2-photos.leclercdrive.fr/image.ashx?id=2568100&use=l&cat=p&typeid=i","cat":289556},{"id":2045,"n":"IGP Pays d'Oc vin rouge Vieux Carion 12.5% vol -75 cl","p":2.25,"u":"3,00 €/L","img":"https://fd2-photos.leclercdrive.fr/image.ashx?id=2800267&use=l&cat=p&typeid=i","cat":289556},{"id":2049,"n":"IGP Pays d'Oc Gris vin rosé Rives & Terrasses - 75cl -12,5%","p":2.89,"u":"3,85 €/L","img":"https://fd2-photos.leclercdrive.fr/image.ashx?id=2920918&use=l&cat=p&typeid=i","cat":289558},{"id":2051,"n":"IGP Pays d'Oc Syrah vin rosé Vieux Carion 12.5% vol -75 cl","p":2.25,"u":"3,00 €/L","img":"https://fd2-photos.leclercdrive.fr/image.ashx?id=2750135&use=l&cat=p&typeid=i","cat":289558},{"id":2058,"n":"IGP Pays d'Oc Sauvignon Blanc Vieux Carion 12% vol -75 cl","p":2.25,"u":"3,00 €/L","img":"https://fd2-photos.leclercdrive.fr/image.ashx?id=2879937&use=l&cat=p&typeid=i","cat":289557},{"id":2068,"n":"Champagne Moët & Chandon Brut impérial - 75cl","p":38.6,"u":"51,47 €/L","img":"https://fd2-photos.leclercdrive.fr/image.ashx?id=2450775&use=l&cat=p&typeid=i","cat":284542},{"id":2071,"n":"AOP¨Champagne Brut Veuve Clicquot - 75cl","p":42.89,"u":"57,19 €/L","img":"https://fd2-photos.leclercdrive.fr/image.ashx?id=2210924&use=l&cat=p&typeid=i","cat":284542},{"id":2072,"n":"AOP Champagne Mumm Cordon Rouge Brut 12% vol - 75cl","p":28.9,"pp":27.9,"u":"37,20 €/L","img":"https://fd2-photos.leclercdrive.fr/image.ashx?id=3011005&use=l&cat=p&typeid=i","cat":284542},{"id":2073,"n":"AOC Champagne brut rosé Pol Carson - 75cl","p":19.95,"u":"26,60 €/L","img":"https://fd2-photos.leclercdrive.fr/image.ashx?id=2909876&use=l&cat=p&typeid=i","cat":284542},{"id":2074,"n":"AOP Champagne demi-sec blanc Pol Carson - 75cl","p":17.99,"u":"23,99 €/L","img":"https://fd2-photos.leclercdrive.fr/image.ashx?id=1468962&use=l&cat=p&typeid=i","cat":284542},{"id":2075,"n":"AOP Champagne brut Pol Carson - 75cl","p":17.99,"u":"23,99 €/L","img":"https://fd2-photos.leclercdrive.fr/image.ashx?id=2909843&use=l&cat=p&typeid=i","cat":284542},{"id":2078,"n":"Pétillant Gibus pomme Sans alcool 75cl","p":2.39,"u":"3,19 €/L","img":"https://fd2-photos.leclercdrive.fr/image.ashx?id=1887586&use=l&cat=p&typeid=i","cat":289460},{"id":2079,"n":"Cidre bouché Les Goelleries Breton doux 2%vol. - 75cl","p":2.12,"u":"2,83 €/L","img":"https://fd2-photos.leclercdrive.fr/image.ashx?id=2842190&use=l&cat=p&typeid=i","cat":334880},{"id":2082,"n":"AOP Crémant d'Alsace brut Rebmann - 75 cl","p":5.95,"u":"7,93 €/L","img":"https://fd2-photos.leclercdrive.fr/image.ashx?id=2888935&use=l&cat=p&typeid=i","cat":284545},{"id":2087,"n":"Jus de pomme pétillant Champomy L'Original Pomme - 75cl","p":2.72,"u":"3,63 €/L","img":"https://fd2-photos.leclercdrive.fr/image.ashx?id=2688683&use=l&cat=p&typeid=i","cat":289460},{"id":2090,"n":"Emmental fromage bloc Les Croisés - 500g","p":4.19,"u":"8,38 €/KG","img":"https://fd2-photos.leclercdrive.fr/image.ashx?id=2897775&use=l&cat=p&typeid=i","cat":314034},{"id":2092,"n":"Bûche de chèvre Saint-Maure LEs Croisés 25% MG - 200g","p":2.06,"u":"10,30 €/KG","img":"https://fd2-photos.leclercdrive.fr/image.ashx?id=2894719&use=l&cat=p&typeid=i","cat":314031},{"id":2095,"n":"Emmental Fromage râpé Les Croisés - 3x70g","p":1.89,"u":"9,00 €/KG","img":"https://fd2-photos.leclercdrive.fr/image.ashx?id=2949406&use=l&cat=p&typeid=i","cat":314035},{"id":2104,"n":"Mousse à la liégeoise Délisse Chocolat - 8x80g","p":2.35,"u":"3,67 €/KG","img":"https://fd2-photos.leclercdrive.fr/image.ashx?id=3009490&use=l&cat=p&typeid=i","cat":284417},{"id":2109,"n":"Matin Léger de Lactel Sans lactose 1.2% mg - 1L","p":1.75,"u":"1,75 €/L","img":"https://fd2-photos.leclercdrive.fr/image.ashx?id=2883122&use=l&cat=p&typeid=i","cat":317169},{"id":2111,"n":"Beurre Extra fin Les Croisés Doux - 82% MG - 250g","p":2.35,"u":"9,40 €/KG","img":"https://fd2-photos.leclercdrive.fr/image.ashx?id=2791224&use=l&cat=p&typeid=i","cat":284379},{"id":2112,"n":"Sauce Béchamel Bridélice 3x20cl","p":3.01,"u":"5,02 €/L","img":"https://fd2-photos.leclercdrive.fr/image.ashx?id=2888458&use=l&cat=p&typeid=i","cat":284382},{"id":2121,"n":"Carottes râpées Menu Fraîcheur  Assaisonnées - 300g","p":0.69,"u":"2,30 €/KG","img":"https://fd2-photos.leclercdrive.fr/image.ashx?id=2816552&use=l&cat=p&typeid=i","cat":333657},{"id":2125,"n":"Tagliatelle fraîche Turini 350g","p":1.19,"u":"3,40 €/KG","img":"https://fd2-photos.leclercdrive.fr/image.ashx?id=2846514&use=l&cat=p&typeid=i","cat":333682},{"id":2126,"n":"Pâte brisée Tablier Blanc Prête à dérouler - 230g","p":0.65,"u":"2,83 €/KG","img":"https://fd2-photos.leclercdrive.fr/image.ashx?id=2635886&use=l&cat=p&typeid=i","cat":333681},{"id":2128,"n":"Bâtonnets Surimi Pêche Océan MSC - x12 - 200g","p":1.38,"u":"6,90 €/KG","img":"https://fd2-photos.leclercdrive.fr/image.ashx?id=2981837&use=l&cat=p&typeid=i","cat":285189},{"id":2130,"n":"Filets d'anchois Pêche Océan Huile d'olive - 50g","p":1.36,"u":"27,20 €/KG","img":"https://fd2-photos.leclercdrive.fr/image.ashx?id=2992498&use=l&cat=p&typeid=i","cat":285190},{"id":2139,"n":"Gants jetables Mamison latex T7 x10","p":1.33,"img":"https://fd2-photos.leclercdrive.fr/image.ashx?id=2742688&use=l&cat=p&typeid=i","cat":284668},{"id":2141,"n":"Crème nettoyante Clair 3en1 - 750ml","p":1.15,"u":"1,53 €/L","img":"https://fd2-photos.leclercdrive.fr/image.ashx?id=2363534&use=l&cat=p&typeid=i","cat":325357},{"id":2175,"n":"Sucre cristal Saint Louis Sachet 1 kg","p":1.34,"u":"1,34 €/KG","img":"https://fd2-photos.leclercdrive.fr/image.ashx?id=2624245&use=l&cat=p&typeid=i","cat":284502},{"id":2179,"n":"Barres céréales Special K  Kellogg's Chocolat - 6x21,5g","p":2.14,"u":"16,59 €/KG","img":"https://fd2-photos.leclercdrive.fr/image.ashx?id=3011113&use=l&cat=p&typeid=i","cat":285869},{"id":2187,"n":"Mascarpone Les Croisés - 250g","p":1.78,"u":"7,12 €/KG","img":"https://fd2-photos.leclercdrive.fr/image.ashx?id=2123620&use=l&cat=p&typeid=i","cat":314026},{"id":2194,"n":"Sacs congélation Elembal Moyen modèle x50","p":1.08,"img":"https://fd2-photos.leclercdrive.fr/image.ashx?id=2257205&use=l&cat=p&typeid=i","cat":334134},{"id":2195,"n":"Sacs poubelle 30L Elembal Poignées coulissantes - x20","p":2.11,"u":"0,11 €/P","img":"https://fd2-photos.leclercdrive.fr/image.ashx?id=1959157&use=l&cat=p&typeid=i","cat":285168},{"id":2198,"n":"Cassoulet La Belle Chaurienne Porc 4/4 840g","p":4.78,"u":"5,69 €/KG","img":"https://fd2-photos.leclercdrive.fr/image.ashx?id=2837355&use=l&cat=p&typeid=i","cat":284440},{"id":2199,"n":"Cassoulet La Belle Chaurienne Canard 4/4 840g","p":4.7,"u":"5,60 €/KG","img":"https://fd2-photos.leclercdrive.fr/image.ashx?id=2837340&use=l&cat=p&typeid=i","cat":284440},{"id":2200,"n":"Muffins nature Epi d'Or x4 - 250g","p":1.51,"u":"6,04 €/KG","img":"https://fd2-photos.leclercdrive.fr/image.ashx?id=2939052&use=l&cat=p&typeid=i","cat":284985},{"id":2201,"n":"Pastis 51 Anisé 45% vol - 1L","p":19.67,"u":"19,67 €/L","img":"https://fd2-photos.leclercdrive.fr/image.ashx?id=2998916&use=l&cat=p&typeid=i","cat":284548},{"id":2224,"n":"Boisson lactée Candy'UP Chocolat - 6x20cl","p":2.49,"u":"2,08 €/L","img":"https://fd2-photos.leclercdrive.fr/image.ashx?id=2485635&use=l&cat=p&typeid=i","cat":295246},{"id":2244,"n":"Démaquillant Diadermine Yeux douceur 125 ml","p":1.99,"u":"16,58 €/L","img":"https://fd2-photos.leclercdrive.fr/image.ashx?id=2334935&use=l&cat=p&typeid=i","cat":284603},{"id":2257,"n":"Crème Hydratante Soft Nivea Visage Corps Mains - 75ml","p":1.57,"u":"22,43 €/L","img":"https://fd2-photos.leclercdrive.fr/image.ashx?id=3005215&use=l&cat=p&typeid=i","cat":325350},{"id":2277,"n":"Gel lubrifiant Intimy Classic - 70ml","p":3.41,"u":"48,71 €/L","img":"https://fd2-photos.leclercdrive.fr/image.ashx?id=2927330&use=l&cat=p&typeid=i","cat":285160},{"id":2317,"n":"Mousse Coiffante Franck Provost Cheveux Bouclés - 200ml","p":4.24,"u":"21,20 €/L","img":"https://fd2-photos.leclercdrive.fr/image.ashx?id=2575606&use=l&cat=p&typeid=i","cat":284609},{"id":2322,"n":"Mousse Coiffante Dop Vivelle Extra boucle - 150ml","p":2.95,"u":"19,67 €/L","img":"https://fd2-photos.leclercdrive.fr/image.ashx?id=2574823&use=l&cat=p&typeid=i","cat":284609},{"id":2336,"n":"Baume soin Après-Rasage Mennen Peaux Sensibles - 100ml","p":3.63,"u":"36,30 €/L","img":"https://fd2-photos.leclercdrive.fr/image.ashx?id=2517905&use=l&cat=p&typeid=i","cat":288147},{"id":2338,"n":"Lotion Après-Rasage Mennen Apaisante - 125ml","p":3.63,"u":"29,04 €/L","img":"https://fd2-photos.leclercdrive.fr/image.ashx?id=2469620&use=l&cat=p&typeid=i","cat":288147},{"id":2373,"n":"Activateur biologique Eparcyl  Liquide fosse septique - 500 ml","p":6.71,"u":"13,42 €/L","img":"https://fd2-photos.leclercdrive.fr/image.ashx?id=2144059&use=l&cat=p&typeid=i","cat":284908},{"id":2504,"n":"Levure de bière Gerblé à saupoudrer - 150g","p":2.46,"u":"16,40 €/KG","img":"https://fd2-photos.leclercdrive.fr/image.ashx?id=2575036&use=l&cat=p&typeid=i","cat":288382},{"id":2505,"n":"Crème au chocolat GERLINEA   Repas minceur - 3x210g","p":4.99,"u":"7,92 €/KG","img":"https://fd2-photos.leclercdrive.fr/image.ashx?id=2653450&use=l&cat=p&typeid=i","cat":318652},{"id":2506,"n":"Coupelle crème Gerlinea Vanille caramel -  3x210g","p":4.43,"u":"7,03 €/KG","img":"https://fd2-photos.leclercdrive.fr/image.ashx?id=2653453&use=l&cat=p&typeid=i","cat":318652},{"id":2510,"n":"Biscuits soja figue GERBLE   - 4x4, 270g","p":2.07,"u":"7,67 €/KG","img":"https://fd2-photos.leclercdrive.fr/image.ashx?id=2812720&use=l&cat=p&typeid=i","cat":318651},{"id":2511,"n":"Biscuits diététiques Gerblé Soja Orange - 280g","p":1.45,"u":"5,18 €/KG","img":"https://fd2-photos.leclercdrive.fr/image.ashx?id=2623166&use=l&cat=p&typeid=i","cat":318651},{"id":2529,"n":"Salade composée Notre Jardin 400g","p":1.24,"u":"3,10 €/KG","img":"https://fd2-photos.leclercdrive.fr/image.ashx?id=2663269&use=l&cat=p&typeid=i","cat":284353},{"id":2530,"n":"Salade Notre Jardin Mâche - 125g","p":0.95,"u":"7,60 €/KG","img":"https://fd2-photos.leclercdrive.fr/image.ashx?id=2739514&use=l&cat=p&typeid=i","cat":284353},{"id":2531,"n":"Salade Notre Jardin Coeurs de laitue - 200g","p":0.99,"u":"4,95 €/KG","img":"https://fd2-photos.leclercdrive.fr/image.ashx?id=2720139&use=l&cat=p&typeid=i","cat":284353},{"id":2532,"n":"Laitue Iceberg Notre Jardin 300g","p":0.89,"u":"2,97 €/KG","img":"https://fd2-photos.leclercdrive.fr/image.ashx?id=2720151&use=l&cat=p&typeid=i","cat":284353},{"id":2568,"n":"Laque Cheveux L'Oréal Paris Fixation forte - 150ml","p":3.72,"u":"24,80 €/L","img":"https://fd2-photos.leclercdrive.fr/image.ashx?id=2576157&use=l&cat=p&typeid=i","cat":284609},{"id":2570,"n":"Spray Cheveux L'Oréal Paris Fixation Normale - 150ml","p":3.58,"u":"23,87 €/L","img":"https://fd2-photos.leclercdrive.fr/image.ashx?id=2576160&use=l&cat=p&typeid=i","cat":284609},{"id":2571,"n":"Gel Coiffant L'Oréal Paris Ultra Fixant 24H - 150ml","p":3.32,"u":"22,13 €/L","img":"https://fd2-photos.leclercdrive.fr/image.ashx?id=2576163&use=l&cat=p&typeid=i","cat":284609},{"id":2574,"n":"Gel Coiffant L'Oréal Paris Gel Ultra Fixant 24h - 150ml","p":3.96,"u":"26,40 €/L","img":"https://fd2-photos.leclercdrive.fr/image.ashx?id=2833240&use=l&cat=p&typeid=i","cat":284609},{"id":2576,"n":"Soin anti-âge L'Oréal Paris Age Perfect - 50ml","p":8.28,"u":"165,60 €/L","img":"https://fd2-photos.leclercdrive.fr/image.ashx?id=2867356&use=l&cat=p&typeid=i","cat":325345},{"id":2588,"n":"Eau minérale Thonon 6x1.5L","p":2.88,"u":"0,32 €/L","img":"https://fd2-photos.leclercdrive.fr/image.ashx?id=2915557&use=l&cat=p&typeid=i","cat":284535},{"id":2593,"n":"Eau minérale naturelle Contrex 6x50cl","p":2.11,"u":"0,70 €/L","img":"https://fd2-photos.leclercdrive.fr/image.ashx?id=2731714&use=l&cat=p&typeid=i","cat":284535},{"id":2613,"n":"Lait demi-écrémé UHT Délisse Bouteille - 6x1L","p":6.3,"u":"1,05 €/L","img":"https://fd2-photos.leclercdrive.fr/image.ashx?id=2970533&use=l&cat=p&typeid=i","cat":284377},{"id":2614,"n":"Lait demi-écrémé Délisse UHT Bouteille -  6x50cl","p":4.74,"u":"1,58 €/L","img":"https://fd2-photos.leclercdrive.fr/image.ashx?id=2970560&use=l&cat=p&typeid=i","cat":284377},{"id":2617,"n":"Lait Bio demi-écrémé Lactel UHT Bouteille - 6x50cl","p":5.59,"u":"1,86 €/L","img":"https://fd2-photos.leclercdrive.fr/image.ashx?id=2892766&use=l&cat=p&typeid=i","cat":284377},{"id":2618,"n":"Lait chèvre demi-écrémé Lactel UHT Bouteille - 6x1L","p":12.81,"u":"2,14 €/L","img":"https://fd2-photos.leclercdrive.fr/image.ashx?id=2873961&use=l&cat=p&typeid=i","cat":295251},{"id":2619,"n":"Lait bio Bio Village Bouteille  Demi-écrémé UHT -  6x1L","p":6.48,"u":"1,08 €/L","img":"https://fd2-photos.leclercdrive.fr/image.ashx?id=2969997&use=l&cat=p&typeid=i","cat":284377},{"id":2638,"n":"Eau minérale Courmayeur 6x1.5L","p":2.63,"u":"0,29 €/L","img":"https://fd2-photos.leclercdrive.fr/image.ashx?id=2964105&use=l&cat=p&typeid=i","cat":284535},{"id":2649,"n":"Eau de source de Montagne 6x1.5L","p":1.68,"u":"0,19 €/L","img":"https://fd2-photos.leclercdrive.fr/image.ashx?id=2727617&use=l&cat=p&typeid=i","cat":284535},{"id":2650,"n":"Whisky William Lawson's Finest Blend 40° - 100cl","p":17.88,"u":"17,88 €/L","img":"https://fd2-photos.leclercdrive.fr/image.ashx?id=2966134&use=l&cat=p&typeid=i","cat":284547},{"id":2679,"n":"Miel Lune de Miel fleurs 375g","p":3.29,"u":"8,77 €/KG","img":"https://fd2-photos.leclercdrive.fr/image.ashx?id=2338763&use=l&cat=p&typeid=i","cat":287643},{"id":2684,"n":"Fromage Camembert NRT AOP  de Normandie - 250g","p":3.39,"u":"13,56 €/KG","img":"https://fd2-photos.leclercdrive.fr/image.ashx?id=2188712&use=l&cat=p&typeid=i","cat":314033},{"id":2722,"n":"Yaourts aromatisés Délisse Vanille - 8x125g","p":2.58,"u":"2,58 €/KG","img":"https://fd2-photos.leclercdrive.fr/image.ashx?id=2758707&use=l&cat=p&typeid=i","cat":286006},{"id":2724,"n":"Crème caramel Délisse 4x100g","p":1.49,"u":"3,73 €/KG","img":"https://fd2-photos.leclercdrive.fr/image.ashx?id=2460482&use=l&cat=p&typeid=i","cat":284419},{"id":2729,"n":"Pistaches grillées à sec Tokapi 300g","p":3.86,"u":"12,87 €/KG","img":"https://fd2-photos.leclercdrive.fr/image.ashx?id=2795541&use=l&cat=p&typeid=i","cat":284448},{"id":2733,"n":"Viande bovine rumsteck*** 2x pavé à griller - 280g","p":8.01,"u":"28,61 €/KG","img":"https://fd2-photos.leclercdrive.fr/image.ashx?id=1495722&use=l&cat=p&typeid=i","cat":284328},{"id":2737,"n":"Eau minérale Des Alpes  6x1.5L","p":2.1,"u":"0,23 €/L","img":"https://fd2-photos.leclercdrive.fr/image.ashx?id=2768667&use=l&cat=p&typeid=i","cat":284535},{"id":2742,"n":"Eau gazeuse San Pellegrino Minérale naturelle - 6x1L","p":3.77,"u":"0,63 €/L","img":"https://fd2-photos.leclercdrive.fr/image.ashx?id=2740316&use=l&cat=p&typeid=i","cat":284536},{"id":2749,"n":"Lait entier Délisse UHT - Bouteille : 6x1L","p":7.74,"u":"1,29 €/L","img":"https://fd2-photos.leclercdrive.fr/image.ashx?id=2970569&use=l&cat=p&typeid=i","cat":285610},{"id":2750,"n":"Lait écrémé Délisse UHT - Bouteille : 6x1L","p":5.94,"u":"0,99 €/L","img":"https://fd2-photos.leclercdrive.fr/image.ashx?id=2970578&use=l&cat=p&typeid=i","cat":284949},{"id":2757,"n":"Lait Bio demi-écrémé Lactel  UHT Bouteille - 6x1l","p":8.6,"u":"1,43 €/L","img":"https://fd2-photos.leclercdrive.fr/image.ashx?id=2886918&use=l&cat=p&typeid=i","cat":284377},{"id":2758,"n":"Lait Matin Léger de Lactel Sans lactose 1.2% mg - 6x50cl","p":6.94,"u":"2,31 €/L","img":"https://fd2-photos.leclercdrive.fr/image.ashx?id=2883564&use=l&cat=p&typeid=i","cat":317169},{"id":2759,"n":"Lait Matin Léger de Lactel Sans lactose 1.2% mg - 6x1L","p":10.34,"u":"1,72 €/L","img":"https://fd2-photos.leclercdrive.fr/image.ashx?id=2883125&use=l&cat=p&typeid=i","cat":317169},{"id":2760,"n":"Lait vitaminé Viva Candia  1%MG Brique - 6x1L","p":6.75,"u":"1,13 €/L","img":"https://fd2-photos.leclercdrive.fr/image.ashx?id=2891511&use=l&cat=p&typeid=i","cat":317169},{"id":2776,"n":"Crème Mains Réparatrice Mixa Mains abîmées - 100ml","p":2.27,"u":"22,70 €/L","img":"https://fd2-photos.leclercdrive.fr/image.ashx?id=2276024&use=l&cat=p&typeid=i","cat":325354},{"id":2777,"n":"Crème mains protectrice Mixa Anti-dessèchement - 100ml","p":2.27,"u":"22,70 €/L","img":"https://fd2-photos.leclercdrive.fr/image.ashx?id=2299873&use=l&cat=p&typeid=i","cat":325354},{"id":2799,"n":"Fromage frais Délisse Fruits panachés - 24x50g","p":2.88,"u":"2,40 €/KG","img":"https://fd2-photos.leclercdrive.fr/image.ashx?id=2922494&use=l&cat=p&typeid=i","cat":284414},{"id":2803,"n":"Baguette de pain 250g","p":0.29,"u":"1,16 €/KG","img":"https://fd2-photos.leclercdrive.fr/image.ashx?id=2062873&use=l&cat=p&typeid=i","cat":284359},{"id":2813,"n":"Pizza Chèvre Turini Cuite au feu de bois - 420g","p":2.21,"u":"5,26 €/KG","img":"https://fd2-photos.leclercdrive.fr/image.ashx?id=2815214&use=l&cat=p&typeid=i","cat":284256},{"id":2814,"n":"Pizza 4 fromages Turini Cuite au feu de bois - 420g","p":2.23,"u":"5,31 €/KG","img":"https://fd2-photos.leclercdrive.fr/image.ashx?id=2815211&use=l&cat=p&typeid=i","cat":284256},{"id":2845,"n":"Glace Cône Nestlé Extrême Rhum raisins x6 - 426g","p":3.47,"u":"8,15 €/KG","img":"https://fd2-photos.leclercdrive.fr/image.ashx?id=2729848&use=l&cat=p&typeid=i","cat":284264},{"id":2877,"n":"Chaussons aux pommes  4x1 p","p":3.99,"u":"1,00 €/P","img":"https://fd2-photos.leclercdrive.fr/image.ashx?id=2071013&use=l&cat=p&typeid=i","cat":284984},{"id":2879,"n":"Viande bovine 2x entrecôte *** à griller - 400g","p":11.18,"u":"27,95 €/KG","img":"https://fd2-photos.leclercdrive.fr/image.ashx?id=1495737&use=l&cat=p&typeid=i","cat":284328},{"id":2896,"n":"Endive Sachet 1kg","p":3.4,"u":"3,40 €/KG","img":"https://fd2-photos.leclercdrive.fr/image.ashx?id=558004&use=l&cat=p&typeid=i","cat":284352},{"id":2902,"n":"Botte de radis rose  1p","p":1.45,"img":"https://fd2-photos.leclercdrive.fr/image.ashx?id=558013&use=l&cat=p&typeid=i","cat":284352},{"id":2915,"n":"Bacon cheese Charal Viande bovine française 155g","p":3.33,"u":"21,48 €/KG","img":"https://fd2-photos.leclercdrive.fr/image.ashx?id=2516089&use=l&cat=p&typeid=i","cat":333671},{"id":2916,"n":"Cheeseburger Charal Viande bovine française - 145g","p":2.84,"u":"19,59 €/KG","img":"https://fd2-photos.leclercdrive.fr/image.ashx?id=2516092&use=l&cat=p&typeid=i","cat":333671},{"id":2929,"n":"Biscuits raisins GERBLE   - 4x4, 270g","p":1.68,"u":"6,22 €/KG","img":"https://fd2-photos.leclercdrive.fr/image.ashx?id=2662298&use=l&cat=p&typeid=i","cat":318651},{"id":2930,"n":"Biscuits pomme noisette GERBLE   4x4 - 230g","p":1.55,"u":"6,74 €/KG","img":"https://fd2-photos.leclercdrive.fr/image.ashx?id=2967753&use=l&cat=p&typeid=i","cat":318651},{"id":2935,"n":"Biscuits écorce confite GERBLE   - 4x5,  360g","p":1.62,"u":"4,50 €/KG","img":"https://fd2-photos.leclercdrive.fr/image.ashx?id=2662907&use=l&cat=p&typeid=i","cat":318651},{"id":2937,"n":"Biscuits goûter chocolat GERBLE  - 3x4,  250g","p":1.71,"u":"6,84 €/KG","img":"https://fd2-photos.leclercdrive.fr/image.ashx?id=2625181&use=l&cat=p&typeid=i","cat":318651},{"id":2938,"n":"Biscuits germe de blé GERBLE   - 5x5, 210g","p":1.34,"u":"6,38 €/KG","img":"https://fd2-photos.leclercdrive.fr/image.ashx?id=2573540&use=l&cat=p&typeid=i","cat":318651},{"id":2950,"n":"Biscuits lait chocolat GERBLE   - 5x4, 230g","p":1.64,"u":"7,13 €/KG","img":"https://fd2-photos.leclercdrive.fr/image.ashx?id=2575030&use=l&cat=p&typeid=i","cat":318651},{"id":2951,"n":"Biscuit chocolat GERLINEA  Encas minceur - 4x4, 200g","p":2.3,"u":"11,50 €/KG","img":"https://fd2-photos.leclercdrive.fr/image.ashx?id=2654770&use=l&cat=p&typeid=i","cat":318652},{"id":2969,"n":"Sticks et bretzels Tokapi 300g","p":1.2,"u":"4,00 €/KG","img":"https://fd2-photos.leclercdrive.fr/image.ashx?id=2431104&use=l&cat=p&typeid=i","cat":297000},{"id":2971,"n":"Chips ondulées Pom'Lisse  Nature - 150g","p":0.93,"u":"6,20 €/KG","img":"https://fd2-photos.leclercdrive.fr/image.ashx?id=2657196&use=l&cat=p&typeid=i","cat":284447},{"id":2973,"n":"Chips Pom'Lisse Barbecue - 135g","p":0.89,"u":"6,59 €/KG","img":"https://fd2-photos.leclercdrive.fr/image.ashx?id=2774046&use=l&cat=p&typeid=i","cat":284447},{"id":2988,"n":"Dessert fruits mixés Sojasun Framboise / Passion - 4x100g","p":1.56,"u":"3,90 €/KG","img":"https://fd2-photos.leclercdrive.fr/image.ashx?id=2355671&use=l&cat=p&typeid=i","cat":316071},{"id":3000,"n":"Oeufs frais plein air Bio Bio Village - x6","p":2.09,"u":"0,35 €/P","img":"https://fd2-photos.leclercdrive.fr/image.ashx?id=1518429&use=l&cat=p&typeid=i","cat":284378},{"id":3004,"n":"yaourt aux fruits Danacol allégé 0%mg - 8x125g","p":3.77,"u":"3,77 €/KG","img":"https://fd2-photos.leclercdrive.fr/image.ashx?id=2069534&use=l&cat=p&typeid=i","cat":315000},{"id":3011,"n":"Sauce Mexicaine Tables du Monde Medium - 315g","p":1.49,"u":"4,73 €/KG","img":"https://fd2-photos.leclercdrive.fr/image.ashx?id=2476963&use=l&cat=p&typeid=i","cat":288993},{"id":3012,"n":"Sauce Fajitas Tables du Monde 430g","p":1.97,"u":"4,58 €/KG","img":"https://fd2-photos.leclercdrive.fr/image.ashx?id=2470228&use=l&cat=p&typeid=i","cat":288993},{"id":3013,"n":"Pain de mie 7 céréales Epi d'Or Grandes tranches - 550g","p":1.19,"u":"2,16 €/KG","img":"https://fd2-photos.leclercdrive.fr/image.ashx?id=1959532&use=l&cat=p&typeid=i","cat":284477},{"id":3033,"n":"Pâtes fraîches Turini Fettuccini - 350g","p":1.49,"u":"4,26 €/KG","img":"https://fd2-photos.leclercdrive.fr/image.ashx?id=2882313&use=l&cat=p&typeid=i","cat":333682},{"id":3034,"n":"Fromage Parmesan Parmareggio 60g","p":1.44,"u":"24,00 €/KG","img":"https://fd2-photos.leclercdrive.fr/image.ashx?id=2975458&use=l&cat=p&typeid=i","cat":314035},{"id":3040,"n":"Beurre moulé bio Bio Village Doux - 82% MG - 250g","p":2.99,"u":"11,96 €/KG","img":"https://fd2-photos.leclercdrive.fr/image.ashx?id=2437052&use=l&cat=p&typeid=i","cat":284379},{"id":3041,"n":"Beurre moulé bio Bio Village Demi-sel - 80% MG - 250g","p":2.99,"u":"11,96 €/KG","img":"https://fd2-photos.leclercdrive.fr/image.ashx?id=2437055&use=l&cat=p&typeid=i","cat":284379},{"id":3052,"n":"Dentifrice Menthe Fluoryl Gencives Sensibles - 75ml","p":1.98,"u":"26,40 €/L","img":"https://fd2-photos.leclercdrive.fr/image.ashx?id=2473312&use=l&cat=p&typeid=i","cat":284612},{"id":3064,"n":"Cotons Démaquillants Demak'Up Expert - Disques - x70","p":1.1,"u":"0,02 €/P","img":"https://fd2-photos.leclercdrive.fr/image.ashx?id=2970909&use=l&cat=p&typeid=i","cat":284636},{"id":3066,"n":"Tampons Doulys avec applicateur Normal - x24","p":2.46,"u":"0,10 €/P","img":"https://fd2-photos.leclercdrive.fr/image.ashx?id=2965449&use=l&cat=p&typeid=i","cat":284626},{"id":3070,"n":"Serviette hygiénique Doulys Ultra - Normal+  - x14","p":1.29,"u":"0,09 €/P","img":"https://fd2-photos.leclercdrive.fr/image.ashx?id=2709725&use=l&cat=p&typeid=i","cat":284624},{"id":3091,"n":"Cordons bleus Maître coq Poulet - 1kg","p":8.1,"u":"8,10 €/KG","img":"https://fd2-photos.leclercdrive.fr/image.ashx?id=2762103&use=l&cat=p&typeid=i","cat":333683},{"id":3093,"n":"Cake fruits P'tit déli Tranché 300g","p":1.66,"u":"5,53 €/KG","img":"https://fd2-photos.leclercdrive.fr/image.ashx?id=2823078&use=l&cat=p&typeid=i","cat":284493},{"id":3106,"n":"Biscuits Cookies P'tit Déli Noix coco Chocolat - 200g","p":1.39,"u":"6,95 €/KG","img":"https://fd2-photos.leclercdrive.fr/image.ashx?id=2896853&use=l&cat=p&typeid=i","cat":325066},{"id":3107,"n":"Biscuits petit beurre LU Pocket - 300g","p":1.97,"u":"6,57 €/KG","img":"https://fd2-photos.leclercdrive.fr/image.ashx?id=3001940&use=l&cat=p&typeid=i","cat":284487},{"id":3108,"n":"Biscuits petit déjeuner Prince Céréales - 300g","p":1.96,"u":"6,53 €/KG","img":"https://fd2-photos.leclercdrive.fr/image.ashx?id=2346648&use=l&cat=p&typeid=i","cat":284491},{"id":3123,"n":"Plat bébé Blédina 8 mois  Pomme de terre poulet - 2x200g","p":2.61,"u":"6,53 €/KG","img":"https://fd2-photos.leclercdrive.fr/image.ashx?id=2975056&use=l&cat=p&typeid=i","cat":312236},{"id":3142,"n":"Café et Chicorée Soluble Ricoré  Original - 100g","p":2.78,"u":"27,80 €/KG","img":"https://fd2-photos.leclercdrive.fr/image.ashx?id=2951542&use=l&cat=p&typeid=i","cat":284843},{"id":3144,"n":"Chocolat Tablette d'Or noir Extra 47% cacao 3x100g","p":2.78,"u":"9,27 €/KG","img":"https://fd2-photos.leclercdrive.fr/image.ashx?id=2882310&use=l&cat=p&typeid=i","cat":284956},{"id":3147,"n":"Madeleines P'tit déli coquilles 500g","p":1.7,"u":"3,40 €/KG","img":"https://fd2-photos.leclercdrive.fr/image.ashx?id=2999484&use=l&cat=p&typeid=i","cat":284492},{"id":3151,"n":"Café moulu Plantation  Tradition - 250g","p":2.52,"u":"10,08 €/KG","img":"https://fd2-photos.leclercdrive.fr/image.ashx?id=2073039&use=l&cat=p&typeid=i","cat":284750},{"id":3152,"n":"Café Plantation  Kenya - 250g","p":3.92,"u":"15,68 €/KG","img":"https://fd2-photos.leclercdrive.fr/image.ashx?id=2607431&use=l&cat=p&typeid=i","cat":284750},{"id":3153,"n":"Café moulu Plantation  Tradition décaféiné - 250g","p":2.95,"u":"11,80 €/KG","img":"https://fd2-photos.leclercdrive.fr/image.ashx?id=2607407&use=l&cat=p&typeid=i","cat":284750},{"id":3166,"n":"Dessert fruitier pomme Douceur du Verger 16x100g","p":2.8,"u":"1,75 €/KG","img":"https://fd2-photos.leclercdrive.fr/image.ashx?id=3009776&use=l&cat=p&typeid=i","cat":284416},{"id":3168,"n":"Porc au caramel Riz parfumé Marie à la sauce nuoc-mâm -300g","p":3.97,"u":"13,23 €/KG","img":"https://fd2-photos.leclercdrive.fr/image.ashx?id=2317864&use=l&cat=p&typeid=i","cat":333665},{"id":3192,"n":"Détachant sans javel Textil 2L","p":3.19,"u":"1,60 €/L","img":"https://fd2-photos.leclercdrive.fr/image.ashx?id=2988036&use=l&cat=p&typeid=i","cat":284651},{"id":3193,"n":"Aérosol désodorisant Oust Fraîcheur propre 300ml","p":1.79,"u":"5,97 €/L","img":"https://fd2-photos.leclercdrive.fr/image.ashx?id=1715230&use=l&cat=p&typeid=i","cat":311626},{"id":3195,"n":"Coton Primoplast prédécoupé 100g","p":0.98,"u":"9,80 €/KG","img":"https://fd2-photos.leclercdrive.fr/image.ashx?id=2856450&use=l&cat=p&typeid=i","cat":284630},{"id":3200,"n":"Petits pains grillés Epi d'Or  Froment - 225g","p":0.8,"u":"3,56 €/KG","img":"https://fd2-photos.leclercdrive.fr/image.ashx?id=2496410&use=l&cat=p&typeid=i","cat":284479},{"id":3212,"n":"Farine pour pain Francine Multi-céréales - 1,5kg","p":2.49,"u":"1,66 €/KG","img":"https://fd2-photos.leclercdrive.fr/image.ashx?id=2220611&use=l&cat=p&typeid=i","cat":284503},{"id":3215,"n":"Riz long Comptoir du Grain Etuvé - 1kg","p":1.72,"u":"1,72 €/KG","img":"https://fd2-photos.leclercdrive.fr/image.ashx?id=2076640&use=l&cat=p&typeid=i","cat":284428},{"id":3217,"n":"Riz Basmati Comptoir du Grain Sélection Riz long - 500g","p":1.35,"u":"2,70 €/KG","img":"https://fd2-photos.leclercdrive.fr/image.ashx?id=2076643&use=l&cat=p&typeid=i","cat":284428},{"id":3220,"n":"Céréales Tipiak - Blé Maïs Soja Prêt en 4 min - 400g","p":1.26,"u":"3,15 €/KG","img":"https://fd2-photos.leclercdrive.fr/image.ashx?id=2989144&use=l&cat=p&typeid=i","cat":284429},{"id":3221,"n":"Purée pomme de terre Pom'lisse Nature - 8x125g - 1kg","p":3.19,"u":"3,19 €/KG","img":"https://fd2-photos.leclercdrive.fr/image.ashx?id=2954573&use=l&cat=p&typeid=i","cat":284431},{"id":3223,"n":"Pâtes capellini Panzani 500g","p":1.07,"u":"2,14 €/KG","img":"https://fd2-photos.leclercdrive.fr/image.ashx?id=2876038&use=l&cat=p&typeid=i","cat":284427},{"id":3229,"n":"Biscuits galettes St Michel 2x130g","p":1.7,"u":"6,54 €/KG","img":"https://fd2-photos.leclercdrive.fr/image.ashx?id=2947721&use=l&cat=p&typeid=i","cat":284487},{"id":3239,"n":"Biscuit Petit beurre P'tit Déli Tablette chocolat noir - 150g","p":1.37,"u":"9,13 €/KG","img":"https://fd2-photos.leclercdrive.fr/image.ashx?id=2711641&use=l&cat=p&typeid=i","cat":284488},{"id":3240,"n":"Biscuit Petit beurre P'tit Déli Tablette lait noisette - 150g","p":1.61,"u":"10,73 €/KG","img":"https://fd2-photos.leclercdrive.fr/image.ashx?id=2523673&use=l&cat=p&typeid=i","cat":284488},{"id":3253,"n":"Escargots Maître Coquille De Bourgogne x48 - 355g","p":12.99,"u":"36,59 €/KG","img":"https://fd2-photos.leclercdrive.fr/image.ashx?id=1979671&use=l&cat=p&typeid=i","cat":319775},{"id":3255,"n":"Bûche glacée Eskiss Fruits exotiques - 570g","p":3.84,"u":"6,74 €/KG","img":"https://fd2-photos.leclercdrive.fr/image.ashx?id=2791260&use=l&cat=p&typeid=i","cat":284266},{"id":3256,"n":"Bûche glacée Eskiss Crème brulée - 527g","p":3.75,"u":"7,12 €/KG","img":"https://fd2-photos.leclercdrive.fr/image.ashx?id=2791257&use=l&cat=p&typeid=i","cat":284266},{"id":3257,"n":"Bûche glacée Eskiss 3 chocolats - 536g","p":3.49,"u":"6,51 €/KG","img":"https://fd2-photos.leclercdrive.fr/image.ashx?id=2209711&use=l&cat=p&typeid=i","cat":284266},{"id":3258,"n":"Champignons Paris Notre Jardin Pieds et morceaux - 460g","p":2.29,"u":"4,98 €/KG","img":"https://fd2-photos.leclercdrive.fr/image.ashx?id=2553893&use=l&cat=p&typeid=i","cat":312610},{"id":3260,"n":"Noix de Saint Jacques NRT de la baie de St-Brieuc - 300g","p":14.99,"u":"49,97 €/KG","img":"https://fd2-photos.leclercdrive.fr/image.ashx?id=2801064&use=l&cat=p&typeid=i","cat":319787},{"id":3262,"n":"Carottes Notre Jardin Extra-fines - 530g","p":1.69,"u":"3,19 €/KG","img":"https://fd2-photos.leclercdrive.fr/image.ashx?id=2987976&use=l&cat=p&typeid=i","cat":312607},{"id":3263,"n":"Champignons Paris Notre Jardin Entiers - 460g","p":2.69,"u":"5,85 €/KG","img":"https://fd2-photos.leclercdrive.fr/image.ashx?id=2553887&use=l&cat=p&typeid=i","cat":312610},{"id":3269,"n":"Coeurs de palmiers Notre Jardin Extra tendres - 220g","p":2.27,"u":"10,32 €/KG","img":"https://fd2-photos.leclercdrive.fr/image.ashx?id=2072701&use=l&cat=p&typeid=i","cat":312611},{"id":3271,"n":"Maïs Notre Jardin Tendre - 3x140g","p":1.89,"u":"4,50 €/KG","img":"https://fd2-photos.leclercdrive.fr/image.ashx?id=2074653&use=l&cat=p&typeid=i","cat":312611},{"id":3272,"n":"Asperges blanches grosses Notre Jardin - 320g","p":3.49,"u":"10,91 €/KG","img":"https://fd2-photos.leclercdrive.fr/image.ashx?id=2049016&use=l&cat=p&typeid=i","cat":312611},{"id":3277,"n":"Chips à l'ancienne Pom'lisse Nature - 6x30g","p":1.58,"u":"8,78 €/KG","img":"https://fd2-photos.leclercdrive.fr/image.ashx?id=2657193&use=l&cat=p&typeid=i","cat":284447},{"id":3282,"n":"Moutarde Amora Mi-forte - 230g Divers coloris","p":1.95,"u":"8,48 €/KG","img":"https://fd2-photos.leclercdrive.fr/image.ashx?id=2504473&use=l&cat=p&typeid=i","cat":288850},{"id":3285,"n":"Vinaigre balsamique Rustica 50cl","p":1.57,"u":"3,14 €/L","img":"https://fd2-photos.leclercdrive.fr/image.ashx?id=2765701&use=l&cat=p&typeid=i","cat":298543},{"id":3292,"n":"Tomates pelées Notre Jardin Entières - 238g","p":0.85,"u":"3,57 €/KG","img":"https://fd2-photos.leclercdrive.fr/image.ashx?id=2190002&use=l&cat=p&typeid=i","cat":312608},{"id":3305,"n":"Sauce Provençale Turini 420g","p":0.97,"u":"2,31 €/KG","img":"https://fd2-photos.leclercdrive.fr/image.ashx?id=2047010&use=l&cat=p&typeid=i","cat":287599},{"id":3309,"n":"Pur jus de pomme Jafaden 1L","p":1.34,"u":"1,34 €/L","img":"https://fd2-photos.leclercdrive.fr/image.ashx?id=2955632&use=l&cat=p&typeid=i","cat":284522},{"id":3310,"n":"Pur jus de pomme Bio Village Bio - 1L","p":1.49,"u":"1,49 €/L","img":"https://fd2-photos.leclercdrive.fr/image.ashx?id=2901527&use=l&cat=p&typeid=i","cat":284522},{"id":3311,"n":"Thé glacé Fresh Tea Pêche - 1,5L","p":1.25,"u":"0,83 €/L","img":"https://fd2-photos.leclercdrive.fr/image.ashx?id=2622242&use=l&cat=p&typeid=i","cat":295019},{"id":3316,"n":"Sirop Frucci Grenadine - 1L","p":2.76,"u":"2,76 €/L","img":"https://fd2-photos.leclercdrive.fr/image.ashx?id=2954073&use=l&cat=p&typeid=i","cat":295020},{"id":3320,"n":"Bonbons Werther's Original Mini 42g","p":2.3,"u":"54,76 €/KG","img":"https://fd2-photos.leclercdrive.fr/image.ashx?id=2660167&use=l&cat=p&typeid=i","cat":304252},{"id":3325,"n":"Dentifrice Vademecum Fluor et plantes 75ml","p":1.42,"u":"18,93 €/L","img":"https://fd2-photos.leclercdrive.fr/image.ashx?id=2438228&use=l&cat=p&typeid=i","cat":284612},{"id":3338,"n":"Protège-slips Doulys Mince - Plié - x30","p":1.25,"u":"0,04 €/P","img":"https://fd2-photos.leclercdrive.fr/image.ashx?id=2824129&use=l&cat=p&typeid=i","cat":284625},{"id":3341,"n":"AOC Vin doux Muscat Dauré  rivesaltes 15.5%vol - 75 cl","p":6.05,"u":"8,07 €/L","img":"https://fd2-photos.leclercdrive.fr/image.ashx?id=2865680&use=l&cat=p&typeid=i","cat":284913},{"id":3343,"n":"Vodka Poliakov 37.5%vol - 70cl","p":10.63,"u":"15,19 €/L","img":"https://fd2-photos.leclercdrive.fr/image.ashx?id=2810759&use=l&cat=p&typeid=i","cat":284550},{"id":3344,"n":"Nectar Jafaden Banane - 1L","p":2.09,"u":"2,09 €/L","img":"https://fd2-photos.leclercdrive.fr/image.ashx?id=2955701&use=l&cat=p&typeid=i","cat":284915},{"id":3355,"n":"World Mix Haribo Sachet bonbons - 500g","p":2.79,"u":"5,58 €/KG","img":"https://fd2-photos.leclercdrive.fr/image.ashx?id=2805207&use=l&cat=p&typeid=i","cat":304250},{"id":3356,"n":"Banan's Haribo Sachet bonbons - 300g","p":1.44,"u":"4,80 €/KG","img":"https://fd2-photos.leclercdrive.fr/image.ashx?id=1739936&use=l&cat=p&typeid=i","cat":304250},{"id":3361,"n":"Pâtée chats Gourmet gold Mousselines 4x85g","p":1.96,"u":"5,76 €/KG","img":"https://fd2-photos.leclercdrive.fr/image.ashx?id=2711103&use=l&cat=p&typeid=i","cat":285286},{"id":3364,"n":"Huile de douche Manava Bien être oriental 250ml","p":1.16,"u":"4,64 €/L","img":"https://fd2-photos.leclercdrive.fr/image.ashx?id=2809659&use=l&cat=p&typeid=i","cat":284594},{"id":3372,"n":"Terrines Tous Mes Amis Pour chats  3 saveurs - 3x400g","p":3.29,"u":"2,74 €/KG","img":"https://fd2-photos.leclercdrive.fr/image.ashx?id=559162&use=l&cat=p&typeid=i","cat":285601},{"id":3373,"n":"Tortillas Tables du Monde Galettes de blé x8 320g","p":1.71,"u":"5,34 €/KG","img":"https://fd2-photos.leclercdrive.fr/image.ashx?id=2679729&use=l&cat=p&typeid=i","cat":288993},{"id":3376,"n":"Café moulu Bio Village Bio  Pérou - 250g","p":4.21,"u":"16,84 €/KG","img":"https://fd2-photos.leclercdrive.fr/image.ashx?id=2552436&use=l&cat=p&typeid=i","cat":284750},{"id":3387,"n":"Gel à raser Carré Homme Vitaminé protecteur 200ml","p":1.89,"u":"9,45 €/L","img":"https://fd2-photos.leclercdrive.fr/image.ashx?id=2704642&use=l&cat=p&typeid=i","cat":284617},{"id":3395,"n":"Dentifrice Dentamyl Aux plantes 75ml","p":0.94,"u":"12,53 €/L","img":"https://fd2-photos.leclercdrive.fr/image.ashx?id=2489104&use=l&cat=p&typeid=i","cat":284612},{"id":3401,"n":"Serviette hygiénique Doulys Maxi - Spécial nuit - x12","p":0.95,"u":"0,08 €/P","img":"https://fd2-photos.leclercdrive.fr/image.ashx?id=2838927&use=l&cat=p&typeid=i","cat":284624},{"id":3412,"n":"Soupe de poissons Régal Soupe 1L","p":2.69,"u":"2,69 €/L","img":"https://fd2-photos.leclercdrive.fr/image.ashx?id=2607410&use=l&cat=p&typeid=i","cat":287366},{"id":3413,"n":"Asperges blanches Notre Jardin Pointes - 110g","p":2.35,"u":"21,36 €/KG","img":"https://fd2-photos.leclercdrive.fr/image.ashx?id=2049022&use=l&cat=p&typeid=i","cat":312611},{"id":3414,"n":"Asperges vertes Moyennes Notre Jardin - 185g PNE","p":2.08,"u":"11,24 €/KG","img":"https://fd2-photos.leclercdrive.fr/image.ashx?id=2049025&use=l&cat=p&typeid=i","cat":312611},{"id":3416,"n":"Ratatouille Notre Jardin A la provençale - 750g","p":1.29,"u":"1,72 €/KG","img":"https://fd2-photos.leclercdrive.fr/image.ashx?id=2526291&use=l&cat=p&typeid=i","cat":312612},{"id":3424,"n":"Plat moussaka Côté table 850g","p":4.63,"u":"5,45 €/KG","img":"https://fd2-photos.leclercdrive.fr/image.ashx?id=2045175&use=l&cat=p&typeid=i","cat":284254},{"id":3428,"n":"Feuilletés paniers Côté Table St Jacques Fruits de mer 4x100g","p":4.45,"u":"11,13 €/KG","img":"https://fd2-photos.leclercdrive.fr/image.ashx?id=2549379&use=l&cat=p&typeid=i","cat":319776},{"id":3429,"n":"Lasagnes bolognaises Côté table 1kg","p":3.49,"u":"3,49 €/KG","img":"https://fd2-photos.leclercdrive.fr/image.ashx?id=2545628&use=l&cat=p&typeid=i","cat":284254},{"id":3441,"n":"AOP Freixenet Cava Cordon Negro Brut - 75cl","p":5.7,"u":"7,60 €/L","img":"https://fd2-photos.leclercdrive.fr/image.ashx?id=3011929&use=l&cat=p&typeid=i","cat":289461},{"id":3455,"n":"Saumon et torsades Côté Table  Sauce à l'oseille - 300g","p":2.59,"u":"8,63 €/KG","img":"https://fd2-photos.leclercdrive.fr/image.ashx?id=2809075&use=l&cat=p&typeid=i","cat":284953},{"id":3459,"n":"Petit Pois et Carottes Cassegrain 465g","p":2.63,"u":"5,66 €/KG","img":"https://fd2-photos.leclercdrive.fr/image.ashx?id=2912971&use=l&cat=p&typeid=i","cat":312607},{"id":3462,"n":"Pain précuit Epi d'Or Demi-baguette x2 - 300g","p":0.65,"u":"2,17 €/KG","img":"https://fd2-photos.leclercdrive.fr/image.ashx?id=2684814&use=l&cat=p&typeid=i","cat":325069},{"id":3517,"n":"Bonbons Haribo Réglisse Carensac - 250g","p":1.68,"u":"6,72 €/KG","img":"https://fd2-photos.leclercdrive.fr/image.ashx?id=2982405&use=l&cat=p&typeid=i","cat":304250},{"id":3520,"n":"Boîtes chiens Lydog Terrines Viande volaille - 4x405g","p":3.47,"u":"2,14 €/KG","img":"https://fd2-photos.leclercdrive.fr/image.ashx?id=2815746&use=l&cat=p&typeid=i","cat":288578},{"id":3525,"n":"Crêpes fourrées P'tit déli Chocolat x8 - 256g","p":1.65,"u":"6,45 €/KG","img":"https://fd2-photos.leclercdrive.fr/image.ashx?id=2656335&use=l&cat=p&typeid=i","cat":284494},{"id":3550,"n":"AOP Côtes de Provence rosé Billette Bouquet - 75cl","p":5.8,"u":"7,73 €/L","img":"https://fd2-photos.leclercdrive.fr/image.ashx?id=2625433&use=l&cat=p&typeid=i","cat":289558},{"id":3553,"n":"Whisky Chivas Regal 12 ans Blended Scotch 40% vol - 70cl","p":29.53,"pp":26.58,"u":"37,97 €/L","img":"https://fd2-photos.leclercdrive.fr/image.ashx?id=2914444&use=l&cat=p&typeid=i","cat":284547},{"id":3554,"n":"Scotch Whisky Cardhu  12 ans 40%vol. - 70cl","p":31.9,"u":"45,57 €/L","img":"https://fd2-photos.leclercdrive.fr/image.ashx?id=1972801&use=l&cat=p&typeid=i","cat":284547},{"id":3558,"n":"IGP Pays d'Oc rouge J-P Chenet Cabernet-Syrah 13% vol - 75 cl","p":3.21,"u":"4,28 €/L","img":"https://fd2-photos.leclercdrive.fr/image.ashx?id=2810864&use=l&cat=p&typeid=i","cat":289556},{"id":3559,"n":"IGP Pays d'Oc rouge J-P Chenet Merlot HVE - 75 cl","p":3.21,"u":"4,28 €/L","img":"https://fd2-photos.leclercdrive.fr/image.ashx?id=2837157&use=l&cat=p&typeid=i","cat":289556},{"id":3564,"n":"Vin de l'Union Européenne  La Villageoise - 6x25cl","p":4.29,"u":"2,86 €/L","img":"https://fd2-photos.leclercdrive.fr/image.ashx?id=2731651&use=l&cat=p&typeid=i","cat":289557},{"id":3570,"n":"Concentré à diluer Pulco Citron - 70cl","p":2.14,"u":"3,06 €/L","img":"https://fd2-photos.leclercdrive.fr/image.ashx?id=2687845&use=l&cat=p&typeid=i","cat":295020},{"id":3571,"n":"Nectar Jafaden Abricot - 1L","p":2.59,"u":"2,59 €/L","img":"https://fd2-photos.leclercdrive.fr/image.ashx?id=2955713&use=l&cat=p&typeid=i","cat":284915},{"id":3575,"n":"Litière chats Tous mes Amis Végétale - 10L","p":3.96,"u":"0,40 €/L","img":"https://fd2-photos.leclercdrive.fr/image.ashx?id=2055217&use=l&cat=p&typeid=i","cat":284683},{"id":3576,"n":"Litière chats Tous mes Amis Minérale - Hygiénique - 10L","p":4.65,"u":"0,47 €/L","img":"https://fd2-photos.leclercdrive.fr/image.ashx?id=2055211&use=l&cat=p&typeid=i","cat":284683},{"id":3580,"n":"Le Haricot vert Cueilli Main Bonduelle Extra Fin 280g","p":2.47,"u":"8,82 €/KG","img":"https://fd2-photos.leclercdrive.fr/image.ashx?id=2910019&use=l&cat=p&typeid=i","cat":312606},{"id":3584,"n":"Macédoine de Légumes Bonduelle 530g","p":1.56,"u":"2,94 €/KG","img":"https://fd2-photos.leclercdrive.fr/image.ashx?id=2939235&use=l&cat=p&typeid=i","cat":312612},{"id":3587,"n":"AOP Bordeaux rouge Blaissac - 75cl","p":4.02,"u":"5,36 €/L","img":"https://fd2-photos.leclercdrive.fr/image.ashx?id=2917429&use=l&cat=p&typeid=i","cat":289556},{"id":3588,"n":"IGP Pays d'Oc rouge Roche Mazet Cabernet Sauvignon 12.5% 75cl","p":3.0,"pp":2.25,"u":"3,00 €/L","img":"https://fd2-photos.leclercdrive.fr/image.ashx?id=2333000&use=l&cat=p&typeid=i","cat":289556},{"id":3589,"n":"IGP Pays d'Oc rouge Roche Mazet Merlot - 75cl","p":2.99,"u":"3,99 €/L","img":"https://fd2-photos.leclercdrive.fr/image.ashx?id=2332997&use=l&cat=p&typeid=i","cat":289556},{"id":3593,"n":"Vin d'Italie rouge pétillant Vilaveroni Lambrusco- 75cl","p":3.82,"u":"5,09 €/L","img":"https://fd2-photos.leclercdrive.fr/image.ashx?id=2333021&use=l&cat=p&typeid=i","cat":289556},{"id":3599,"n":"IGP Pays d'Oc rosé Listel Grain De gris 12.5% vol - 75cl","p":3.5,"u":"4,67 €/L","img":"https://fd2-photos.leclercdrive.fr/image.ashx?id=2556135&use=l&cat=p&typeid=i","cat":289558},{"id":3600,"n":"Miel Lune de Miel Tartimiel 250g","p":2.16,"u":"8,64 €/KG","img":"https://fd2-photos.leclercdrive.fr/image.ashx?id=2662610&use=l&cat=p&typeid=i","cat":287643},{"id":3609,"n":"Petit Pois Cassegrain Tendres et Fondants 495g","p":2.68,"u":"5,41 €/KG","img":"https://fd2-photos.leclercdrive.fr/image.ashx?id=2912962&use=l&cat=p&typeid=i","cat":312607},{"id":3610,"n":"Petits pois Notre Jardin A l'étuvée -Extra fins - 3x140g","p":1.57,"u":"3,74 €/KG","img":"https://fd2-photos.leclercdrive.fr/image.ashx?id=2987952&use=l&cat=p&typeid=i","cat":312607},{"id":3617,"n":"Galettes de riz bio Bio Village Complet x17 - 130g","p":0.91,"u":"7,00 €/KG","img":"https://fd2-photos.leclercdrive.fr/image.ashx?id=2816151&use=l&cat=p&typeid=i","cat":318651},{"id":3630,"n":"Filets colin Alaska Pêche océan 4 tranches - MSC - 400g","p":2.49,"u":"6,23 €/KG","img":"https://fd2-photos.leclercdrive.fr/image.ashx?id=2930087&use=l&cat=p&typeid=i","cat":319786},{"id":3633,"n":"Colin d'Alaska Pêche Océan x10 tranches - MSC - 1kg","p":6.25,"u":"6,25 €/KG","img":"https://fd2-photos.leclercdrive.fr/image.ashx?id=2930096&use=l&cat=p&typeid=i","cat":319786},{"id":3638,"n":"Fromage Mini Caprice Des Dieux 3 Portions - 150g","p":2.62,"u":"17,47 €/KG","img":"https://fd2-photos.leclercdrive.fr/image.ashx?id=2217434&use=l&cat=p&typeid=i","cat":314033},{"id":3640,"n":"Fromage Apéritif Apérivrais  Saveurs de Provence - 100g","p":2.08,"u":"20,80 €/KG","img":"https://fd2-photos.leclercdrive.fr/image.ashx?id=2885348&use=l&cat=p&typeid=i","cat":314027},{"id":3641,"n":"Fromage Apéritif Apérivrais  Saveurs d'Italie - 100g","p":2.08,"u":"20,80 €/KG","img":"https://fd2-photos.leclercdrive.fr/image.ashx?id=2944705&use=l&cat=p&typeid=i","cat":314027},{"id":3643,"n":"Scotch Whisky Baird's 40%vol - 70cl","p":10.99,"u":"15,70 €/L","img":"https://fd2-photos.leclercdrive.fr/image.ashx?id=2907159&use=l&cat=p&typeid=i","cat":284547},{"id":3651,"n":"Vin du Portugal rosé Mateus - VSIG - 12% vol 75cl","p":4.7,"u":"6,27 €/L","img":"https://fd2-photos.leclercdrive.fr/image.ashx?id=2794619&use=l&cat=p&typeid=i","cat":289558},{"id":3655,"n":"Eau gazeuse St-Yorre 6x50cl","p":2.85,"u":"0,95 €/L","img":"https://fd2-photos.leclercdrive.fr/image.ashx?id=2877727&use=l&cat=p&typeid=i","cat":284536},{"id":3660,"n":"Fromage tartiflette Les Croisés 27%mg 500g","p":3.89,"u":"7,78 €/KG","img":"https://fd2-photos.leclercdrive.fr/image.ashx?id=2791749&use=l&cat=p&typeid=i","cat":314037},{"id":3663,"n":"Fromage à Raclette RichesMonts  3 saveurs 27 Tranches - 700g","p":9.75,"u":"13,93 €/KG","img":"https://fd2-photos.leclercdrive.fr/image.ashx?id=2766289&use=l&cat=p&typeid=i","cat":314037},{"id":3665,"n":"Beurrier Président Demi-sel - 80% MG - 250g","p":3.21,"u":"12,84 €/KG","img":"https://fd2-photos.leclercdrive.fr/image.ashx?id=2731849&use=l&cat=p&typeid=i","cat":284379},{"id":3668,"n":"Faisselle Rians - 6%mg - 1kg","p":2.72,"u":"2,72 €/KG","img":"https://fd2-photos.leclercdrive.fr/image.ashx?id=2659629&use=l&cat=p&typeid=i","cat":284409},{"id":3684,"n":"Eau gazeuse Rozana 6x1L","p":2.65,"u":"0,44 €/L","img":"https://fd2-photos.leclercdrive.fr/image.ashx?id=2870602&use=l&cat=p&typeid=i","cat":284536},{"id":3694,"n":"Pâtes Torti Legumes Panzani - 500G","p":1.29,"u":"2,58 €/KG","img":"https://fd2-photos.leclercdrive.fr/image.ashx?id=2876032&use=l&cat=p&typeid=i","cat":284427},{"id":3699,"n":"Café moulu Bio Village Bio Amérique latine - 250g","p":4.99,"u":"19,96 €/KG","img":"https://fd2-photos.leclercdrive.fr/image.ashx?id=2603713&use=l&cat=p&typeid=i","cat":284750},{"id":3705,"n":"Collants Well Elastivoile Résistant ibiza T3","p":3.7,"img":"https://fd2-photos.leclercdrive.fr/image.ashx?id=2560843&use=l&cat=p&typeid=i","cat":334130},{"id":3712,"n":"Emincé poulet Côté Table Sauce curry - 300g","p":2.02,"u":"6,73 €/KG","img":"https://fd2-photos.leclercdrive.fr/image.ashx?id=2393857&use=l&cat=p&typeid=i","cat":284953},{"id":3713,"n":"Huile d'olive Rustica Vierge extra - 50cl","p":4.8,"u":"9,60 €/L","img":"https://fd2-photos.leclercdrive.fr/image.ashx?id=2930340&use=l&cat=p&typeid=i","cat":284453},{"id":3714,"n":"Serviette hygiénique Doulys Ultra minces - Normal - x16","p":1.03,"u":"0,06 €/P","img":"https://fd2-photos.leclercdrive.fr/image.ashx?id=2838924&use=l&cat=p&typeid=i","cat":284624},{"id":3716,"n":"Pizza cuite sur pierre Turini Royale - 400g","p":1.99,"u":"4,98 €/KG","img":"https://fd2-photos.leclercdrive.fr/image.ashx?id=2815205&use=l&cat=p&typeid=i","cat":284256},{"id":3742,"n":"Goûter Moelleux P'tit déli   Lait cacao et coco x10 420g","p":2.63,"u":"6,26 €/KG","img":"https://fd2-photos.leclercdrive.fr/image.ashx?id=2523691&use=l&cat=p&typeid=i","cat":284495},{"id":3743,"n":"Mini brownie Brossard Chocolat pépites x8 - 240g","p":2.65,"u":"11,04 €/KG","img":"https://fd2-photos.leclercdrive.fr/image.ashx?id=2965100&use=l&cat=p&typeid=i","cat":294776},{"id":3748,"n":"Soufflés Grignot' Tokapi  Saveur Fromage - 90g","p":0.72,"u":"8,00 €/KG","img":"https://fd2-photos.leclercdrive.fr/image.ashx?id=1956625&use=l&cat=p&typeid=i","cat":284449},{"id":3754,"n":"Crackers Tuc Bacon - 100g","p":0.84,"u":"8,40 €/KG","img":"https://fd2-photos.leclercdrive.fr/image.ashx?id=3002198&use=l&cat=p&typeid=i","cat":297000},{"id":3756,"n":"Mélange Exotique Tokapi  Bananes et papaye - 120g","p":1.47,"u":"12,25 €/KG","img":"https://fd2-photos.leclercdrive.fr/image.ashx?id=2793991&use=l&cat=p&typeid=i","cat":284448},{"id":3773,"n":"Feuilletés paniers Côté Table Jambon fromage - 4x100g","p":2.15,"u":"5,38 €/KG","img":"https://fd2-photos.leclercdrive.fr/image.ashx?id=2549382&use=l&cat=p&typeid=i","cat":319776},{"id":3775,"n":"Feuilletés paniers Côté Table Fromage de chèvre - 4x100g","p":2.95,"u":"7,38 €/KG","img":"https://fd2-photos.leclercdrive.fr/image.ashx?id=2549385&use=l&cat=p&typeid=i","cat":319776},{"id":3777,"n":"Légumes couscous Notre jardin 1kg","p":1.99,"u":"1,99 €/KG","img":"https://fd2-photos.leclercdrive.fr/image.ashx?id=2900031&use=l&cat=p&typeid=i","cat":319823},{"id":3784,"n":"Coquilles poisson Côté Table Et fruits de mer x6 - 660g","p":5.35,"u":"8,11 €/KG","img":"https://fd2-photos.leclercdrive.fr/image.ashx?id=2990092&use=l&cat=p&typeid=i","cat":319775},{"id":3785,"n":"Cabillaud MSC Pêche Océan Sans arêtes - x4 tranches 400g","p":5.99,"u":"14,98 €/KG","img":"https://fd2-photos.leclercdrive.fr/image.ashx?id=2930084&use=l&cat=p&typeid=i","cat":319786},{"id":3786,"n":"Poisson pané Pêche Océan MSC - x20 - 1kg","p":6.95,"u":"6,95 €/KG","img":"https://fd2-photos.leclercdrive.fr/image.ashx?id=2930105&use=l&cat=p&typeid=i","cat":319788},{"id":3789,"n":"Pavés de saumon Pêche Océan ASC - 2x125g","p":4.99,"u":"19,96 €/KG","img":"https://fd2-photos.leclercdrive.fr/image.ashx?id=2930102&use=l&cat=p&typeid=i","cat":319786},{"id":3794,"n":"Poisson pané Pêche Océan - MSC Colin d'alaska - x8 - 400g","p":2.78,"u":"6,95 €/KG","img":"https://fd2-photos.leclercdrive.fr/image.ashx?id=2930090&use=l&cat=p&typeid=i","cat":319788},{"id":3795,"n":"Poisson pané Pêche Océan Cabillaud - MSC - x8 400g","p":4.45,"u":"11,13 €/KG","img":"https://fd2-photos.leclercdrive.fr/image.ashx?id=2930093&use=l&cat=p&typeid=i","cat":319788},{"id":3796,"n":"Croquettes poisson Pêche Océan MSC - x6 - 300g","p":1.72,"u":"5,73 €/KG","img":"https://fd2-photos.leclercdrive.fr/image.ashx?id=2856157&use=l&cat=p&typeid=i","cat":319788},{"id":3797,"n":"Brandade morue Côté Table 1kg","p":3.99,"u":"3,99 €/KG","img":"https://fd2-photos.leclercdrive.fr/image.ashx?id=2047028&use=l&cat=p&typeid=i","cat":284254},{"id":3810,"n":"Epinards Notre Jardin Branches A la crème fraîche 1kg","p":2.98,"u":"2,98 €/KG","img":"https://fd2-photos.leclercdrive.fr/image.ashx?id=2873081&use=l&cat=p&typeid=i","cat":319805},{"id":3820,"n":"Sandwich XXL Daunat Jambon emmental - 230g","p":1.98,"u":"8,61 €/KG","img":"https://fd2-photos.leclercdrive.fr/image.ashx?id=2892700&use=l&cat=p&typeid=i","cat":333658},{"id":3823,"n":"Wings poulet Maître coq nature 400g","p":5.18,"u":"12,95 €/KG","img":"https://fd2-photos.leclercdrive.fr/image.ashx?id=2101438&use=l&cat=p&typeid=i","cat":333685},{"id":3824,"n":"Sandwich triangle Daunat Jambon emmental - 160g","p":1.45,"u":"9,06 €/KG","img":"https://fd2-photos.leclercdrive.fr/image.ashx?id=2892694&use=l&cat=p&typeid=i","cat":333658},{"id":3844,"n":"Sirop érable Maple Joe Du Canada - 250g","p":3.9,"u":"15,60 €/KG","img":"https://fd2-photos.leclercdrive.fr/image.ashx?id=2656559&use=l&cat=p&typeid=i","cat":287643},{"id":3862,"n":"Cacahuètes grillées Tokapi Salées - 500g","p":1.44,"u":"2,88 €/KG","img":"https://fd2-photos.leclercdrive.fr/image.ashx?id=2795532&use=l&cat=p&typeid=i","cat":284448},{"id":3864,"n":"Jus multifruits Jafaden 12 fruits - 1L","p":1.33,"u":"1,33 €/L","img":"https://fd2-photos.leclercdrive.fr/image.ashx?id=2461387&use=l&cat=p&typeid=i","cat":284917},{"id":3871,"n":"Pain grillé Pelletier Blé complet - 500g","p":1.95,"u":"3,90 €/KG","img":"https://fd2-photos.leclercdrive.fr/image.ashx?id=2345376&use=l&cat=p&typeid=i","cat":284479},{"id":3873,"n":"Cuisses poulet fermier Loué Jaune x2 - 480g","p":5.65,"u":"11,77 €/KG","img":"https://fd2-photos.leclercdrive.fr/image.ashx?id=2250555&use=l&cat=p&typeid=i","cat":284336},{"id":3874,"n":"Filet Poulet Jaune LR X2  IGP Volailles du Maine  - 240g","p":6.95,"u":"28,96 €/KG","img":"https://fd2-photos.leclercdrive.fr/image.ashx?id=2250561&use=l&cat=p&typeid=i","cat":284336},{"id":3904,"n":"Viande bovine Charal3x steak*** À griller - 300g","p":7.71,"u":"25,70 €/KG","img":"https://fd2-photos.leclercdrive.fr/image.ashx?id=2485907&use=l&cat=p&typeid=i","cat":284328},{"id":3914,"n":"Steak haché Charal 5%mg - 260g","p":6.46,"u":"24,85 €/KG","img":"https://fd2-photos.leclercdrive.fr/image.ashx?id=1889165&use=l&cat=p&typeid=i","cat":284332},{"id":3915,"n":"Steak haché 15%mg Charal Viande bovine - 260g","p":6.16,"u":"23,69 €/KG","img":"https://fd2-photos.leclercdrive.fr/image.ashx?id=1889174&use=l&cat=p&typeid=i","cat":284332},{"id":3916,"n":"Steak haché 12%mg Bio Charal Viande bovine - 200g","p":5.75,"u":"28,75 €/KG","img":"https://fd2-photos.leclercdrive.fr/image.ashx?id=1912553&use=l&cat=p&typeid=i","cat":284332},{"id":3917,"n":"Viande Bovine Française Charal: Pavé aux 3 poivres x2 - 260g","p":6.29,"u":"24,19 €/KG","img":"https://fd2-photos.leclercdrive.fr/image.ashx?id=2311195&use=l&cat=p&typeid=i","cat":284328},{"id":3918,"n":"Viande Bovine Française Charal Pavé à l'échalote x2 - 260g","p":6.29,"u":"24,19 €/KG","img":"https://fd2-photos.leclercdrive.fr/image.ashx?id=2311198&use=l&cat=p&typeid=i","cat":284328},{"id":3922,"n":"Carpaccio au Basilic Charal - 230g","p":6.04,"u":"26,26 €/KG","img":"https://fd2-photos.leclercdrive.fr/image.ashx?id=1933746&use=l&cat=p&typeid=i","cat":284328},{"id":3923,"n":"Bacon burger Charal 2x155g","p":7.66,"u":"24,71 €/KG","img":"https://fd2-photos.leclercdrive.fr/image.ashx?id=2547092&use=l&cat=p&typeid=i","cat":333671},{"id":3924,"n":"Cheese Burger Charal Viande bovine française 2x145g","p":7.34,"u":"25,31 €/KG","img":"https://fd2-photos.leclercdrive.fr/image.ashx?id=2516095&use=l&cat=p&typeid=i","cat":333671},{"id":3925,"n":"Maxi Cheese Charal Viande bovine française - 220g","p":4.85,"u":"22,05 €/KG","img":"https://fd2-photos.leclercdrive.fr/image.ashx?id=2547098&use=l&cat=p&typeid=i","cat":333671},{"id":3926,"n":"Hot dog Charal 120g","p":2.93,"u":"24,42 €/KG","img":"https://fd2-photos.leclercdrive.fr/image.ashx?id=2653465&use=l&cat=p&typeid=i","cat":333671},{"id":3946,"n":"Pâtes Barilla Spaghettoni n°7 - 500g","p":0.99,"u":"1,98 €/KG","img":"https://fd2-photos.leclercdrive.fr/image.ashx?id=2392221&use=l&cat=p&typeid=i","cat":284427},{"id":3952,"n":"Sucre Confisuc Saint Louis Spécial confiture - 1kg","p":2.4,"u":"2,40 €/KG","img":"https://fd2-photos.leclercdrive.fr/image.ashx?id=2019969&use=l&cat=p&typeid=i","cat":284502},{"id":3955,"n":"Ravioli pur bœuf  Panzani - 400g","p":1.6,"u":"4,00 €/KG","img":"https://fd2-photos.leclercdrive.fr/image.ashx?id=2876050&use=l&cat=p&typeid=i","cat":284442},{"id":3960,"n":"Haricots Mungo  Notre Jardin 3x90g","p":1.99,"u":"7,37 €/KG","img":"https://fd2-photos.leclercdrive.fr/image.ashx?id=2174678&use=l&cat=p&typeid=i","cat":312611},{"id":3980,"n":"Sauce bolognaise Turini 680g","p":2.44,"u":"3,59 €/KG","img":"https://fd2-photos.leclercdrive.fr/image.ashx?id=2634863&use=l&cat=p&typeid=i","cat":287599},{"id":3983,"n":"Flageolets verts Notre Jardin Extra fins - 3x130g","p":1.99,"u":"5,10 €/KG","img":"https://fd2-photos.leclercdrive.fr/image.ashx?id=2573199&use=l&cat=p&typeid=i","cat":312606},{"id":3991,"n":"Tarte aux 3 fromages Côté Table - 400g","p":2.82,"u":"7,05 €/KG","img":"https://fd2-photos.leclercdrive.fr/image.ashx?id=2791707&use=l&cat=p&typeid=i","cat":284257},{"id":3994,"n":"Tourte Côté Table Champignon jambon - 500g","p":4.99,"u":"9,98 €/KG","img":"https://fd2-photos.leclercdrive.fr/image.ashx?id=2791680&use=l&cat=p&typeid=i","cat":284257},{"id":3996,"n":"Hachis parmentier Côté table 600g","p":3.52,"u":"5,87 €/KG","img":"https://fd2-photos.leclercdrive.fr/image.ashx?id=2045181&use=l&cat=p&typeid=i","cat":284254},{"id":3997,"n":"Hachis parmentier Côté table 1kg","p":4.83,"u":"4,83 €/KG","img":"https://fd2-photos.leclercdrive.fr/image.ashx?id=2045172&use=l&cat=p&typeid=i","cat":284254},{"id":3998,"n":"Frites allumettes Pom'lisse Au four - 600g","p":1.24,"u":"2,07 €/KG","img":"https://fd2-photos.leclercdrive.fr/image.ashx?id=2699666&use=l&cat=p&typeid=i","cat":319791},{"id":4000,"n":"Quiche lorraine Côté Table Mini - 8x100g","p":6.5,"u":"8,13 €/KG","img":"https://fd2-photos.leclercdrive.fr/image.ashx?id=2869787&use=l&cat=p&typeid=i","cat":284257},{"id":4001,"n":"Gratin d'aubergines Côté Table 450g","p":3.75,"u":"8,33 €/KG","img":"https://fd2-photos.leclercdrive.fr/image.ashx?id=1983436&use=l&cat=p&typeid=i","cat":319802},{"id":4003,"n":"Coquilles Saint-Jacques NRT baie de St-Brieuc x2 - 200g","p":6.79,"u":"33,95 €/KG","img":"https://fd2-photos.leclercdrive.fr/image.ashx?id=2839956&use=l&cat=p&typeid=i","cat":319775},{"id":4007,"n":"Macédoine légumes Notre jardin 1kg","p":1.77,"u":"1,77 €/KG","img":"https://fd2-photos.leclercdrive.fr/image.ashx?id=2873075&use=l&cat=p&typeid=i","cat":319823},{"id":4008,"n":"Julienne légumes Notre jardin 600g","p":1.38,"u":"2,30 €/KG","img":"https://fd2-photos.leclercdrive.fr/image.ashx?id=2900073&use=l&cat=p&typeid=i","cat":319823},{"id":4009,"n":"Printanière légumes Notre jardin 1kg","p":1.47,"u":"1,47 €/KG","img":"https://fd2-photos.leclercdrive.fr/image.ashx?id=2873030&use=l&cat=p&typeid=i","cat":319823},{"id":4014,"n":"Gratin choux fleurs Côté Table 450g","p":3.72,"u":"8,27 €/KG","img":"https://fd2-photos.leclercdrive.fr/image.ashx?id=1977356&use=l&cat=p&typeid=i","cat":319802},{"id":4022,"n":"Fricassée de poulet Côté table Riz et légumes 900g","p":6.51,"u":"7,23 €/KG","img":"https://fd2-photos.leclercdrive.fr/image.ashx?id=2549370&use=l&cat=p&typeid=i","cat":284254},{"id":4024,"n":"Sauce crudité Rustica Nature - 50cl","p":0.88,"u":"1,76 €/L","img":"https://fd2-photos.leclercdrive.fr/image.ashx?id=1972910&use=l&cat=p&typeid=i","cat":284456},{"id":4025,"n":"Pois chiches Notre Jardin 530g","p":1.19,"u":"2,25 €/KG","img":"https://fd2-photos.leclercdrive.fr/image.ashx?id=2988006&use=l&cat=p&typeid=i","cat":312609},{"id":4026,"n":"Cuisses poulet rôti Le gaulois x2 - 350g","p":5.0,"u":"14,29 €/KG","img":"https://fd2-photos.leclercdrive.fr/image.ashx?id=2277122&use=l&cat=p&typeid=i","cat":284336},{"id":4028,"n":"Filets poulet rôti Le gaulois 230g","p":6.9,"u":"30,00 €/KG","img":"https://fd2-photos.leclercdrive.fr/image.ashx?id=2686879&use=l&cat=p&typeid=i","cat":284336},{"id":4101,"n":"Pâtes coquillettes Panzani 1kg","p":1.76,"u":"1,76 €/KG","img":"https://fd2-photos.leclercdrive.fr/image.ashx?id=2873823&use=l&cat=p&typeid=i","cat":284427},{"id":4103,"n":"Compotes Andros Pomme Fraise - 8x100g","p":2.7,"u":"3,38 €/KG","img":"https://fd2-photos.leclercdrive.fr/image.ashx?id=2883940&use=l&cat=p&typeid=i","cat":284416},{"id":4141,"n":"Infusion Tiséa réglisse menthe x25","p":0.9,"u":"22,50 €/KG","img":"https://fd2-photos.leclercdrive.fr/image.ashx?id=2553908&use=l&cat=p&typeid=i","cat":293234},{"id":4241,"n":"Tarte Tatin Autour du Dessert 600g","p":4.69,"u":"7,82 €/KG","img":"https://fd2-photos.leclercdrive.fr/image.ashx?id=2062480&use=l&cat=p&typeid=i","cat":284267},{"id":4242,"n":"Vacherin Eskiss Vanille framboise - 535g","p":4.65,"u":"8,69 €/KG","img":"https://fd2-photos.leclercdrive.fr/image.ashx?id=2119121&use=l&cat=p&typeid=i","cat":284266},{"id":4243,"n":"Tarte citron meringuée Trofic 500g","p":5.59,"u":"11,18 €/KG","img":"https://fd2-photos.leclercdrive.fr/image.ashx?id=2062477&use=l&cat=p&typeid=i","cat":284267},{"id":4249,"n":"Crème glacée Eskiss Chocolat noir - 494g","p":2.35,"u":"4,76 €/KG","img":"https://fd2-photos.leclercdrive.fr/image.ashx?id=2698162&use=l&cat=p&typeid=i","cat":284263},{"id":4250,"n":"Crème glacée Eskiss Café - 494g","p":2.14,"u":"4,33 €/KG","img":"https://fd2-photos.leclercdrive.fr/image.ashx?id=3002545&use=l&cat=p&typeid=i","cat":284263},{"id":4255,"n":"Crème glacée Eskiss Rhum raisin - 494g","p":2.45,"u":"4,96 €/KG","img":"https://fd2-photos.leclercdrive.fr/image.ashx?id=2982589&use=l&cat=p&typeid=i","cat":284263},{"id":4257,"n":"Flammekueche d'Alsace surgelé NRT - 2x250g","p":4.99,"u":"9,98 €/KG","img":"https://fd2-photos.leclercdrive.fr/image.ashx?id=2779301&use=l&cat=p&typeid=i","cat":284257},{"id":4258,"n":"Glace Tyrolia Eskiss 320g","p":2.03,"u":"6,34 €/KG","img":"https://fd2-photos.leclercdrive.fr/image.ashx?id=2075663&use=l&cat=p&typeid=i","cat":284266},{"id":4259,"n":"Pâtes spaghetti Panzani 1kg","p":1.72,"u":"1,72 €/KG","img":"https://fd2-photos.leclercdrive.fr/image.ashx?id=2869555&use=l&cat=p&typeid=i","cat":284427},{"id":4260,"n":"Biscuits sablés P'tit Déli Chocolat au lait - 200g","p":1.19,"u":"5,95 €/KG","img":"https://fd2-photos.leclercdrive.fr/image.ashx?id=2768457&use=l&cat=p&typeid=i","cat":284488},{"id":4289,"n":"Boisson apéritif Voltano Base de vin rosso 14.4%vol 1L","p":4.75,"u":"4,75 €/L","img":"https://fd2-photos.leclercdrive.fr/image.ashx?id=2473957&use=l&cat=p&typeid=i","cat":284913},{"id":4290,"n":"Marrons entiers Notre Jardin - 510g","p":5.19,"u":"10,18 €/KG","img":"https://fd2-photos.leclercdrive.fr/image.ashx?id=2263143&use=l&cat=p&typeid=i","cat":312612},{"id":4324,"n":"Collants Well Elastivoile Satiné noir T2","p":4.18,"img":"https://fd2-photos.leclercdrive.fr/image.ashx?id=2056395&use=l&cat=p&typeid=i","cat":334130},{"id":4325,"n":"Collants Well Elastivoile Satiné T3","p":4.18,"img":"https://fd2-photos.leclercdrive.fr/image.ashx?id=2056398&use=l&cat=p&typeid=i","cat":334130},{"id":4326,"n":"Collant Well Elastivoile Satiné noir T4","p":4.18,"img":"https://fd2-photos.leclercdrive.fr/image.ashx?id=2056401&use=l&cat=p&typeid=i","cat":334130},{"id":4327,"n":"Collants Well Elastivoile Satiné ibiza T3","p":4.18,"img":"https://fd2-photos.leclercdrive.fr/image.ashx?id=2056383&use=l&cat=p&typeid=i","cat":334130},{"id":4328,"n":"Collants Well Elastivoile Satiné ibiza T4","p":4.18,"img":"https://fd2-photos.leclercdrive.fr/image.ashx?id=2056386&use=l&cat=p&typeid=i","cat":334130},{"id":4346,"n":"Crêpes Côté Table Fromage x6 - 300g","p":1.75,"u":"5,83 €/KG","img":"https://fd2-photos.leclercdrive.fr/image.ashx?id=2932399&use=l&cat=p&typeid=i","cat":319776},{"id":4367,"n":"Papier toilette Uni Vert Compact écologique - x4","p":3.29,"u":"0,82 €/P","img":"https://fd2-photos.leclercdrive.fr/image.ashx?id=2549948&use=l&cat=p&typeid=i","cat":284634},{"id":4369,"n":"Gel wc menthe pin Uni Vert 750ml","p":1.62,"u":"2,16 €/L","img":"https://fd2-photos.leclercdrive.fr/image.ashx?id=2965446&use=l&cat=p&typeid=i","cat":284662},{"id":4381,"n":"Safran poudre Rustica 3 doses de 0,1g","p":2.96,"img":"https://fd2-photos.leclercdrive.fr/image.ashx?id=2870014&use=l&cat=p&typeid=i","cat":298297},{"id":4407,"n":"Biscuits duo glacier P'tit Déli 100g","p":1.25,"u":"12,50 €/KG","img":"https://fd2-photos.leclercdrive.fr/image.ashx?id=2874687&use=l&cat=p&typeid=i","cat":284487},{"id":4412,"n":"Boisson énergisante Red Bull 250ml","p":1.05,"u":"4,20 €/L","img":"https://fd2-photos.leclercdrive.fr/image.ashx?id=2340300&use=l&cat=p&typeid=i","cat":284533},{"id":4417,"n":"Sauce Fondue d'échalote Charal 100g","p":1.89,"u":"18,90 €/KG","img":"https://fd2-photos.leclercdrive.fr/image.ashx?id=2859251&use=l&cat=p&typeid=i","cat":284382},{"id":4420,"n":"Sauce aux Morilles Charal 2 personnes - 120g","p":2.0,"pp":1.7,"u":"14,17 €/KG","img":"https://fd2-photos.leclercdrive.fr/image.ashx?id=2105023&use=l&cat=p&typeid=i","cat":284382},{"id":4423,"n":"Sauce béarnaise Charal 120g","p":2.05,"u":"17,08 €/KG","img":"https://fd2-photos.leclercdrive.fr/image.ashx?id=2105011&use=l&cat=p&typeid=i","cat":284382},{"id":4425,"n":"Sauce aux 3 poivres Charal 2 personnes - 120g","p":2.1,"u":"17,50 €/KG","img":"https://fd2-photos.leclercdrive.fr/image.ashx?id=2105014&use=l&cat=p&typeid=i","cat":284382},{"id":4426,"n":"Sauce au Roquefort Charal 2 personnes - 120g","p":2.11,"u":"17,58 €/KG","img":"https://fd2-photos.leclercdrive.fr/image.ashx?id=2881329&use=l&cat=p&typeid=i","cat":284382},{"id":4427,"n":"Sauce Forestière Charal 2 personnes - 120g","p":2.05,"u":"17,08 €/KG","img":"https://fd2-photos.leclercdrive.fr/image.ashx?id=2558957&use=l&cat=p&typeid=i","cat":284382},{"id":4431,"n":"Plumeaux Clair jetables Avec poignée x5","p":3.03,"img":"https://fd2-photos.leclercdrive.fr/image.ashx?id=2832924&use=l&cat=p&typeid=i","cat":325364},{"id":4438,"n":"Hot Dog Charal ketchup 120g","p":2.92,"u":"24,33 €/KG","img":"https://fd2-photos.leclercdrive.fr/image.ashx?id=2264734&use=l&cat=p&typeid=i","cat":333671},{"id":4454,"n":"Entrecôte de boeuf *** à griller - 200g","p":5.59,"u":"27,95 €/KG","img":"https://fd2-photos.leclercdrive.fr/image.ashx?id=760101&use=l&cat=p&typeid=i","cat":284328},{"id":4469,"n":"Combustible poêle pétrole PTX 2000 20L","p":21.85,"u":"1,09 €/L","img":"https://fd2-photos.leclercdrive.fr/image.ashx?id=2798328&use=l&cat=p&typeid=i","cat":300577},{"id":4512,"n":"Pur jus orange Jafaden Sans pulpe - 1L","p":2.43,"u":"2,43 €/L","img":"https://fd2-photos.leclercdrive.fr/image.ashx?id=2916668&use=l&cat=p&typeid=i","cat":285435},{"id":4518,"n":"Pomme de terre de consommation N.Jardin entières, épluch. 500g","p":1.35,"u":"2,70 €/KG","img":"https://fd2-photos.leclercdrive.fr/image.ashx?id=2694088&use=l&cat=p&typeid=i","cat":284352},{"id":4524,"n":"Filtre café Eco+ N°4 - x100","p":1.12,"u":"0,01 €/P","img":"https://fd2-photos.leclercdrive.fr/image.ashx?id=2593806&use=l&cat=p&typeid=i","cat":284751},{"id":4543,"n":"Gel Lubrifiant Intime Durex Sensitive base Eau 50ml","p":4.62,"u":"92,40 €/L","img":"https://fd2-photos.leclercdrive.fr/image.ashx?id=2961200&use=l&cat=p&typeid=i","cat":285160},{"id":4554,"n":"Sot l'y laisse Le Gaulois Dinde - 250g","p":5.75,"u":"23,00 €/KG","img":"https://fd2-photos.leclercdrive.fr/image.ashx?id=2732740&use=l&cat=p&typeid=i","cat":284715},{"id":4555,"n":"Aiguillette Poulet Jaune LR  IGP Volailles du Maine  - 180g","p":5.7,"u":"31,67 €/KG","img":"https://fd2-photos.leclercdrive.fr/image.ashx?id=2592546&use=l&cat=p&typeid=i","cat":284336},{"id":4566,"n":"Nuggets de poulet Maître coq 1kg","p":7.99,"u":"7,99 €/KG","img":"https://fd2-photos.leclercdrive.fr/image.ashx?id=2877826&use=l&cat=p&typeid=i","cat":333684},{"id":4567,"n":"Panés de poulet Maître Coq 1kg","p":8.0,"u":"8,00 €/KG","img":"https://fd2-photos.leclercdrive.fr/image.ashx?id=2877823&use=l&cat=p&typeid=i","cat":333684},{"id":4569,"n":"Coq'ailes Maître Coq Mexicain - 250g","p":3.63,"u":"14,52 €/KG","img":"https://fd2-photos.leclercdrive.fr/image.ashx?id=2432034&use=l&cat=p&typeid=i","cat":333685},{"id":4570,"n":"Coq'ailes Maître coq Nature - 250g","p":3.12,"u":"12,48 €/KG","img":"https://fd2-photos.leclercdrive.fr/image.ashx?id=2412591&use=l&cat=p&typeid=i","cat":333685},{"id":4594,"n":"Baguette de campagne 250g","p":0.89,"u":"3,56 €/KG","img":"https://fd2-photos.leclercdrive.fr/image.ashx?id=2062915&use=l&cat=p&typeid=i","cat":284359},{"id":4626,"n":"Vinaigrette Rustica Nature - 50cl","p":0.88,"u":"1,76 €/L","img":"https://fd2-photos.leclercdrive.fr/image.ashx?id=1972898&use=l&cat=p&typeid=i","cat":284456},{"id":4628,"n":"Moutarde de Dijon Rustica  Fine et forte - 440g","p":1.13,"u":"2,57 €/KG","img":"https://fd2-photos.leclercdrive.fr/image.ashx?id=2954340&use=l&cat=p&typeid=i","cat":288850},{"id":4629,"n":"Moutarde à l'ancienne Rustica Vinaigre - 350g","p":1.12,"u":"3,20 €/KG","img":"https://fd2-photos.leclercdrive.fr/image.ashx?id=2954343&use=l&cat=p&typeid=i","cat":288850},{"id":4630,"n":"Pâté piment d'Espelette NRT Label Rouge - 180g","p":2.39,"u":"13,28 €/KG","img":"https://fd2-photos.leclercdrive.fr/image.ashx?id=2991485&use=l&cat=p&typeid=i","cat":305149},{"id":4640,"n":"Petits pois carottes Notre Jard Extra fins - 420g","p":1.35,"u":"3,21 €/KG","img":"https://fd2-photos.leclercdrive.fr/image.ashx?id=2987943&use=l&cat=p&typeid=i","cat":312607},{"id":4641,"n":"Croquettes chaton Purina One Junior - Poulet/Céréales - 450g","p":2.6,"u":"5,78 €/KG","img":"https://fd2-photos.leclercdrive.fr/image.ashx?id=2499883&use=l&cat=p&typeid=i","cat":284680},{"id":4667,"n":"Yaourts Mamie Nova Ananas passion - 2x150g","p":1.23,"u":"4,10 €/KG","img":"https://fd2-photos.leclercdrive.fr/image.ashx?id=2886960&use=l&cat=p&typeid=i","cat":284410},{"id":4679,"n":"Gel WC nettoyant Syphon Javel eucalyptus - 750ml","p":0.87,"u":"1,16 €/L","img":"https://fd2-photos.leclercdrive.fr/image.ashx?id=2663359&use=l&cat=p&typeid=i","cat":284662},{"id":4682,"n":"Petits pois Notre Jardin A l'étuvée - Extra fins - 445g","p":1.28,"u":"2,88 €/KG","img":"https://fd2-photos.leclercdrive.fr/image.ashx?id=2987940&use=l&cat=p&typeid=i","cat":312607},{"id":4705,"n":"Champignon de Paris Barquette  500g","p":2.45,"u":"4,90 €/KG","img":"https://fd2-photos.leclercdrive.fr/image.ashx?id=1631898&use=l&cat=p&typeid=i","cat":284352},{"id":4727,"n":"Chocolat au lait Tablette d'Or Raisins secs & Noisettes - 200g","p":2.19,"u":"10,95 €/KG","img":"https://fd2-photos.leclercdrive.fr/image.ashx?id=2578629&use=l&cat=p&typeid=i","cat":284497},{"id":4766,"n":"Gazpacho Notre Jardin 1L","p":2.57,"u":"2,57 €/L","img":"https://fd2-photos.leclercdrive.fr/image.ashx?id=2794832&use=l&cat=p&typeid=i","cat":284355},{"id":4852,"n":"Thon blanc Petit Navire Au naturel - 140g","p":3.29,"u":"23,50 €/KG","img":"https://fd2-photos.leclercdrive.fr/image.ashx?id=2570996&use=l&cat=p&typeid=i","cat":303867},{"id":4876,"n":"Petits pots bébé NATURNES Carottes 4M+ - 2x130g","p":1.06,"u":"4,08 €/KG","img":"https://fd2-photos.leclercdrive.fr/image.ashx?id=2522398&use=l&cat=p&typeid=i","cat":312234},{"id":4879,"n":"Petits pots bébé NATURNES Courgettes 4M+ - 2x130g","p":1.0,"u":"3,85 €/KG","img":"https://fd2-photos.leclercdrive.fr/image.ashx?id=2532249&use=l&cat=p&typeid=i","cat":312234},{"id":4880,"n":"Petits pots bébé NATURNES Epinards 4M+ - 2x130g","p":1.08,"u":"4,15 €/KG","img":"https://fd2-photos.leclercdrive.fr/image.ashx?id=2736973&use=l&cat=p&typeid=i","cat":312234},{"id":4881,"n":"Petits pots bébé NATURNES Potiron 4M+ - 2x130g","p":1.0,"u":"3,85 €/KG","img":"https://fd2-photos.leclercdrive.fr/image.ashx?id=2532252&use=l&cat=p&typeid=i","cat":312234},{"id":4905,"n":"Purée de fruit NATURNES Pomme banane 4M+ - 4x130g","p":2.18,"u":"4,19 €/KG","img":"https://fd2-photos.leclercdrive.fr/image.ashx?id=2599937&use=l&cat=p&typeid=i","cat":312387},{"id":4906,"n":"Purée de fruit NATURNES Pommes Poires 4M+ - 4x130g","p":2.27,"u":"4,37 €/KG","img":"https://fd2-photos.leclercdrive.fr/image.ashx?id=2672551&use=l&cat=p&typeid=i","cat":312387},{"id":4909,"n":"Purée de fruit NATURNES Fruits du soleil 8M+ - 4x130g","p":2.2,"u":"4,23 €/KG","img":"https://fd2-photos.leclercdrive.fr/image.ashx?id=2629647&use=l&cat=p&typeid=i","cat":312388},{"id":4910,"n":"Purée de fruit NATURNES 6M+ Pomme Fraise Myrtilles - 4x130g","p":2.28,"u":"4,38 €/KG","img":"https://fd2-photos.leclercdrive.fr/image.ashx?id=2478399&use=l&cat=p&typeid=i","cat":312388},{"id":4971,"n":"Fromage Spécialité Port Salut - 320g","p":2.79,"u":"8,72 €/KG","img":"https://fd2-photos.leclercdrive.fr/image.ashx?id=2143762&use=l&cat=p&typeid=i","cat":329184},{"id":4988,"n":"Beurre Moulé Paysan Breton Doux - 82%MG - 500g","p":5.49,"u":"10,98 €/KG","img":"https://fd2-photos.leclercdrive.fr/image.ashx?id=2774496&use=l&cat=p&typeid=i","cat":284379},{"id":4996,"n":"Cordon bleu Le Gaulois Dinde - 200g","p":2.35,"u":"11,75 €/KG","img":"https://fd2-photos.leclercdrive.fr/image.ashx?id=2860220&use=l&cat=p&typeid=i","cat":333683},{"id":4997,"n":"Gésiers de volaille Le Gaulois 300g","p":3.99,"u":"13,30 €/KG","img":"https://fd2-photos.leclercdrive.fr/image.ashx?id=2732722&use=l&cat=p&typeid=i","cat":284715},{"id":5000,"n":"Frites de poulet Le Gaulois Panées France - 200g","p":3.65,"u":"18,25 €/KG","img":"https://fd2-photos.leclercdrive.fr/image.ashx?id=2261657&use=l&cat=p&typeid=i","cat":333684},{"id":5005,"n":"Rôti filet de dinde le Gaulois 600g","p":9.65,"u":"16,08 €/KG","img":"https://fd2-photos.leclercdrive.fr/image.ashx?id=2263889&use=l&cat=p&typeid=i","cat":284337},{"id":5010,"n":"Jambon fumé grill Petitgas A poêler 5 tranches 500g","p":6.13,"u":"12,26 €/KG","img":"https://fd2-photos.leclercdrive.fr/image.ashx?id=1730013&use=l&cat=p&typeid=i","cat":316009},{"id":5015,"n":"Yaourts Les Zaros Délisse Fruits panachés - 16x125g","p":2.48,"u":"1,24 €/KG","img":"https://fd2-photos.leclercdrive.fr/image.ashx?id=2970444&use=l&cat=p&typeid=i","cat":284414},{"id":5016,"n":"Yaourts nature Déli'light 0% MG - 12x125g","p":1.91,"u":"1,27 €/KG","img":"https://fd2-photos.leclercdrive.fr/image.ashx?id=2922482&use=l&cat=p&typeid=i","cat":315000},{"id":5018,"n":"Yaourts Délisse Nature - 4x125g","p":0.65,"u":"1,30 €/KG","img":"https://fd2-photos.leclercdrive.fr/image.ashx?id=3003052&use=l&cat=p&typeid=i","cat":284409},{"id":5021,"n":"Crottin de chèvre Les Croisés 23%mg - 2x60g","p":1.78,"u":"14,83 €/KG","img":"https://fd2-photos.leclercdrive.fr/image.ashx?id=2891878&use=l&cat=p&typeid=i","cat":314031},{"id":5022,"n":"Graisse à frire Rustica végétale - 1kg","p":5.77,"u":"5,77 €/KG","img":"https://fd2-photos.leclercdrive.fr/image.ashx?id=2903941&use=l&cat=p&typeid=i","cat":315229},{"id":5023,"n":"Salade composée Notre Jardin Mélée gourmande - 200g","p":0.99,"u":"4,95 €/KG","img":"https://fd2-photos.leclercdrive.fr/image.ashx?id=2720145&use=l&cat=p&typeid=i","cat":284353},{"id":5024,"n":"Viande des grisons Saint Azay 10 tranches - 80g","p":4.09,"u":"51,13 €/KG","img":"https://fd2-photos.leclercdrive.fr/image.ashx?id=2848490&use=l&cat=p&typeid=i","cat":316007},{"id":5025,"n":"Salade Notre Jardin Jeunes pousses - 125g","p":1.49,"u":"11,92 €/KG","img":"https://fd2-photos.leclercdrive.fr/image.ashx?id=2720154&use=l&cat=p&typeid=i","cat":284353},{"id":5026,"n":"Ravioli Turini Boeuf aux oignons - 300g","p":1.53,"u":"5,10 €/KG","img":"https://fd2-photos.leclercdrive.fr/image.ashx?id=2778036&use=l&cat=p&typeid=i","cat":333682},{"id":5028,"n":"Piémontaise Menu Fraîcheur Au jambon - 500g","p":2.2,"u":"4,40 €/KG","img":"https://fd2-photos.leclercdrive.fr/image.ashx?id=2901428&use=l&cat=p&typeid=i","cat":333657},{"id":5029,"n":"Museau de porc Menu Fraîcheur A la lyonnaise - 300g","p":1.99,"u":"6,63 €/KG","img":"https://fd2-photos.leclercdrive.fr/image.ashx?id=2816558&use=l&cat=p&typeid=i","cat":333657},{"id":5031,"n":"Petits chèvres doux Les Croisés 200g","p":2.02,"u":"10,10 €/KG","img":"https://fd2-photos.leclercdrive.fr/image.ashx?id=2927179&use=l&cat=p&typeid=i","cat":314031},{"id":5032,"n":"Pizza Turini Chorizo - 450g","p":2.69,"u":"5,98 €/KG","img":"https://fd2-photos.leclercdrive.fr/image.ashx?id=2989649&use=l&cat=p&typeid=i","cat":333679},{"id":5037,"n":"Gésiers de volaille Volandrie 300g","p":2.54,"u":"8,47 €/KG","img":"https://fd2-photos.leclercdrive.fr/image.ashx?id=2814860&use=l&cat=p&typeid=i","cat":284715},{"id":5039,"n":"Crème caramel Délisse 8x100g","p":2.98,"u":"3,73 €/KG","img":"https://fd2-photos.leclercdrive.fr/image.ashx?id=2466069&use=l&cat=p&typeid=i","cat":284419},{"id":5041,"n":"Fromage blanc Déli'light Nature 0% MG - 1kg","p":1.79,"u":"1,79 €/KG","img":"https://fd2-photos.leclercdrive.fr/image.ashx?id=2905213&use=l&cat=p&typeid=i","cat":315000},{"id":5042,"n":"Fromage raclette Les Croisés 3 variétés - 26%mg - 700g","p":9.29,"u":"13,27 €/KG","img":"https://fd2-photos.leclercdrive.fr/image.ashx?id=2791755&use=l&cat=p&typeid=i","cat":314037},{"id":5044,"n":"Fromage à tartiner Les Croisés  Ail et fines herbes 25%mg 150g","p":1.29,"u":"8,60 €/KG","img":"https://fd2-photos.leclercdrive.fr/image.ashx?id=2476122&use=l&cat=p&typeid=i","cat":314029},{"id":5045,"n":"Riz au lait Délisse Vanille - 8x115g","p":2.08,"u":"2,26 €/KG","img":"https://fd2-photos.leclercdrive.fr/image.ashx?id=2489116&use=l&cat=p&typeid=i","cat":284418},{"id":5046,"n":"Roquefort NRT AOP  Fromage de brebis -150g","p":2.99,"u":"19,93 €/KG","img":"https://fd2-photos.leclercdrive.fr/image.ashx?id=2771046&use=l&cat=p&typeid=i","cat":314032},{"id":5047,"n":"Gratte éponge Spontex Sans rinçage x3","p":1.36,"u":"0,45 €/P","img":"https://fd2-photos.leclercdrive.fr/image.ashx?id=2975783&use=l&cat=p&typeid=i","cat":284667},{"id":5049,"n":"Whisky Sir Edward's 40%vol - 1L","p":16.24,"pp":14.62,"u":"14,62 €/L","img":"https://fd2-photos.leclercdrive.fr/image.ashx?id=2510747&use=l&cat=p&typeid=i","cat":284547},{"id":5050,"n":"Sucre de canne Canadou 70cl","p":2.5,"u":"3,57 €/L","img":"https://fd2-photos.leclercdrive.fr/image.ashx?id=2534587&use=l&cat=p&typeid=i","cat":284551},{"id":5054,"n":"Olives Vertes Dénoyautées  100g","p":0.9,"u":"9,00 €/KG","img":"https://fd2-photos.leclercdrive.fr/image.ashx?id=2923432&use=l&cat=p&typeid=i","cat":284450},{"id":5070,"n":"Whisky Jack Daniel's Old N°7 70cL","p":20.69,"u":"29,56 €/L","img":"https://fd2-photos.leclercdrive.fr/image.ashx?id=2789763&use=l&cat=p&typeid=i","cat":284547},{"id":5073,"n":"Muscat Olympio Samos 75cl","p":4.52,"u":"6,03 €/L","img":"https://fd2-photos.leclercdrive.fr/image.ashx?id=2504077&use=l&cat=p&typeid=i","cat":284913},{"id":5078,"n":"Sucres morceaux Béghin Say n°4 1kg","p":1.89,"u":"1,89 €/KG","img":"https://fd2-photos.leclercdrive.fr/image.ashx?id=2860172&use=l&cat=p&typeid=i","cat":284502},{"id":5079,"n":"Sucre cristal Béghin Say 1kg","p":1.88,"u":"1,88 €/KG","img":"https://fd2-photos.leclercdrive.fr/image.ashx?id=2866343&use=l&cat=p&typeid=i","cat":284502},{"id":5080,"n":"Sucre poudre Béghin Say Etui 1kg","p":1.74,"u":"1,74 €/KG","img":"https://fd2-photos.leclercdrive.fr/image.ashx?id=2866346&use=l&cat=p&typeid=i","cat":284502},{"id":5081,"n":"Sucre poudre Béghin Say 1kg","p":1.75,"u":"1,75 €/KG","img":"https://fd2-photos.leclercdrive.fr/image.ashx?id=2866349&use=l&cat=p&typeid=i","cat":284502},{"id":5082,"n":"Sucre blanc Beghin Say Spécial confiture - 1kg","p":2.29,"u":"2,29 €/KG","img":"https://fd2-photos.leclercdrive.fr/image.ashx?id=2666761&use=l&cat=p&typeid=i","cat":284502},{"id":5098,"n":"Colle Super Glue 3 Loctite Power gel - 3g","p":5.99,"img":"https://fd2-photos.leclercdrive.fr/image.ashx?id=2020278&use=l&cat=p&typeid=i","cat":300576},{"id":5110,"n":"Pâtes Coquillettes Turini  1kg","p":1.35,"u":"1,35 €/KG","img":"https://fd2-photos.leclercdrive.fr/image.ashx?id=3013286&use=l&cat=p&typeid=i","cat":284427},{"id":5111,"n":"Couscous Comptoir du grain Grain fin - 500g","p":1.27,"u":"2,54 €/KG","img":"https://fd2-photos.leclercdrive.fr/image.ashx?id=3012806&use=l&cat=p&typeid=i","cat":284429},{"id":5112,"n":"Chocolat blanc Tablette d'Or Blanc - 2x100g","p":2.23,"u":"11,15 €/KG","img":"https://fd2-photos.leclercdrive.fr/image.ashx?id=2790880&use=l&cat=p&typeid=i","cat":284957},{"id":5114,"n":"Filet de harengs Pêche Océan MSC - Au naturel - 200g","p":1.75,"u":"8,75 €/KG","img":"https://fd2-photos.leclercdrive.fr/image.ashx?id=2694212&use=l&cat=p&typeid=i","cat":285190},{"id":5116,"n":"Crème de pêche Auguste Muniot 15%vol. - 50cl","p":4.99,"u":"9,98 €/L","img":"https://fd2-photos.leclercdrive.fr/image.ashx?id=2753360&use=l&cat=p&typeid=i","cat":286032},{"id":5117,"n":"Café soluble Plantation Qualité filtre - 200g","p":4.41,"u":"22,05 €/KG","img":"https://fd2-photos.leclercdrive.fr/image.ashx?id=2834269&use=l&cat=p&typeid=i","cat":284843},{"id":5125,"n":"Farine de blé bio T65 Bio Village - 1kg","p":0.99,"u":"0,99 €/KG","img":"https://fd2-photos.leclercdrive.fr/image.ashx?id=2448418&use=l&cat=p&typeid=i","cat":284503},{"id":5126,"n":"Riz long Comptoir du Grain Cuisson rapide 10min - 1kg","p":1.69,"u":"1,69 €/KG","img":"https://fd2-photos.leclercdrive.fr/image.ashx?id=2764137&use=l&cat=p&typeid=i","cat":284428},{"id":5128,"n":"Chips Pom'lisse Bolognaise - 135g","p":1.29,"u":"9,56 €/KG","img":"https://fd2-photos.leclercdrive.fr/image.ashx?id=2919604&use=l&cat=p&typeid=i","cat":284447},{"id":5132,"n":"Croûtons Epi d'Or Nature - 2x90g","p":0.99,"u":"5,50 €/KG","img":"https://fd2-photos.leclercdrive.fr/image.ashx?id=2606037&use=l&cat=p&typeid=i","cat":284464},{"id":5158,"n":"Déodorant Bille Femme Nivea Dry Confort 72H - 50ml","p":2.09,"u":"41,80 €/L","img":"https://fd2-photos.leclercdrive.fr/image.ashx?id=2871058&use=l&cat=p&typeid=i","cat":284595},{"id":5160,"n":"Pur jus de fruits Tropicana Réveil fruité - 1,5L","p":3.55,"u":"2,37 €/L","img":"https://fd2-photos.leclercdrive.fr/image.ashx?id=2606400&use=l&cat=p&typeid=i","cat":284521},{"id":5166,"n":"Sucettes Chupa Chups The Best x16 192g","p":1.74,"u":"9,06 €/KG","img":"https://fd2-photos.leclercdrive.fr/image.ashx?id=2647654&use=l&cat=p&typeid=i","cat":304250},{"id":5176,"n":"Pâtes Alphabet Panzani 500g","p":1.28,"u":"2,56 €/KG","img":"https://fd2-photos.leclercdrive.fr/image.ashx?id=2896063&use=l&cat=p&typeid=i","cat":284427},{"id":5192,"n":"Croissants pur beurre 5x1p","p":4.49,"u":"0,90 €/P","img":"https://fd2-photos.leclercdrive.fr/image.ashx?id=565278&use=l&cat=p&typeid=i","cat":284984},{"id":5194,"n":"Pains au chocolat pur beurre  5x1p","p":4.49,"u":"0,90 €/P","img":"https://fd2-photos.leclercdrive.fr/image.ashx?id=2070956&use=l&cat=p&typeid=i","cat":284984},{"id":5228,"n":"Pâtes Lustucru spaghetti courts Oeufs frais - 250g","p":0.97,"u":"3,88 €/KG","img":"https://fd2-photos.leclercdrive.fr/image.ashx?id=2519477&use=l&cat=p&typeid=i","cat":284427},{"id":5248,"n":"Yaourts aux fruits Délisse Panaché de fruits - 12x125g","p":3.39,"u":"2,26 €/KG","img":"https://fd2-photos.leclercdrive.fr/image.ashx?id=2658575&use=l&cat=p&typeid=i","cat":284410},{"id":5250,"n":"Crème glacée Eskiss Pistache avec éclats - 494g","p":2.51,"u":"5,08 €/KG","img":"https://fd2-photos.leclercdrive.fr/image.ashx?id=2982586&use=l&cat=p&typeid=i","cat":284263},{"id":5254,"n":"Croc's jambon Côté Croc Dinde x2 - 100g","p":1.72,"u":"8,60 €/KG","img":"https://fd2-photos.leclercdrive.fr/image.ashx?id=2449760&use=l&cat=p&typeid=i","cat":333683},{"id":5255,"n":"Croc Côté Croc Poulet Fromage x2 - 200g","p":1.54,"u":"7,70 €/KG","img":"https://fd2-photos.leclercdrive.fr/image.ashx?id=2967549&use=l&cat=p&typeid=i","cat":333683},{"id":5261,"n":"Fromage blanc Délisse Nature 7.8% MG - 8x100g","p":2.89,"u":"3,61 €/KG","img":"https://fd2-photos.leclercdrive.fr/image.ashx?id=3012812&use=l&cat=p&typeid=i","cat":284409},{"id":5264,"n":"Crème glacée Eskiss Fraise avec morceaux - 494g","p":2.84,"u":"5,75 €/KG","img":"https://fd2-photos.leclercdrive.fr/image.ashx?id=2982598&use=l&cat=p&typeid=i","cat":284263},{"id":5265,"n":"Piémontaise Menu Fraîcheur  Au jambon - 300g","p":1.59,"u":"5,30 €/KG","img":"https://fd2-photos.leclercdrive.fr/image.ashx?id=2901425&use=l&cat=p&typeid=i","cat":333657},{"id":5271,"n":"Betteraves Menu Fraîcheur  Rouge en dés - 300g","p":1.19,"u":"3,97 €/KG","img":"https://fd2-photos.leclercdrive.fr/image.ashx?id=2552418&use=l&cat=p&typeid=i","cat":333657},{"id":5274,"n":"Quiche lorraine Coté Table 2x130g","p":2.69,"u":"10,35 €/KG","img":"https://fd2-photos.leclercdrive.fr/image.ashx?id=2869790&use=l&cat=p&typeid=i","cat":333680},{"id":5275,"n":"Taboulé Menu Fraîcheur Aux crevettes - 300g","p":1.95,"u":"6,50 €/KG","img":"https://fd2-photos.leclercdrive.fr/image.ashx?id=2645888&use=l&cat=p&typeid=i","cat":333657},{"id":5276,"n":"Pizza Turini Lardons Chèvre - 200g","p":1.53,"u":"7,65 €/KG","img":"https://fd2-photos.leclercdrive.fr/image.ashx?id=2989652&use=l&cat=p&typeid=i","cat":333679},{"id":5277,"n":"Yaourts Pâtissiers Délisse Spécialités gourmandes-12x125g","p":3.17,"u":"2,11 €/KG","img":"https://fd2-photos.leclercdrive.fr/image.ashx?id=2501667&use=l&cat=p&typeid=i","cat":314999},{"id":5279,"n":"Actifidus Delisse Nature - 4x125g","p":0.85,"u":"1,70 €/KG","img":"https://fd2-photos.leclercdrive.fr/image.ashx?id=2431107&use=l&cat=p&typeid=i","cat":315000},{"id":5284,"n":"Foies de volaille Volandrie confits - 300g","p":2.7,"u":"9,00 €/KG","img":"https://fd2-photos.leclercdrive.fr/image.ashx?id=2814857&use=l&cat=p&typeid=i","cat":284715},{"id":5285,"n":"Escalope Normande Côté Croc x2 - 200g","p":1.78,"u":"8,90 €/KG","img":"https://fd2-photos.leclercdrive.fr/image.ashx?id=2488353&use=l&cat=p&typeid=i","cat":333683},{"id":5288,"n":"Crème dessert Petits Délis Chocolat et lait - 6x70g","p":1.3,"u":"3,10 €/KG","img":"https://fd2-photos.leclercdrive.fr/image.ashx?id=2572061&use=l&cat=p&typeid=i","cat":285041},{"id":5289,"n":"Torti au surimi Menu Fraîcheur 300g","p":1.7,"u":"5,67 €/KG","img":"https://fd2-photos.leclercdrive.fr/image.ashx?id=2965443&use=l&cat=p&typeid=i","cat":333657},{"id":5290,"n":"Salade Menu Fraîcheur Strasbourgeoise - 300g","p":2.29,"u":"7,63 €/KG","img":"https://fd2-photos.leclercdrive.fr/image.ashx?id=2727626&use=l&cat=p&typeid=i","cat":333657},{"id":5291,"n":"Cordon bleu Côté Croc Dinde - 400g","p":3.67,"u":"9,18 €/KG","img":"https://fd2-photos.leclercdrive.fr/image.ashx?id=2915116&use=l&cat=p&typeid=i","cat":333683},{"id":5293,"n":"Biscuits apéritifs Tokapi 3 saveurs - 100g","p":0.79,"u":"7,90 €/KG","img":"https://fd2-photos.leclercdrive.fr/image.ashx?id=2885768&use=l&cat=p&typeid=i","cat":284449},{"id":5294,"n":"Yaourts brassés Délisse Nature - 4x125g","p":1.05,"u":"2,10 €/KG","img":"https://fd2-photos.leclercdrive.fr/image.ashx?id=2982892&use=l&cat=p&typeid=i","cat":284409},{"id":5296,"n":"Crème dessert Délisse Chocolat blanc - 4x125g","p":1.36,"u":"2,72 €/KG","img":"https://fd2-photos.leclercdrive.fr/image.ashx?id=2753475&use=l&cat=p&typeid=i","cat":285041},{"id":5308,"n":"Biscuits Mini Rollos Pépito Chocolat au lait - 225g","p":1.77,"u":"7,87 €/KG","img":"https://fd2-photos.leclercdrive.fr/image.ashx?id=3014407&use=l&cat=p&typeid=i","cat":284488},{"id":5317,"n":"Lentilles cuisinées Raynal Et Roquelaure - 410g","p":1.26,"u":"3,07 €/KG","img":"https://fd2-photos.leclercdrive.fr/image.ashx?id=2928396&use=l&cat=p&typeid=i","cat":312609},{"id":5318,"n":"Biscuits galettes St Michel 130g","p":0.88,"u":"6,77 €/KG","img":"https://fd2-photos.leclercdrive.fr/image.ashx?id=2986149&use=l&cat=p&typeid=i","cat":284487},{"id":5325,"n":"Confiture Bonne Maman Fraise - 370g","p":1.72,"u":"4,65 €/KG","img":"https://fd2-photos.leclercdrive.fr/image.ashx?id=2474984&use=l&cat=p&typeid=i","cat":284480},{"id":5329,"n":"Saucisses aux lentilles William Saurin - 420g","p":2.09,"u":"4,98 €/KG","img":"https://fd2-photos.leclercdrive.fr/image.ashx?id=2890067&use=l&cat=p&typeid=i","cat":284441},{"id":5339,"n":"Fruits au sirop St Mamet Cocktail - 500g","p":3.49,"u":"6,98 €/KG","img":"https://fd2-photos.leclercdrive.fr/image.ashx?id=2412435&use=l&cat=p&typeid=i","cat":284507},{"id":5342,"n":"Soda Canada Dry Ginger Ale 1,5L","p":1.94,"u":"1,29 €/L","img":"https://fd2-photos.leclercdrive.fr/image.ashx?id=2654674&use=l&cat=p&typeid=i","cat":284531},{"id":5362,"n":"Vin mousseux Charles Volner Brut - 12%vol. - 75cl","p":4.15,"u":"5,53 €/L","img":"https://fd2-photos.leclercdrive.fr/image.ashx?id=1592052&use=l&cat=p&typeid=i","cat":284544},{"id":5364,"n":"Fromage blanc Délisse Nature 7% MG - 1kg","p":2.39,"u":"2,39 €/KG","img":"https://fd2-photos.leclercdrive.fr/image.ashx?id=2834999&use=l&cat=p&typeid=i","cat":284409},{"id":5366,"n":"Cire Dépilatoire Siliss Méthode orientale - 250ml","p":3.89,"u":"15,56 €/L","img":"https://fd2-photos.leclercdrive.fr/image.ashx?id=2699396&use=l&cat=p&typeid=i","cat":325351},{"id":5367,"n":"Biscuits tuiles P'tit Déli 100g","p":1.17,"u":"11,70 €/KG","img":"https://fd2-photos.leclercdrive.fr/image.ashx?id=1898889&use=l&cat=p&typeid=i","cat":284487},{"id":5369,"n":"Légumes couscous Notre Jardin 800g","p":1.49,"u":"1,86 €/KG","img":"https://fd2-photos.leclercdrive.fr/image.ashx?id=2854213&use=l&cat=p&typeid=i","cat":312612},{"id":5385,"n":"Lait coco Tables du Monde 200ml","p":0.86,"u":"4,30 €/L","img":"https://fd2-photos.leclercdrive.fr/image.ashx?id=2920172&use=l&cat=p&typeid=i","cat":288992},{"id":5386,"n":"Biscuit Petit beurre P'tit Déli Tablette chocolat lait - 150g","p":1.29,"u":"8,60 €/KG","img":"https://fd2-photos.leclercdrive.fr/image.ashx?id=886984&use=l&cat=p&typeid=i","cat":284488},{"id":5387,"n":"Boisson soja Calcium Végé 1L Végé - 200g","p":0.93,"u":"0,93 €/L","img":"https://fd2-photos.leclercdrive.fr/image.ashx?id=2859155&use=l&cat=p&typeid=i","cat":316067},{"id":5390,"n":"Crème anglaise Délisse 50cl","p":1.28,"u":"2,56 €/L","img":"https://fd2-photos.leclercdrive.fr/image.ashx?id=3002569&use=l&cat=p&typeid=i","cat":284382},{"id":5391,"n":"Yaourts à boire Délisse 3 parfums - 6x180g","p":2.39,"u":"2,21 €/KG","img":"https://fd2-photos.leclercdrive.fr/image.ashx?id=2757924&use=l&cat=p&typeid=i","cat":284415},{"id":5393,"n":"Fromage blanc Délisse Framboise 5.5% MG - 500g","p":2.39,"u":"4,78 €/KG","img":"https://fd2-photos.leclercdrive.fr/image.ashx?id=3012821&use=l&cat=p&typeid=i","cat":284409},{"id":5396,"n":"Bain de bouche Dentamyl Multi Protection - 500ml","p":1.89,"u":"3,78 €/L","img":"https://fd2-photos.leclercdrive.fr/image.ashx?id=2500806&use=l&cat=p&typeid=i","cat":284613},{"id":5399,"n":"Pur jus d'orange Bio Village Bio sans pulpe - 1L","p":2.45,"u":"2,45 €/L","img":"https://fd2-photos.leclercdrive.fr/image.ashx?id=2901521&use=l&cat=p&typeid=i","cat":284521},{"id":5400,"n":"Nouilles bouclées d'Alsace NRT 250g","p":1.39,"u":"5,56 €/KG","img":"https://fd2-photos.leclercdrive.fr/image.ashx?id=2839965&use=l&cat=p&typeid=i","cat":284427},{"id":5403,"n":"Plumes d'Alsace NRT 250g","p":1.39,"u":"5,56 €/KG","img":"https://fd2-photos.leclercdrive.fr/image.ashx?id=2839971&use=l&cat=p&typeid=i","cat":284427},{"id":5404,"n":"IGP Coquilles d'Alsace NRT 250g","p":1.39,"u":"5,56 €/KG","img":"https://fd2-photos.leclercdrive.fr/image.ashx?id=2839974&use=l&cat=p&typeid=i","cat":284427},{"id":5405,"n":"Saucisse sèche d'Auvergne  NRT - 300g","p":5.74,"u":"19,13 €/KG","img":"https://fd2-photos.leclercdrive.fr/image.ashx?id=2991473&use=l&cat=p&typeid=i","cat":316006},{"id":5407,"n":"Coquillettes d'Alsace NRT 250g","p":1.39,"u":"5,56 €/KG","img":"https://fd2-photos.leclercdrive.fr/image.ashx?id=2839977&use=l&cat=p&typeid=i","cat":284427},{"id":5465,"n":"Eau de source de Montagne 6x50cl","p":1.67,"u":"0,56 €/L","img":"https://fd2-photos.leclercdrive.fr/image.ashx?id=2727614&use=l&cat=p&typeid=i","cat":284535},{"id":5467,"n":"Papier toilette Parfumé Mimosa Instant zen - x6","p":2.85,"u":"0,48 €/P","img":"https://fd2-photos.leclercdrive.fr/image.ashx?id=2897925&use=l&cat=p&typeid=i","cat":284634},{"id":5468,"n":"Papier toilette Parfumé Mimosa Soleil d'été - x6","p":2.99,"u":"0,50 €/P","img":"https://fd2-photos.leclercdrive.fr/image.ashx?id=2837244&use=l&cat=p&typeid=i","cat":284634},{"id":5472,"n":"Biscuits barquettes P'tit Déli Fraise - 2x120g","p":1.66,"u":"6,92 €/KG","img":"https://fd2-photos.leclercdrive.fr/image.ashx?id=2691168&use=l&cat=p&typeid=i","cat":284489},{"id":5497,"n":"Gelée Bonne Maman Cassis - 370g","p":1.79,"u":"4,84 €/KG","img":"https://fd2-photos.leclercdrive.fr/image.ashx?id=2901662&use=l&cat=p&typeid=i","cat":284480},{"id":5498,"n":"Comté des terroirs Entremont 200g","p":3.59,"u":"17,95 €/KG","img":"https://fd2-photos.leclercdrive.fr/image.ashx?id=2474245&use=l&cat=p&typeid=i","cat":314034},{"id":5509,"n":"Pâtes Torsades Turini 1kg","p":1.29,"u":"1,29 €/KG","img":"https://fd2-photos.leclercdrive.fr/image.ashx?id=2980456&use=l&cat=p&typeid=i","cat":284427},{"id":5513,"n":"Miel Nid d'Abeille Crémeux - 1 kg","p":6.39,"u":"6,39 €/KG","img":"https://fd2-photos.leclercdrive.fr/image.ashx?id=2550369&use=l&cat=p&typeid=i","cat":287643},{"id":5515,"n":"Vin mousseux d'Union Européenne  brut  -75cl","p":2.99,"u":"3,99 €/L","img":"https://fd2-photos.leclercdrive.fr/image.ashx?id=2807279&use=l&cat=p&typeid=i","cat":284544},{"id":5517,"n":"Canapés toasts Epi d'Or Nature - 280g","p":1.12,"u":"4,00 €/KG","img":"https://fd2-photos.leclercdrive.fr/image.ashx?id=2610166&use=l&cat=p&typeid=i","cat":285454},{"id":5526,"n":"Fromage Bleu d'Auvergne NRT  AOP - 125g","p":1.39,"u":"11,12 €/KG","img":"https://fd2-photos.leclercdrive.fr/image.ashx?id=2771040&use=l&cat=p&typeid=i","cat":314032},{"id":5529,"n":"Croquettes petits chiens Ultima  Poulet - Yorkshire - 800g","p":3.0,"u":"3,75 €/KG","img":"https://fd2-photos.leclercdrive.fr/image.ashx?id=2922224&use=l&cat=p&typeid=i","cat":294526},{"id":5564,"n":"Lingettes nettoyantes Clair Vitres 3en1 x20","p":0.87,"u":"0,04 €/P","img":"https://fd2-photos.leclercdrive.fr/image.ashx?id=2345622&use=l&cat=p&typeid=i","cat":325363},{"id":5573,"n":"Quenelles Côté Table volaille Sauce champignons 400g","p":1.75,"u":"4,38 €/KG","img":"https://fd2-photos.leclercdrive.fr/image.ashx?id=2977135&use=l&cat=p&typeid=i","cat":284441},{"id":5574,"n":"Quenelles Côté Table saumon Sauce crevette 400g","p":1.8,"u":"4,50 €/KG","img":"https://fd2-photos.leclercdrive.fr/image.ashx?id=2977138&use=l&cat=p&typeid=i","cat":284441},{"id":5575,"n":"Compote Douceur du Verger Gourdes Pomme - 12x90g","p":2.7,"u":"2,50 €/KG","img":"https://fd2-photos.leclercdrive.fr/image.ashx?id=2837030&use=l&cat=p&typeid=i","cat":284508},{"id":5576,"n":"Biscuits choco barre P'tit Déli Chocolat lait 295g","p":2.64,"u":"8,95 €/KG","img":"https://fd2-photos.leclercdrive.fr/image.ashx?id=2618229&use=l&cat=p&typeid=i","cat":284488},{"id":5578,"n":"Cuillers à pâtisserie  P'tit Déli 300g","p":2.49,"u":"8,30 €/KG","img":"https://fd2-photos.leclercdrive.fr/image.ashx?id=2046352&use=l&cat=p&typeid=i","cat":284487},{"id":5600,"n":"Pâté Hénaff 78g","p":1.24,"u":"15,90 €/KG","img":"https://fd2-photos.leclercdrive.fr/image.ashx?id=2280516&use=l&cat=p&typeid=i","cat":305149},{"id":5612,"n":"Eau de source Cristaline 6x1,5L","p":1.08,"u":"0,12 €/L","img":"https://fd2-photos.leclercdrive.fr/image.ashx?id=2389449&use=l&cat=p&typeid=i","cat":284535},{"id":5619,"n":"Oeufs de lompe Ronde des Mers Rouge - MSC - 100g","p":2.6,"u":"26,00 €/KG","img":"https://fd2-photos.leclercdrive.fr/image.ashx?id=2822720&use=l&cat=p&typeid=i","cat":285191},{"id":5622,"n":"Croquettes chiens Lydog Spécial Forme - Volaille - 4kg","p":4.99,"u":"1,25 €/KG","img":"https://fd2-photos.leclercdrive.fr/image.ashx?id=2191117&use=l&cat=p&typeid=i","cat":284672},{"id":5624,"n":"Croquettes chiens Lydog Junior - Volaille - 4kg","p":7.98,"u":"2,00 €/KG","img":"https://fd2-photos.leclercdrive.fr/image.ashx?id=1937477&use=l&cat=p&typeid=i","cat":284672},{"id":5627,"n":"Lasagnes bolognaise Côté Table 1kg","p":4.14,"u":"4,14 €/KG","img":"https://fd2-photos.leclercdrive.fr/image.ashx?id=2570915&use=l&cat=p&typeid=i","cat":333666},{"id":5630,"n":"Papier toilette blanc Mimosa Ultra doux maxi rouleau - x12","p":5.4,"u":"0,45 €/P","img":"https://fd2-photos.leclercdrive.fr/image.ashx?id=2794862&use=l&cat=p&typeid=i","cat":284634},{"id":5633,"n":"Soufflés Grignot' Tokapi Cacahuète - 90g","p":0.72,"u":"8,00 €/KG","img":"https://fd2-photos.leclercdrive.fr/image.ashx?id=2049223&use=l&cat=p&typeid=i","cat":284449},{"id":5635,"n":"Rosette de Lyon NRT 400g","p":5.72,"u":"14,30 €/KG","img":"https://fd2-photos.leclercdrive.fr/image.ashx?id=2991491&use=l&cat=p&typeid=i","cat":316006},{"id":5772,"n":"Biscuits tartelette Bonne Maman Citron 125g","p":1.32,"u":"10,56 €/KG","img":"https://fd2-photos.leclercdrive.fr/image.ashx?id=2962296&use=l&cat=p&typeid=i","cat":284489},{"id":5802,"n":"Lait entier Vitamine D Lactel UHT Bouteille - 6x1l","p":10.98,"u":"1,83 €/L","img":"https://fd2-photos.leclercdrive.fr/image.ashx?id=2889427&use=l&cat=p&typeid=i","cat":285610},{"id":5816,"n":"Rillettes de thon Cap Océan MSC 150g","p":1.88,"u":"12,53 €/KG","img":"https://fd2-photos.leclercdrive.fr/image.ashx?id=2668440&use=l&cat=p&typeid=i","cat":285191},{"id":5823,"n":"Lait demi-écrémé Lactel Vitamine D Bouteille - 6x50cl","p":5.82,"u":"1,94 €/L","img":"https://fd2-photos.leclercdrive.fr/image.ashx?id=2993403&use=l&cat=p&typeid=i","cat":284377},{"id":5831,"n":"Ketchup Rustica Epicé - 560g","p":1.59,"u":"2,84 €/KG","img":"https://fd2-photos.leclercdrive.fr/image.ashx?id=3005667&use=l&cat=p&typeid=i","cat":284455},{"id":5833,"n":"Biscuits Cuillers P'tit Déli Dégustation x20 - 200g","p":2.49,"u":"12,45 €/KG","img":"https://fd2-photos.leclercdrive.fr/image.ashx?id=1856164&use=l&cat=p&typeid=i","cat":284487},{"id":5840,"n":"Filets anchois Rondes des mers 105g","p":2.73,"u":"26,00 €/KG","img":"https://fd2-photos.leclercdrive.fr/image.ashx?id=2046038&use=l&cat=p&typeid=i","cat":285190},{"id":5850,"n":"Couscous Côté Table Poulet merguez 450g","p":2.7,"u":"6,00 €/KG","img":"https://fd2-photos.leclercdrive.fr/image.ashx?id=1936608&use=l&cat=p&typeid=i","cat":333665},{"id":5855,"n":"Lasagnes bolognaise Côté Table 350g","p":2.85,"u":"8,14 €/KG","img":"https://fd2-photos.leclercdrive.fr/image.ashx?id=2911802&use=l&cat=p&typeid=i","cat":333665},{"id":5856,"n":"Préparation pour crème brûlée Délisse 4x100g","p":2.59,"u":"6,48 €/KG","img":"https://fd2-photos.leclercdrive.fr/image.ashx?id=2842465&use=l&cat=p&typeid=i","cat":284419},{"id":5857,"n":"Hachis parmentier Côté Table 300g","p":2.19,"u":"7,30 €/KG","img":"https://fd2-photos.leclercdrive.fr/image.ashx?id=2616733&use=l&cat=p&typeid=i","cat":333665},{"id":5859,"n":"Guacamole Tables du Monde 200g","p":2.29,"u":"13,09 €/KG","img":"https://fd2-photos.leclercdrive.fr/image.ashx?id=2872252&use=l&cat=p&typeid=i","cat":315999},{"id":5860,"n":"Petit pot de crème Délisse Pistache - 4x100g","p":1.85,"u":"4,63 €/KG","img":"https://fd2-photos.leclercdrive.fr/image.ashx?id=2550378&use=l&cat=p&typeid=i","cat":285041},{"id":5861,"n":"Tagliatelle Côté Table Carbonara 330g","p":2.35,"u":"7,12 €/KG","img":"https://fd2-photos.leclercdrive.fr/image.ashx?id=2797775&use=l&cat=p&typeid=i","cat":333665},{"id":5866,"n":"Actifidus Délisse Vanille - 12x125g","p":2.58,"u":"1,72 €/KG","img":"https://fd2-photos.leclercdrive.fr/image.ashx?id=2751877&use=l&cat=p&typeid=i","cat":315000},{"id":5870,"n":"Boisson soja nature Végé 1L Végé - 200g","p":0.85,"u":"0,85 €/L","img":"https://fd2-photos.leclercdrive.fr/image.ashx?id=2861413&use=l&cat=p&typeid=i","cat":316067},{"id":5871,"n":"Yaourts à boire DéliUp' Délisse Fraise - 10x100g","p":2.87,"u":"2,87 €/KG","img":"https://fd2-photos.leclercdrive.fr/image.ashx?id=1871092&use=l&cat=p&typeid=i","cat":284415},{"id":5873,"n":"Beignets crevettes Tables du Monde x6 140g","p":2.06,"u":"14,71 €/KG","img":"https://fd2-photos.leclercdrive.fr/image.ashx?id=2865053&use=l&cat=p&typeid=i","cat":333673},{"id":5878,"n":"Jus 3 agrumes Jafaden 1L","p":2.75,"u":"2,75 €/L","img":"https://fd2-photos.leclercdrive.fr/image.ashx?id=2916665&use=l&cat=p&typeid=i","cat":285435},{"id":5880,"n":"Yaourts mousse Petits Délis Fruits - 6x74g","p":1.77,"u":"3,99 €/KG","img":"https://fd2-photos.leclercdrive.fr/image.ashx?id=2907057&use=l&cat=p&typeid=i","cat":284414},{"id":5891,"n":"Tzatziki Tables du Monde 200g","p":1.59,"u":"7,95 €/KG","img":"https://fd2-photos.leclercdrive.fr/image.ashx?id=2872255&use=l&cat=p&typeid=i","cat":315999},{"id":5895,"n":"Tripes mode de caen NRT 600g","p":3.99,"u":"6,65 €/KG","img":"https://fd2-photos.leclercdrive.fr/image.ashx?id=2723198&use=l&cat=p&typeid=i","cat":284441},{"id":5898,"n":"Litière rongeurs P'tit Ami 60L","p":4.95,"u":"0,08 €/L","img":"https://fd2-photos.leclercdrive.fr/image.ashx?id=2162204&use=l&cat=p&typeid=i","cat":284677},{"id":5907,"n":"Haricots beurre d'aucy Extra-fins - 440g","p":1.89,"u":"4,30 €/KG","img":"https://fd2-photos.leclercdrive.fr/image.ashx?id=2431536&use=l&cat=p&typeid=i","cat":312606},{"id":5909,"n":"Mini gâches briochettes NRT Pur beurre x8 - 360g","p":2.07,"u":"5,75 €/KG","img":"https://fd2-photos.leclercdrive.fr/image.ashx?id=2670416&use=l&cat=p&typeid=i","cat":284478},{"id":5912,"n":"Sel fin iodé Cérébos 500g","p":0.49,"u":"0,98 €/KG","img":"https://fd2-photos.leclercdrive.fr/image.ashx?id=2522095&use=l&cat=p&typeid=i","cat":284457},{"id":5951,"n":"Ravioli bolognaise   Panzani - 800g","p":3.52,"u":"4,40 €/KG","img":"https://fd2-photos.leclercdrive.fr/image.ashx?id=2876062&use=l&cat=p&typeid=i","cat":284442},{"id":5954,"n":"Café moulu San Marco Arabica - 2x250g","p":10.49,"u":"20,98 €/KG","img":"https://fd2-photos.leclercdrive.fr/image.ashx?id=2645510&use=l&cat=p&typeid=i","cat":284750},{"id":6000,"n":"Clémentines  1kg","p":3.45,"u":"3,45 €/KG","img":"https://fd2-photos.leclercdrive.fr/image.ashx?id=1628983&use=l&cat=p&typeid=i","cat":284356},{"id":6003,"n":"Collants Well Elastivoile Résistant ibiza T1","p":3.7,"img":"https://fd2-photos.leclercdrive.fr/image.ashx?id=2538638&use=l&cat=p&typeid=i","cat":334130},{"id":6004,"n":"Collants Well Elastivoile Résistant ibiza T2","p":3.7,"img":"https://fd2-photos.leclercdrive.fr/image.ashx?id=2560840&use=l&cat=p&typeid=i","cat":334130},{"id":6035,"n":"Sauce tomate bio Jardin Bio' Provençale - 200g","p":1.48,"u":"7,40 €/KG","img":"https://fd2-photos.leclercdrive.fr/image.ashx?id=3014494&use=l&cat=p&typeid=i","cat":287599},{"id":6037,"n":"Ratatouille Jardin Bio' A la provençale bio - 650g","p":2.46,"u":"3,78 €/KG","img":"https://fd2-photos.leclercdrive.fr/image.ashx?id=2903230&use=l&cat=p&typeid=i","cat":312612},{"id":6048,"n":"Sauce tomate Jardin Bio' Bio Basilic - 200g","p":1.41,"u":"7,05 €/KG","img":"https://fd2-photos.leclercdrive.fr/image.ashx?id=2967848&use=l&cat=p&typeid=i","cat":287599},{"id":6049,"n":"Ravioli Jardin Bio Bio légumes - 675g","p":2.88,"u":"4,27 €/KG","img":"https://fd2-photos.leclercdrive.fr/image.ashx?id=2534878&use=l&cat=p&typeid=i","cat":284442},{"id":6050,"n":"Lentilles vertes Jardin Bio' Bio cuisinées - 400g","p":2.18,"u":"5,45 €/KG","img":"https://fd2-photos.leclercdrive.fr/image.ashx?id=2944831&use=l&cat=p&typeid=i","cat":312609},{"id":6058,"n":"Spaguetti Jardin Bio Bio quinoa tomate - 500g","p":1.89,"u":"3,78 €/KG","img":"https://fd2-photos.leclercdrive.fr/image.ashx?id=3002108&use=l&cat=p&typeid=i","cat":284427},{"id":6067,"n":"Huile d'olive Bio Village Bio Vierge extra - 75cl","p":7.47,"u":"9,96 €/L","img":"https://fd2-photos.leclercdrive.fr/image.ashx?id=3005697&use=l&cat=p&typeid=i","cat":284453},{"id":6068,"n":"Spaghetti Bio Village Bio - 500g","p":0.83,"u":"1,66 €/KG","img":"https://fd2-photos.leclercdrive.fr/image.ashx?id=2503284&use=l&cat=p&typeid=i","cat":284427},{"id":6069,"n":"Pâtes Coquillettes Bio Village Bio - 500g","p":0.84,"u":"1,68 €/KG","img":"https://fd2-photos.leclercdrive.fr/image.ashx?id=2625364&use=l&cat=p&typeid=i","cat":284427},{"id":6070,"n":"Pâtes tagliatelles Bio Village Bio - 250g","p":1.65,"u":"6,60 €/KG","img":"https://fd2-photos.leclercdrive.fr/image.ashx?id=1986832&use=l&cat=p&typeid=i","cat":284427},{"id":6073,"n":"Crème fraîche bio Bio village Epaisse - 30% MG - 20cl","p":1.17,"u":"5,85 €/L","img":"https://fd2-photos.leclercdrive.fr/image.ashx?id=1975047&use=l&cat=p&typeid=i","cat":284381},{"id":6075,"n":"Quinoa Bio Village Bio - 500g","p":3.25,"u":"6,50 €/KG","img":"https://fd2-photos.leclercdrive.fr/image.ashx?id=2245755&use=l&cat=p&typeid=i","cat":284429},{"id":6076,"n":"Cookies chocolat Bio Village Bio 200g","p":2.74,"u":"13,70 €/KG","img":"https://fd2-photos.leclercdrive.fr/image.ashx?id=2400523&use=l&cat=p&typeid=i","cat":325066},{"id":6077,"n":"Biscuits sésame Bio Village Bio - 230g","p":1.76,"u":"7,65 €/KG","img":"https://fd2-photos.leclercdrive.fr/image.ashx?id=2363808&use=l&cat=p&typeid=i","cat":284487},{"id":6085,"n":"Jus de fruits Tropicana Multivitamines - 1,5L","p":3.28,"u":"2,19 €/L","img":"https://fd2-photos.leclercdrive.fr/image.ashx?id=2605818&use=l&cat=p&typeid=i","cat":284917},{"id":6089,"n":"Pâtes Blé complet Barilla Spaghetti Integrale - 500g","p":1.22,"u":"2,44 €/KG","img":"https://fd2-photos.leclercdrive.fr/image.ashx?id=2986951&use=l&cat=p&typeid=i","cat":284427},{"id":6105,"n":"Biscuits apéritif Lay's 3D's Goût Nature Sel - 85g","p":0.81,"u":"9,53 €/KG","img":"https://fd2-photos.leclercdrive.fr/image.ashx?id=2917417&use=l&cat=p&typeid=i","cat":284449},{"id":6106,"n":"Biscuits apéritif Lay's 3D's Goût Fromage - 85g","p":0.81,"u":"9,53 €/KG","img":"https://fd2-photos.leclercdrive.fr/image.ashx?id=2923672&use=l&cat=p&typeid=i","cat":284449},{"id":6152,"n":"Pâtes gansettes Panzani 500g","p":1.16,"u":"2,32 €/KG","img":"https://fd2-photos.leclercdrive.fr/image.ashx?id=2876017&use=l&cat=p&typeid=i","cat":284427},{"id":6153,"n":"Pâtes Macaroni Panzani 1kg","p":1.86,"u":"1,86 €/KG","img":"https://fd2-photos.leclercdrive.fr/image.ashx?id=2876026&use=l&cat=p&typeid=i","cat":284427},{"id":6154,"n":"Pâtes farfalle Panzani 500g","p":1.05,"u":"2,10 €/KG","img":"https://fd2-photos.leclercdrive.fr/image.ashx?id=2884300&use=l&cat=p&typeid=i","cat":284427},{"id":6155,"n":"Pâtes Torti Panzani 3 Minutes - 500G","p":1.05,"u":"2,10 €/KG","img":"https://fd2-photos.leclercdrive.fr/image.ashx?id=2896084&use=l&cat=p&typeid=i","cat":284427},{"id":6169,"n":"Fromage apéritif Apéricube Nature 24 cubes","p":2.41,"u":"19,28 €/KG","img":"https://fd2-photos.leclercdrive.fr/image.ashx?id=2883447&use=l&cat=p&typeid=i","cat":314027},{"id":6185,"n":"Sucre glace Béghin Say 500g","p":1.9,"u":"3,80 €/KG","img":"https://fd2-photos.leclercdrive.fr/image.ashx?id=2593608&use=l&cat=p&typeid=i","cat":284502},{"id":6188,"n":"Boisson lactée Candy'UP Fraise - 6x20cl","p":2.5,"u":"2,08 €/L","img":"https://fd2-photos.leclercdrive.fr/image.ashx?id=2485629&use=l&cat=p&typeid=i","cat":295246},{"id":6192,"n":"Rôti de dinde cuit Maître Coq 500g","p":5.87,"u":"11,74 €/KG","img":"https://fd2-photos.leclercdrive.fr/image.ashx?id=2340159&use=l&cat=p&typeid=i","cat":284337},{"id":6199,"n":"Beurre Moulé Paysan Breton Demi-sel - 80%MG - 250g","p":2.98,"u":"11,92 €/KG","img":"https://fd2-photos.leclercdrive.fr/image.ashx?id=2947844&use=l&cat=p&typeid=i","cat":284379},{"id":6218,"n":"Fromage blanc Déli'light aux Fruits - 0% mg - 8x100g","p":2.89,"u":"3,61 €/KG","img":"https://fd2-photos.leclercdrive.fr/image.ashx?id=1693640&use=l&cat=p&typeid=i","cat":315000},{"id":6222,"n":"Fromage à tartiner Les Croisés Noix - 25%mg - 125g","p":1.4,"u":"11,20 €/KG","img":"https://fd2-photos.leclercdrive.fr/image.ashx?id=2482621&use=l&cat=p&typeid=i","cat":314029},{"id":6223,"n":"Fromage Maroilles AOP  Nos Régions ont du Talent 200g","p":2.69,"u":"13,45 €/KG","img":"https://fd2-photos.leclercdrive.fr/image.ashx?id=2411892&use=l&cat=p&typeid=i","cat":329558},{"id":6239,"n":"Nuggets de dinde Le Gaulois  x50 - 1kg","p":8.1,"u":"8,10 €/KG","img":"https://fd2-photos.leclercdrive.fr/image.ashx?id=2921274&use=l&cat=p&typeid=i","cat":333684},{"id":6240,"n":"Cordons bleu Le Gaulois Dinde x10 - 1kg","p":8.4,"u":"8,40 €/KG","img":"https://fd2-photos.leclercdrive.fr/image.ashx?id=2485913&use=l&cat=p&typeid=i","cat":333683},{"id":6242,"n":"Café soluble Plantation Qualité filtre - 100g","p":2.75,"u":"27,50 €/KG","img":"https://fd2-photos.leclercdrive.fr/image.ashx?id=2834272&use=l&cat=p&typeid=i","cat":284843},{"id":6243,"n":"AOC Muscadet vin blanc Les Caractères - BIB 3L","p":13.99,"u":"4,66 €/L","img":"https://fd2-photos.leclercdrive.fr/image.ashx?id=2750132&use=l&cat=p&typeid=i","cat":289560},{"id":6249,"n":"Céleri Menu Fraîcheur  Rémoulade - 500g","p":1.58,"u":"3,16 €/KG","img":"https://fd2-photos.leclercdrive.fr/image.ashx?id=2820107&use=l&cat=p&typeid=i","cat":333657},{"id":6254,"n":"Salade Coleslaw Menu Fraîcheur  300g","p":1.19,"u":"3,97 €/KG","img":"https://fd2-photos.leclercdrive.fr/image.ashx?id=2645891&use=l&cat=p&typeid=i","cat":333657},{"id":6256,"n":"Pizza Turini Jambon champignons - 450g","p":2.73,"u":"6,07 €/KG","img":"https://fd2-photos.leclercdrive.fr/image.ashx?id=2709734&use=l&cat=p&typeid=i","cat":333679},{"id":6286,"n":"Tarte aux pommes 6 personnes  1p","p":4.95,"img":"https://fd2-photos.leclercdrive.fr/image.ashx?id=572927&use=l&cat=p&typeid=i","cat":284360},{"id":6291,"n":"Semoule fine Panzani 500g","p":1.02,"u":"2,04 €/KG","img":"https://fd2-photos.leclercdrive.fr/image.ashx?id=2745559&use=l&cat=p&typeid=i","cat":284429},{"id":6316,"n":"Escalope de poulet Côté Croc À la Bolognaise x2 - 200g","p":2.13,"u":"10,65 €/KG","img":"https://fd2-photos.leclercdrive.fr/image.ashx?id=2814420&use=l&cat=p&typeid=i","cat":333683},{"id":6340,"n":"Goûters fourrés P'tit Déli Chocolat x16 - 300g","p":1.19,"u":"3,97 €/KG","img":"https://fd2-photos.leclercdrive.fr/image.ashx?id=2100548&use=l&cat=p&typeid=i","cat":284488},{"id":6344,"n":"Boules soufflées Tokapi  Fromage - 50g","p":0.58,"u":"11,60 €/KG","img":"https://fd2-photos.leclercdrive.fr/image.ashx?id=2483605&use=l&cat=p&typeid=i","cat":284449},{"id":6345,"n":"Couscous Comptoir du Monde Grain moyen - 500g","p":0.84,"u":"1,68 €/KG","img":"https://fd2-photos.leclercdrive.fr/image.ashx?id=3012800&use=l&cat=p&typeid=i","cat":284429},{"id":6347,"n":"Beurre  Les Croisés 80% MG  Demi-sel Extra fin - 250g","p":2.99,"u":"11,96 €/KG","img":"https://fd2-photos.leclercdrive.fr/image.ashx?id=2839881&use=l&cat=p&typeid=i","cat":284379},{"id":6349,"n":"Filets anchois Ronde des Mers Câpres huile d'olive - 50g","p":1.4,"u":"28,00 €/KG","img":"https://fd2-photos.leclercdrive.fr/image.ashx?id=2992501&use=l&cat=p&typeid=i","cat":285190},{"id":6350,"n":"Eponges Mamison couleur Super absorbantes x3","p":1.22,"u":"0,41 €/P","img":"https://fd2-photos.leclercdrive.fr/image.ashx?id=2458049&use=l&cat=p&typeid=i","cat":284667},{"id":6353,"n":"Pancetta italienne Saint Azay 10 tranches - 100g","p":2.89,"u":"28,90 €/KG","img":"https://fd2-photos.leclercdrive.fr/image.ashx?id=2665847&use=l&cat=p&typeid=i","cat":316007},{"id":6354,"n":"Miel Nid d'Abeille Crémeux - 500 g","p":3.92,"u":"7,84 €/KG","img":"https://fd2-photos.leclercdrive.fr/image.ashx?id=760198&use=l&cat=p&typeid=i","cat":287643},{"id":6355,"n":"AOC Clairette de Die doux Rives et Terrasses - 75cl","p":5.29,"u":"7,05 €/L","img":"https://fd2-photos.leclercdrive.fr/image.ashx?id=2753369&use=l&cat=p&typeid=i","cat":284544},{"id":6357,"n":"Chorizo doux Saint Azay 30 tranches - 150g","p":2.09,"u":"13,93 €/KG","img":"https://fd2-photos.leclercdrive.fr/image.ashx?id=1873710&use=l&cat=p&typeid=i","cat":316007},{"id":6359,"n":"Croûtons Epi d'Or Fromage - 90g","p":0.99,"u":"11,00 €/KG","img":"https://fd2-photos.leclercdrive.fr/image.ashx?id=2651783&use=l&cat=p&typeid=i","cat":284464},{"id":6360,"n":"Croûtons Epi d'Or  Oignon - 90g","p":0.99,"u":"11,00 €/KG","img":"https://fd2-photos.leclercdrive.fr/image.ashx?id=2640986&use=l&cat=p&typeid=i","cat":284464},{"id":6362,"n":"Mélange Gourmand Tokapi  Graines et raisins - 120g","p":1.29,"u":"10,75 €/KG","img":"https://fd2-photos.leclercdrive.fr/image.ashx?id=2795547&use=l&cat=p&typeid=i","cat":284448},{"id":6365,"n":"Galettes sarrasin NRT de Bretagne 230g","p":1.79,"u":"7,78 €/KG","img":"https://fd2-photos.leclercdrive.fr/image.ashx?id=2770259&use=l&cat=p&typeid=i","cat":333672},{"id":6368,"n":"Gâche tranchée La Fournée Dorée Au sucre - 500g","p":2.52,"u":"5,04 €/KG","img":"https://fd2-photos.leclercdrive.fr/image.ashx?id=2347032&use=l&cat=p&typeid=i","cat":284478},{"id":6369,"n":"Pains au lait La Fournée Dorée Aux oeufs frais - x10 - 350g","p":2.1,"u":"6,00 €/KG","img":"https://fd2-photos.leclercdrive.fr/image.ashx?id=2684563&use=l&cat=p&typeid=i","cat":293505},{"id":6371,"n":"Gâteau de riz Yabon Nappage caramel - 4x125g","p":2.78,"u":"5,56 €/KG","img":"https://fd2-photos.leclercdrive.fr/image.ashx?id=2644286&use=l&cat=p&typeid=i","cat":284506},{"id":6392,"n":"Compotes Andros Pomme vanille 750g","p":1.79,"u":"2,39 €/KG","img":"https://fd2-photos.leclercdrive.fr/image.ashx?id=2396120&use=l&cat=p&typeid=i","cat":284508},{"id":6397,"n":"Fruits au sirop St Mamet Cocktail avec son jus - 250g","p":2.25,"u":"9,00 €/KG","img":"https://fd2-photos.leclercdrive.fr/image.ashx?id=2412432&use=l&cat=p&typeid=i","cat":284507},{"id":6398,"n":"Lait pasteurisé Bridel Demi-écrémé Bouteille - 1L","p":1.55,"u":"1,55 €/L","img":"https://fd2-photos.leclercdrive.fr/image.ashx?id=2860838&use=l&cat=p&typeid=i","cat":285609},{"id":6399,"n":"Lait entier Bridel Lait pasteurisé 1l","p":1.6,"u":"1,60 €/L","img":"https://fd2-photos.leclercdrive.fr/image.ashx?id=2850862&use=l&cat=p&typeid=i","cat":285610},{"id":6448,"n":"Petits pois carottes Très fins  Notre Jardin -A l'étuvée - 265g","p":0.95,"u":"3,58 €/KG","img":"https://fd2-photos.leclercdrive.fr/image.ashx?id=2987973&use=l&cat=p&typeid=i","cat":312607},{"id":6451,"n":"Pavé au poivre Saint Azay 8 tranches - 150g","p":2.69,"u":"17,93 €/KG","img":"https://fd2-photos.leclercdrive.fr/image.ashx?id=2931766&use=l&cat=p&typeid=i","cat":316007},{"id":6456,"n":"Haricots beurre d'aucy Extra-fins - 220g","p":1.16,"u":"5,27 €/KG","img":"https://fd2-photos.leclercdrive.fr/image.ashx?id=2438123&use=l&cat=p&typeid=i","cat":312606},{"id":6459,"n":"Rillettes Hénaff Porc cuisson lente - 3x78g","p":3.97,"u":"16,97 €/KG","img":"https://fd2-photos.leclercdrive.fr/image.ashx?id=2660601&use=l&cat=p&typeid=i","cat":305149},{"id":6460,"n":"Cassoulet Toulousain   Raynal Et Roquelaure - 420g","p":2.81,"u":"6,69 €/KG","img":"https://fd2-photos.leclercdrive.fr/image.ashx?id=2928390&use=l&cat=p&typeid=i","cat":284440},{"id":6467,"n":"Pâtes Macaroni Turini 1kg","p":1.35,"u":"1,35 €/KG","img":"https://fd2-photos.leclercdrive.fr/image.ashx?id=2980429&use=l&cat=p&typeid=i","cat":284427},{"id":6472,"n":"Miel L'Apiculteur crémeux  et onctueux- 500g","p":6.06,"u":"12,12 €/KG","img":"https://fd2-photos.leclercdrive.fr/image.ashx?id=2854387&use=l&cat=p&typeid=i","cat":287643},{"id":6486,"n":"Biscuits apéritif Lay's 3D's Goût Bacon - 85g","p":0.8,"u":"9,41 €/KG","img":"https://fd2-photos.leclercdrive.fr/image.ashx?id=2917414&use=l&cat=p&typeid=i","cat":284449},{"id":6496,"n":"Sauce au Beurre Blan KNORR Échalote - Brique 30cl","p":1.31,"u":"4,37 €/L","img":"https://fd2-photos.leclercdrive.fr/image.ashx?id=2915991&use=l&cat=p&typeid=i","cat":288381},{"id":6504,"n":"Croûtons Gastromer AIl - 75g","p":0.76,"u":"10,13 €/KG","img":"https://fd2-photos.leclercdrive.fr/image.ashx?id=1713906&use=l&cat=p&typeid=i","cat":284464},{"id":6507,"n":"Rillettes de sardines Gastromer 150g","p":1.5,"u":"10,00 €/KG","img":"https://fd2-photos.leclercdrive.fr/image.ashx?id=1849213&use=l&cat=p&typeid=i","cat":285191},{"id":6511,"n":"Pâtes Spaghetti Turini 1kg","p":1.35,"u":"1,35 €/KG","img":"https://fd2-photos.leclercdrive.fr/image.ashx?id=2980447&use=l&cat=p&typeid=i","cat":284427},{"id":6512,"n":"Riz long Comptoir du Grain Sachet cuisson rapide x4 - 500g","p":1.25,"u":"2,50 €/KG","img":"https://fd2-photos.leclercdrive.fr/image.ashx?id=2118454&use=l&cat=p&typeid=i","cat":284428},{"id":6513,"n":"Vinaigre de vin Rustica Aromatisé à l'échalote - 75cl","p":1.35,"u":"1,80 €/L","img":"https://fd2-photos.leclercdrive.fr/image.ashx?id=1659936&use=l&cat=p&typeid=i","cat":298543},{"id":6514,"n":"Margarine Nat & vie Idéal cuisson - 500g","p":1.29,"u":"2,58 €/KG","img":"https://fd2-photos.leclercdrive.fr/image.ashx?id=2881223&use=l&cat=p&typeid=i","cat":315229},{"id":6519,"n":"Soufflés Frites Tokapi Salé - 80g","p":0.65,"u":"8,13 €/KG","img":"https://fd2-photos.leclercdrive.fr/image.ashx?id=2486074&use=l&cat=p&typeid=i","cat":284449},{"id":6521,"n":"Pâtes chinoises Tables du Monde 250g","p":1.19,"u":"4,76 €/KG","img":"https://fd2-photos.leclercdrive.fr/image.ashx?id=2572058&use=l&cat=p&typeid=i","cat":288992},{"id":6523,"n":"Champignons Paris Notre Jardin Emincés - 2x115g","p":1.71,"u":"7,43 €/KG","img":"https://fd2-photos.leclercdrive.fr/image.ashx?id=2724696&use=l&cat=p&typeid=i","cat":312610},{"id":6524,"n":"Dessert fruitier pomme Douceur du Verger 8x100g","p":1.69,"u":"2,11 €/KG","img":"https://fd2-photos.leclercdrive.fr/image.ashx?id=2042442&use=l&cat=p&typeid=i","cat":284416},{"id":6525,"n":"Serviette hygiénique Doulys Ultra - Super+ - x12","p":0.9,"u":"0,08 €/P","img":"https://fd2-photos.leclercdrive.fr/image.ashx?id=2838918&use=l&cat=p&typeid=i","cat":284624},{"id":6526,"n":"Serviette hygiénique Doulys Ultra - Spécial nuit - x10","p":1.29,"u":"0,13 €/P","img":"https://fd2-photos.leclercdrive.fr/image.ashx?id=2838921&use=l&cat=p&typeid=i","cat":284624},{"id":6579,"n":"Vinaigre d'alcool coloré Eco+ 1L","p":0.35,"u":"0,35 €/L","img":"https://fd2-photos.leclercdrive.fr/image.ashx?id=2729260&use=l&cat=p&typeid=i","cat":298543},{"id":6580,"n":"Fromage de chévre Les Croisés 150g","p":1.42,"u":"9,47 €/KG","img":"https://fd2-photos.leclercdrive.fr/image.ashx?id=2978510&use=l&cat=p&typeid=i","cat":314031},{"id":6581,"n":"Fromage : Le carrou Les croisés Authentique - 27% mg - 220g","p":2.43,"u":"11,05 €/KG","img":"https://fd2-photos.leclercdrive.fr/image.ashx?id=2856272&use=l&cat=p&typeid=i","cat":314033},{"id":6582,"n":"Coulommiers De pays  Les Croisés - 21% mg - 350g","p":2.55,"u":"7,29 €/KG","img":"https://fd2-photos.leclercdrive.fr/image.ashx?id=2463465&use=l&cat=p&typeid=i","cat":314033},{"id":6584,"n":"Fromage blanc Délisse Mirabelle 5.5% MG - 500g","p":2.55,"u":"5,10 €/KG","img":"https://fd2-photos.leclercdrive.fr/image.ashx?id=3012824&use=l&cat=p&typeid=i","cat":284409},{"id":6589,"n":"Fromage Chaource NRT AOP  250g","p":3.55,"u":"14,20 €/KG","img":"https://fd2-photos.leclercdrive.fr/image.ashx?id=2874768&use=l&cat=p&typeid=i","cat":329558},{"id":6630,"n":"Pâtes torsettes Turini Les 3 min - 500g","p":0.82,"u":"1,64 €/KG","img":"https://fd2-photos.leclercdrive.fr/image.ashx?id=2607467&use=l&cat=p&typeid=i","cat":284427},{"id":6648,"n":"Boîte chocolats Ferrero Rocher x28 pralines - 350g","p":13.75,"u":"39,29 €/KG","img":"https://fd2-photos.leclercdrive.fr/image.ashx?id=2952884&use=l&cat=p&typeid=i","cat":327600},{"id":6681,"n":"Persil frisé la botte  1p","p":1.15,"img":"https://fd2-photos.leclercdrive.fr/image.ashx?id=578632&use=l&cat=p&typeid=i","cat":293607},{"id":6711,"n":"Spray nettoyant vitres Clair Recharge 750ml","p":1.09,"u":"1,45 €/L","img":"https://fd2-photos.leclercdrive.fr/image.ashx?id=1647691&use=l&cat=p&typeid=i","cat":325363},{"id":6712,"n":"Spray nettoyant vitres Clair 750ml","p":1.29,"u":"1,72 €/L","img":"https://fd2-photos.leclercdrive.fr/image.ashx?id=2943623&use=l&cat=p&typeid=i","cat":325363},{"id":6714,"n":"Fromage raclette Entremont Saveur d'Antan 350g","p":4.38,"u":"12,51 €/KG","img":"https://fd2-photos.leclercdrive.fr/image.ashx?id=2984985&use=l&cat=p&typeid=i","cat":314037},{"id":6715,"n":"Assiette charcuterie Saint Azay 200g","p":3.11,"u":"15,55 €/KG","img":"https://fd2-photos.leclercdrive.fr/image.ashx?id=2417734&use=l&cat=p&typeid=i","cat":316007},{"id":6830,"n":"Sucre Cristal Daddy 1kg","p":1.61,"u":"1,61 €/KG","img":"https://fd2-photos.leclercdrive.fr/image.ashx?id=2975855&use=l&cat=p&typeid=i","cat":284502},{"id":6831,"n":"Sucre en poudre Daddy 1kg","p":1.61,"u":"1,61 €/KG","img":"https://fd2-photos.leclercdrive.fr/image.ashx?id=2936062&use=l&cat=p&typeid=i","cat":284502},{"id":6834,"n":"Soufflés l'Original Curly Cacahuète - 60g","p":0.61,"u":"10,17 €/KG","img":"https://fd2-photos.leclercdrive.fr/image.ashx?id=2971035&use=l&cat=p&typeid=i","cat":284449},{"id":6837,"n":"Madeleines longues P'tit Déli 440g","p":2.55,"u":"5,80 €/KG","img":"https://fd2-photos.leclercdrive.fr/image.ashx?id=2540310&use=l&cat=p&typeid=i","cat":284492},{"id":6873,"n":"Saucisson cuit à l'ail Herta 300g","p":2.65,"u":"8,83 €/KG","img":"https://fd2-photos.leclercdrive.fr/image.ashx?id=2731342&use=l&cat=p&typeid=i","cat":316006},{"id":6879,"n":"Fromage Gouda Les Croisés En tranche - 200g","p":1.97,"u":"9,85 €/KG","img":"https://fd2-photos.leclercdrive.fr/image.ashx?id=2028173&use=l&cat=p&typeid=i","cat":314028},{"id":6880,"n":"Fromage Mimolette Les Croisés En tranche x8 - 200g","p":1.85,"u":"9,25 €/KG","img":"https://fd2-photos.leclercdrive.fr/image.ashx?id=2028176&use=l&cat=p&typeid=i","cat":314028},{"id":6881,"n":"Fromage Maasdam Les Croisés En tranche x8 - 200g","p":1.91,"u":"9,55 €/KG","img":"https://fd2-photos.leclercdrive.fr/image.ashx?id=1990673&use=l&cat=p&typeid=i","cat":314028},{"id":6928,"n":"Préparation pour fondue Les Croisés 18%mg 400g","p":3.42,"u":"8,55 €/KG","img":"https://fd2-photos.leclercdrive.fr/image.ashx?id=2969713&use=l&cat=p&typeid=i","cat":314037},{"id":7000,"n":"Céréales Babybio Bio 6 mois Vanille - 220g","p":4.19,"u":"19,05 €/KG","img":"https://fd2-photos.leclercdrive.fr/image.ashx?id=2733250&use=l&cat=p&typeid=i","cat":312225},{"id":7012,"n":"Compote bébé Babybio - 4 mois Bio Poire williams - 2x130g","p":1.9,"u":"7,31 €/KG","img":"https://fd2-photos.leclercdrive.fr/image.ashx?id=2834515&use=l&cat=p&typeid=i","cat":312387},{"id":7013,"n":"Compote bébé Babybio Bio 4 mois Pomme / Pêche - 2x130g","p":1.87,"u":"7,19 €/KG","img":"https://fd2-photos.leclercdrive.fr/image.ashx?id=2859362&use=l&cat=p&typeid=i","cat":312387},{"id":7014,"n":"Compote bébé bio Babybio Pomme abricot - 4 mois - 2x130g","p":1.88,"u":"7,23 €/KG","img":"https://fd2-photos.leclercdrive.fr/image.ashx?id=2838320&use=l&cat=p&typeid=i","cat":312387},{"id":7016,"n":"Compote bébé Babybio Bio 4 mois Pomme / Pruneau - 2x130g","p":1.9,"u":"7,31 €/KG","img":"https://fd2-photos.leclercdrive.fr/image.ashx?id=2838326&use=l&cat=p&typeid=i","cat":312387},{"id":7017,"n":"Compote bébé Babybio Bio 4 mois Pomme / Banane - 2x130g","p":1.78,"u":"6,85 €/KG","img":"https://fd2-photos.leclercdrive.fr/image.ashx?id=2832011&use=l&cat=p&typeid=i","cat":312387},{"id":7025,"n":"Pizza Cuite sur pierre Turini Jambon fromage - 400g","p":2.85,"u":"7,13 €/KG","img":"https://fd2-photos.leclercdrive.fr/image.ashx?id=2815223&use=l&cat=p&typeid=i","cat":284256},{"id":7029,"n":"Velouté de carotte Régal A la Crème fraîche - 1L","p":1.41,"u":"1,41 €/L","img":"https://fd2-photos.leclercdrive.fr/image.ashx?id=2607437&use=l&cat=p&typeid=i","cat":284462},{"id":7030,"n":"Sauce Tomate cuisinée Turini Aux petits légumes - 180g","p":0.84,"u":"4,67 €/KG","img":"https://fd2-photos.leclercdrive.fr/image.ashx?id=2490034&use=l&cat=p&typeid=i","cat":288384},{"id":7056,"n":"Soupe de poissons MSC Pêche Océan - 1kg","p":2.99,"u":"2,99 €/KG","img":"https://fd2-photos.leclercdrive.fr/image.ashx?id=2480060&use=l&cat=p&typeid=i","cat":287366},{"id":7057,"n":"Rouille méditerranéenne NRT 90g","p":2.05,"u":"22,78 €/KG","img":"https://fd2-photos.leclercdrive.fr/image.ashx?id=2991157&use=l&cat=p&typeid=i","cat":285192},{"id":7071,"n":"Petits Boudoirs Babybio Bio - Orange Douce - 120g","p":2.72,"u":"22,67 €/KG","img":"https://fd2-photos.leclercdrive.fr/image.ashx?id=2733262&use=l&cat=p&typeid=i","cat":312227},{"id":7085,"n":"Vin mousseux d'Union Européenne  Demi-sec -75cl","p":2.89,"u":"3,85 €/L","img":"https://fd2-photos.leclercdrive.fr/image.ashx?id=1951019&use=l&cat=p&typeid=i","cat":284544},{"id":7126,"n":"Riz cantonais  Traditions d'Asie - 400g","p":2.72,"u":"6,80 €/KG","img":"https://fd2-photos.leclercdrive.fr/image.ashx?id=2505043&use=l&cat=p&typeid=i","cat":333673},{"id":7128,"n":"Porc au caramel Tables du Monde Riz thaï 300g","p":3.05,"u":"10,17 €/KG","img":"https://fd2-photos.leclercdrive.fr/image.ashx?id=2700957&use=l&cat=p&typeid=i","cat":333665},{"id":7132,"n":"Samoussa Tables du Monde Crevette curry - x6 - 200g","p":3.19,"u":"13,87 €/KG","img":"https://fd2-photos.leclercdrive.fr/image.ashx?id=2591712&use=l&cat=p&typeid=i","cat":333673},{"id":7264,"n":"Secret de mousse La laitière Café - 4x59g","p":1.62,"u":"6,86 €/KG","img":"https://fd2-photos.leclercdrive.fr/image.ashx?id=2651378&use=l&cat=p&typeid=i","cat":284417},{"id":7282,"n":"Compote Douceur du Verger  Pomme Poire - 4x100g","p":1.09,"u":"2,73 €/KG","img":"https://fd2-photos.leclercdrive.fr/image.ashx?id=2956903&use=l&cat=p&typeid=i","cat":284416},{"id":7283,"n":"Compote Douceur du Verger Pomme banane - 4x100g","p":1.25,"u":"3,13 €/KG","img":"https://fd2-photos.leclercdrive.fr/image.ashx?id=1910601&use=l&cat=p&typeid=i","cat":284416},{"id":7284,"n":"Compote Douceur du Verger Pomme Fraise - 4x100g","p":1.09,"u":"2,73 €/KG","img":"https://fd2-photos.leclercdrive.fr/image.ashx?id=1910604&use=l&cat=p&typeid=i","cat":284416},{"id":7291,"n":"Jus d'orange sanguine Jafaden 1L","p":3.25,"u":"3,25 €/L","img":"https://fd2-photos.leclercdrive.fr/image.ashx?id=2420388&use=l&cat=p&typeid=i","cat":285435},{"id":7293,"n":"Râpé 3 fromages Les Croisés 200g","p":1.79,"u":"8,95 €/KG","img":"https://fd2-photos.leclercdrive.fr/image.ashx?id=2893292&use=l&cat=p&typeid=i","cat":314035},{"id":7294,"n":"Huile de tournesol Bio Village Bio - 75cl","p":3.59,"u":"4,79 €/L","img":"https://fd2-photos.leclercdrive.fr/image.ashx?id=2894746&use=l&cat=p&typeid=i","cat":284453},{"id":7316,"n":"Concentré de tomates Eco+ 3x70g","p":1.75,"u":"8,33 €/KG","img":"https://fd2-photos.leclercdrive.fr/image.ashx?id=2681571&use=l&cat=p&typeid=i","cat":288384},{"id":7339,"n":"Soupe déshydratée Knorr  Douceur d'asperges - 96g","p":0.97,"u":"10,10 €/KG","img":"https://fd2-photos.leclercdrive.fr/image.ashx?id=2790588&use=l&cat=p&typeid=i","cat":284463},{"id":7343,"n":"Pâtes Panzani Penne rigate - 500g","p":0.99,"u":"1,98 €/KG","img":"https://fd2-photos.leclercdrive.fr/image.ashx?id=2876011&use=l&cat=p&typeid=i","cat":284427},{"id":7345,"n":"Pâtes serpentini Panzani 500g","p":0.95,"u":"1,90 €/KG","img":"https://fd2-photos.leclercdrive.fr/image.ashx?id=2876044&use=l&cat=p&typeid=i","cat":284427},{"id":7349,"n":"Croquettes chat One Purina Stérilisé - Boeuf/Blé - 450g","p":2.4,"u":"5,33 €/KG","img":"https://fd2-photos.leclercdrive.fr/image.ashx?id=2681044&use=l&cat=p&typeid=i","cat":284680},{"id":7359,"n":"Gorgonzola AOP Les Croisés -150g","p":2.47,"u":"16,47 €/KG","img":"https://fd2-photos.leclercdrive.fr/image.ashx?id=2796037&use=l&cat=p&typeid=i","cat":314032},{"id":7360,"n":"Mortadelle Italienne Saint Azay 12 tranches 150g","p":2.14,"u":"14,27 €/KG","img":"https://fd2-photos.leclercdrive.fr/image.ashx?id=2704481&use=l&cat=p&typeid=i","cat":316009},{"id":7361,"n":"Fromage Edam Les Croisés En tranche x8 - 200g","p":1.97,"u":"9,85 €/KG","img":"https://fd2-photos.leclercdrive.fr/image.ashx?id=2041351&use=l&cat=p&typeid=i","cat":314028},{"id":7362,"n":"Riz Basmati Comptoir du Grain Express 2 min - 250g","p":0.99,"u":"3,96 €/KG","img":"https://fd2-photos.leclercdrive.fr/image.ashx?id=2441192&use=l&cat=p&typeid=i","cat":287600},{"id":7363,"n":"Riz Express Comptoir du Grain A la méditerranéenne - 250g","p":1.2,"u":"4,80 €/KG","img":"https://fd2-photos.leclercdrive.fr/image.ashx?id=2856474&use=l&cat=p&typeid=i","cat":287600},{"id":7364,"n":"Sauce au poivre vert Rustica 30g","p":0.6,"u":"20,00 €/KG","img":"https://fd2-photos.leclercdrive.fr/image.ashx?id=2965422&use=l&cat=p&typeid=i","cat":288381},{"id":7368,"n":"Chiffonnade de jambon sec Saint Azay affiné 7 mois - 100g","p":2.99,"u":"29,90 €/KG","img":"https://fd2-photos.leclercdrive.fr/image.ashx?id=2462254&use=l&cat=p&typeid=i","cat":316007},{"id":7369,"n":"Chiffonades de rosette Saint Azay - 100g","p":2.0,"u":"20,00 €/KG","img":"https://fd2-photos.leclercdrive.fr/image.ashx?id=2401891&use=l&cat=p&typeid=i","cat":316007},{"id":7381,"n":"Sachet repas chats Gourmet 4 variétés poissons - 4x85g","p":1.82,"u":"5,35 €/KG","img":"https://fd2-photos.leclercdrive.fr/image.ashx?id=2867788&use=l&cat=p&typeid=i","cat":285286},{"id":7425,"n":"Jus de rôti Knorr 8 tablettes 72g","p":1.59,"u":"22,08 €/KG","img":"https://fd2-photos.leclercdrive.fr/image.ashx?id=2770353&use=l&cat=p&typeid=i","cat":288379},{"id":7431,"n":"Huile de friture Frial Lesieur 1l","p":3.25,"u":"3,25 €/L","img":"https://fd2-photos.leclercdrive.fr/image.ashx?id=2916851&use=l&cat=p&typeid=i","cat":284453},{"id":7434,"n":"Quatre-quart P'tit Déli De Bretagne 500g","p":2.79,"u":"5,58 €/KG","img":"https://fd2-photos.leclercdrive.fr/image.ashx?id=2891875&use=l&cat=p&typeid=i","cat":294776},{"id":7436,"n":"Assortiment biscuits P'tit Déli Biscuits fins - 750g","p":7.8,"u":"10,40 €/KG","img":"https://fd2-photos.leclercdrive.fr/image.ashx?id=2535643&use=l&cat=p&typeid=i","cat":284490},{"id":7437,"n":"Pâte brisée Tablier Blanc Au beurre - 230g","p":1.19,"u":"5,17 €/KG","img":"https://fd2-photos.leclercdrive.fr/image.ashx?id=2635892&use=l&cat=p&typeid=i","cat":333681},{"id":7441,"n":"Huile de friture Rustica 1L","p":2.75,"u":"2,75 €/L","img":"https://fd2-photos.leclercdrive.fr/image.ashx?id=2900331&use=l&cat=p&typeid=i","cat":284453},{"id":7443,"n":"Dessert fruitier pomme poire Douceur du Verger s/sucre 4x97g","p":1.25,"u":"3,22 €/KG","img":"https://fd2-photos.leclercdrive.fr/image.ashx?id=3009782&use=l&cat=p&typeid=i","cat":284416},{"id":7452,"n":"Tubes Fromage blanc Délisse 3 parfums - 12 x40g","p":2.38,"u":"4,96 €/KG","img":"https://fd2-photos.leclercdrive.fr/image.ashx?id=2884231&use=l&cat=p&typeid=i","cat":284415},{"id":7455,"n":"Fromage Bleu des Causses NRT  AOP - 125g","p":1.99,"u":"15,92 €/KG","img":"https://fd2-photos.leclercdrive.fr/image.ashx?id=2771043&use=l&cat=p&typeid=i","cat":314032},{"id":7457,"n":"Yaourts de Savoie NRT  Fraise Cerise - 4x150g","p":2.35,"u":"3,92 €/KG","img":"https://fd2-photos.leclercdrive.fr/image.ashx?id=2920803&use=l&cat=p&typeid=i","cat":284410},{"id":7459,"n":"Pâtes Barilla Spaghetti n°5 - 500g","p":0.9,"u":"1,80 €/KG","img":"https://fd2-photos.leclercdrive.fr/image.ashx?id=2392200&use=l&cat=p&typeid=i","cat":284427},{"id":7465,"n":"Actifidus Délisse Citron - 4x125g","p":1.36,"u":"2,72 €/KG","img":"https://fd2-photos.leclercdrive.fr/image.ashx?id=2501673&use=l&cat=p&typeid=i","cat":315000},{"id":7466,"n":"Pain grillé Epi d'or Brioché x26 - 300g","p":2.15,"u":"7,17 €/KG","img":"https://fd2-photos.leclercdrive.fr/image.ashx?id=2532835&use=l&cat=p&typeid=i","cat":284479},{"id":7529,"n":"Fromage Comté Entremont 200g","p":3.13,"u":"15,65 €/KG","img":"https://fd2-photos.leclercdrive.fr/image.ashx?id=2983144&use=l&cat=p&typeid=i","cat":314034},{"id":7530,"n":"Crème fraîche épaisse Bridélice 15%mg 20cl","p":0.83,"u":"4,15 €/L","img":"https://fd2-photos.leclercdrive.fr/image.ashx?id=2970873&use=l&cat=p&typeid=i","cat":284381},{"id":7531,"n":"Faisselle Rians 6%mg - 500g","p":1.96,"u":"3,92 €/KG","img":"https://fd2-photos.leclercdrive.fr/image.ashx?id=2542324&use=l&cat=p&typeid=i","cat":284409},{"id":7548,"n":"Ail Rustica 100g","p":1.69,"u":"16,90 €/KG","img":"https://fd2-photos.leclercdrive.fr/image.ashx?id=2365451&use=l&cat=p&typeid=i","cat":319804},{"id":7563,"n":"Coulis de tomate bio Jardin Bio 500g","p":1.65,"u":"3,30 €/KG","img":"https://fd2-photos.leclercdrive.fr/image.ashx?id=2918841&use=l&cat=p&typeid=i","cat":288384},{"id":7578,"n":"Thé vert bio orange Jardin Bio' Bergamote Max Havelaar x20 30g","p":2.36,"u":"78,67 €/KG","img":"https://fd2-photos.leclercdrive.fr/image.ashx?id=2792666&use=l&cat=p&typeid=i","cat":293233},{"id":7585,"n":"Echalote Rustica 100g","p":1.69,"u":"16,90 €/KG","img":"https://fd2-photos.leclercdrive.fr/image.ashx?id=2365457&use=l&cat=p&typeid=i","cat":319804},{"id":7586,"n":"Fond de veau Rustica 110g","p":2.11,"u":"19,18 €/KG","img":"https://fd2-photos.leclercdrive.fr/image.ashx?id=2188679&use=l&cat=p&typeid=i","cat":288379},{"id":7589,"n":"Biscuits Mikado LU Chocolat au lait - 3x39g","p":2.15,"u":"18,38 €/KG","img":"https://fd2-photos.leclercdrive.fr/image.ashx?id=3001970&use=l&cat=p&typeid=i","cat":284488},{"id":7598,"n":"Ravioli de volaille Jardin Bio' Bio - 700g","p":3.74,"u":"5,34 €/KG","img":"https://fd2-photos.leclercdrive.fr/image.ashx?id=2950183&use=l&cat=p&typeid=i","cat":284442},{"id":7599,"n":"Haricots verts Jardin Bio' Bio extra fin coupés - 360g","p":2.37,"u":"6,58 €/KG","img":"https://fd2-photos.leclercdrive.fr/image.ashx?id=2967151&use=l&cat=p&typeid=i","cat":312606},{"id":7612,"n":"Côte de porc échine           x2 - 350g","p":6.95,"u":"19,86 €/KG","img":"https://fd2-photos.leclercdrive.fr/image.ashx?id=619046&use=l&cat=p&typeid=i","cat":284331},{"id":7615,"n":"Porc : Rôti dans l'échine  500g","p":3.48,"u":"6,96 €/KG","img":"https://fd2-photos.leclercdrive.fr/image.ashx?id=619038&use=l&cat=p&typeid=i","cat":284331},{"id":7646,"n":"Spaghetti Jardin Bio Bio quinoa persil ail - 500g","p":1.86,"u":"3,72 €/KG","img":"https://fd2-photos.leclercdrive.fr/image.ashx?id=3014542&use=l&cat=p&typeid=i","cat":284427},{"id":7652,"n":"Compotes Pomme Pruneau Andros 4x100g","p":1.24,"u":"3,10 €/KG","img":"https://fd2-photos.leclercdrive.fr/image.ashx?id=2935789&use=l&cat=p&typeid=i","cat":284416},{"id":7654,"n":"Compote Andros Pomme rhubarbe 4x100g","p":1.35,"u":"13,50 €/KG","img":"https://fd2-photos.leclercdrive.fr/image.ashx?id=2883934&use=l&cat=p&typeid=i","cat":284416},{"id":7656,"n":"Compotes Andros Pomme - 4x100g","p":1.55,"u":"3,88 €/KG","img":"https://fd2-photos.leclercdrive.fr/image.ashx?id=2875337&use=l&cat=p&typeid=i","cat":284416},{"id":7665,"n":"Camembert Lanquetot Moulé à la louche - 250g","p":3.19,"u":"12,76 €/KG","img":"https://fd2-photos.leclercdrive.fr/image.ashx?id=2945484&use=l&cat=p&typeid=i","cat":314033},{"id":7666,"n":"Camembert Lepetit  250g","p":2.48,"u":"9,92 €/KG","img":"https://fd2-photos.leclercdrive.fr/image.ashx?id=2504350&use=l&cat=p&typeid=i","cat":314033},{"id":7672,"n":"Cordon Bleu Le Gaulois Poulet - 200g","p":2.17,"u":"10,85 €/KG","img":"https://fd2-photos.leclercdrive.fr/image.ashx?id=2860223&use=l&cat=p&typeid=i","cat":333683},{"id":7674,"n":"Gésiers de volaille le Gaulois 2x300g","p":6.1,"u":"10,17 €/KG","img":"https://fd2-photos.leclercdrive.fr/image.ashx?id=2759283&use=l&cat=p&typeid=i","cat":284715},{"id":7696,"n":"Camembert Bons Mayennais Lait pasteurisé 22%mg - 250g","p":2.1,"u":"8,40 €/KG","img":"https://fd2-photos.leclercdrive.fr/image.ashx?id=2966689&use=l&cat=p&typeid=i","cat":314033},{"id":7700,"n":"Pavé Normand Le Gaulois 200g","p":2.53,"u":"12,65 €/KG","img":"https://fd2-photos.leclercdrive.fr/image.ashx?id=2342827&use=l&cat=p&typeid=i","cat":333683},{"id":7713,"n":"Dessert fruitier pomme pruneaux Douceur du Verger s/sucre4x100g","p":1.54,"u":"3,85 €/KG","img":"https://fd2-photos.leclercdrive.fr/image.ashx?id=2983790&use=l&cat=p&typeid=i","cat":284416},{"id":7717,"n":"Papier toilette Mimosa Décoré - Ultra doux - x6","p":2.65,"u":"0,44 €/P","img":"https://fd2-photos.leclercdrive.fr/image.ashx?id=2816112&use=l&cat=p&typeid=i","cat":284634},{"id":7772,"n":"Galette bio Céréal Bio  Millet champignons x2 - 200g","p":2.07,"u":"10,35 €/KG","img":"https://fd2-photos.leclercdrive.fr/image.ashx?id=2573543&use=l&cat=p&typeid=i","cat":284953},{"id":7780,"n":"Crackers Réception Belin Assortiment Apéritif - 380g","p":3.23,"u":"8,50 €/KG","img":"https://fd2-photos.leclercdrive.fr/image.ashx?id=3001961&use=l&cat=p&typeid=i","cat":297000},{"id":7857,"n":"Croquettes chiens Fido Au boeuf 1kg","p":2.73,"u":"2,73 €/KG","img":"https://fd2-photos.leclercdrive.fr/image.ashx?id=2972964&use=l&cat=p&typeid=i","cat":294526},{"id":7862,"n":"Petit pot de crème Délisse Café - 4x100g","p":1.8,"u":"4,50 €/KG","img":"https://fd2-photos.leclercdrive.fr/image.ashx?id=2550372&use=l&cat=p&typeid=i","cat":285041},{"id":7864,"n":"Yaourts sucrés Délisse Nature  - 4x125g","p":0.99,"u":"1,98 €/KG","img":"https://fd2-photos.leclercdrive.fr/image.ashx?id=2590415&use=l&cat=p&typeid=i","cat":284409},{"id":7866,"n":"Beurre Tendre Les Croisés Demi-sel - 80% MG - 250g","p":2.51,"u":"10,04 €/KG","img":"https://fd2-photos.leclercdrive.fr/image.ashx?id=2839899&use=l&cat=p&typeid=i","cat":284379},{"id":7869,"n":"Yaourts aromatisés Délisse Citron - 4x125g","p":1.45,"u":"2,90 €/KG","img":"https://fd2-photos.leclercdrive.fr/image.ashx?id=2758704&use=l&cat=p&typeid=i","cat":286006},{"id":7881,"n":"Camembert Les Croisés 8 portions - 22% mg - 8x30g","p":2.19,"u":"9,13 €/KG","img":"https://fd2-photos.leclercdrive.fr/image.ashx?id=2974798&use=l&cat=p&typeid=i","cat":314033},{"id":7882,"n":"Actifidus Délisse Coco Citron Vanille - 12x125g","p":3.5,"u":"2,33 €/KG","img":"https://fd2-photos.leclercdrive.fr/image.ashx?id=2441842&use=l&cat=p&typeid=i","cat":315000},{"id":7886,"n":"Diots fumés de Savoie NRT 4x90g","p":4.22,"u":"11,72 €/KG","img":"https://fd2-photos.leclercdrive.fr/image.ashx?id=2991467&use=l&cat=p&typeid=i","cat":316012},{"id":7889,"n":"Fromage Reblochon NRT AOP 240g","p":3.7,"u":"15,42 €/KG","img":"https://fd2-photos.leclercdrive.fr/image.ashx?id=2933337&use=l&cat=p&typeid=i","cat":314037},{"id":7895,"n":"Gâteau de riz La Laitiere 500g","p":2.06,"u":"4,12 €/KG","img":"https://fd2-photos.leclercdrive.fr/image.ashx?id=3010972&use=l&cat=p&typeid=i","cat":284418},{"id":7962,"n":"Vieux Pané   150g","p":2.46,"u":"16,40 €/KG","img":"https://fd2-photos.leclercdrive.fr/image.ashx?id=2843358&use=l&cat=p&typeid=i","cat":329558},{"id":7965,"n":"Matière grasse Bridelight à tartiner 15% MG - 250g","p":2.1,"u":"8,40 €/KG","img":"https://fd2-photos.leclercdrive.fr/image.ashx?id=2643884&use=l&cat=p&typeid=i","cat":284379},{"id":7972,"n":"Beurre Moulé Paysan Breton Doux - 82%MG - 250g","p":3.01,"u":"12,04 €/KG","img":"https://fd2-photos.leclercdrive.fr/image.ashx?id=2946943&use=l&cat=p&typeid=i","cat":284379},{"id":7973,"n":"Faisselle Rians 6%mg - 4x100g","p":1.98,"u":"4,95 €/KG","img":"https://fd2-photos.leclercdrive.fr/image.ashx?id=2762088&use=l&cat=p&typeid=i","cat":284409},{"id":7975,"n":"Fromage Tartiflette Ermitage 50%mg - 250g","p":2.89,"u":"11,56 €/KG","img":"https://fd2-photos.leclercdrive.fr/image.ashx?id=2998955&use=l&cat=p&typeid=i","cat":314037},{"id":7991,"n":"Filets Harengs Ronde des Mers Fumés - 500g","p":4.85,"u":"9,70 €/KG","img":"https://fd2-photos.leclercdrive.fr/image.ashx?id=2791239&use=l&cat=p&typeid=i","cat":285190},{"id":7993,"n":"Beurre d'escargot Rustica Ail et persil - 250g","p":3.49,"u":"13,96 €/KG","img":"https://fd2-photos.leclercdrive.fr/image.ashx?id=1915569&use=l&cat=p&typeid=i","cat":319775},{"id":7994,"n":"Hachis Parmentier Côté Table 900g","p":5.39,"u":"5,99 €/KG","img":"https://fd2-photos.leclercdrive.fr/image.ashx?id=2895765&use=l&cat=p&typeid=i","cat":333666},{"id":7996,"n":"Poireaux Notre Jardin En rondelles 1kg","p":1.28,"u":"1,28 €/KG","img":"https://fd2-photos.leclercdrive.fr/image.ashx?id=2873123&use=l&cat=p&typeid=i","cat":319805},{"id":8000,"n":"Cordon Bleu Poulet Père Dodu  Bacon de Dinde x2 - 200g","p":2.6,"u":"13,00 €/KG","img":"https://fd2-photos.leclercdrive.fr/image.ashx?id=2956987&use=l&cat=p&typeid=i","cat":333683},{"id":8003,"n":"Fromage Enfant Kiri Goûter 5 portions barquettes - 175g","p":2.28,"u":"13,03 €/KG","img":"https://fd2-photos.leclercdrive.fr/image.ashx?id=2972883&use=l&cat=p&typeid=i","cat":314030},{"id":8008,"n":"Pizza Cuite sur pierre Turini Fruits de Mer - 400g","p":3.15,"u":"7,88 €/KG","img":"https://fd2-photos.leclercdrive.fr/image.ashx?id=2815202&use=l&cat=p&typeid=i","cat":284256},{"id":8011,"n":"Crème glacée Menthe Eskiss Copeaux de Chocolat - 494g","p":2.79,"u":"5,65 €/KG","img":"https://fd2-photos.leclercdrive.fr/image.ashx?id=3002548&use=l&cat=p&typeid=i","cat":284263},{"id":8012,"n":"Friandises pour chien Lydog Biscuits fourrés Viande - 500g","p":1.29,"u":"2,58 €/KG","img":"https://fd2-photos.leclercdrive.fr/image.ashx?id=2191114&use=l&cat=p&typeid=i","cat":294527},{"id":8013,"n":"Friandises pour chien Lydog Biscuits croquants - 500g","p":1.29,"u":"2,58 €/KG","img":"https://fd2-photos.leclercdrive.fr/image.ashx?id=1954353&use=l&cat=p&typeid=i","cat":294527},{"id":8017,"n":"Pâtes Penne Regate Turini 500g","p":0.6,"u":"1,20 €/KG","img":"https://fd2-photos.leclercdrive.fr/image.ashx?id=2980776&use=l&cat=p&typeid=i","cat":284427},{"id":8024,"n":"Barquette chiens Lydog 3 saveurs - 3x300g","p":3.78,"u":"4,20 €/KG","img":"https://fd2-photos.leclercdrive.fr/image.ashx?id=2050639&use=l&cat=p&typeid=i","cat":284673},{"id":8025,"n":"Barquette chiens Lydog 3 saveurs - 3x300g","p":3.79,"u":"4,21 €/KG","img":"https://fd2-photos.leclercdrive.fr/image.ashx?id=2050642&use=l&cat=p&typeid=i","cat":284673},{"id":8026,"n":"Soupe Velouté Régal Soupe Poireaux Pommes de terre 2x30cl","p":1.07,"u":"1,78 €/L","img":"https://fd2-photos.leclercdrive.fr/image.ashx?id=2607440&use=l&cat=p&typeid=i","cat":284462},{"id":8027,"n":"Soupe Velouté Régal Soupe 10 légumes - 2x30cl","p":1.19,"u":"1,98 €/L","img":"https://fd2-photos.leclercdrive.fr/image.ashx?id=2607443&use=l&cat=p&typeid=i","cat":284462},{"id":8095,"n":"Fromage frais Malo Nature - 20%MG - 1kg","p":3.47,"u":"3,47 €/KG","img":"https://fd2-photos.leclercdrive.fr/image.ashx?id=1745603&use=l&cat=p&typeid=i","cat":284409},{"id":8120,"n":"Cassoulet Saucisse de Toulouse Côté Table - 840g","p":3.63,"u":"4,32 €/KG","img":"https://fd2-photos.leclercdrive.fr/image.ashx?id=2977129&use=l&cat=p&typeid=i","cat":284440},{"id":8121,"n":"Glace Cône Mini Smicy Vanille Chocolat x10 - 175g","p":2.49,"u":"14,23 €/KG","img":"https://fd2-photos.leclercdrive.fr/image.ashx?id=2698168&use=l&cat=p&typeid=i","cat":285250},{"id":8129,"n":"Soupe Mouliné Régal Soupe 10 légumes variés - 2x30cl","p":1.45,"u":"2,42 €/L","img":"https://fd2-photos.leclercdrive.fr/image.ashx?id=2607476&use=l&cat=p&typeid=i","cat":284462},{"id":8136,"n":"Biscuits raisin GERBLE  - 4x5, 360g","p":1.57,"u":"4,36 €/KG","img":"https://fd2-photos.leclercdrive.fr/image.ashx?id=2578726&use=l&cat=p&typeid=i","cat":318651},{"id":8178,"n":"Infusion Tisea Douce soirée 25 sachets","p":0.99,"u":"28,29 €/KG","img":"https://fd2-photos.leclercdrive.fr/image.ashx?id=2553902&use=l&cat=p&typeid=i","cat":293234},{"id":8181,"n":"Mini Paniers Côté Table x20 - 280g","p":5.29,"u":"18,89 €/KG","img":"https://fd2-photos.leclercdrive.fr/image.ashx?id=2228280&use=l&cat=p&typeid=i","cat":319774},{"id":8182,"n":"Mini Feuilletés Côté Table Saucisse x20 - 350g","p":4.19,"u":"11,97 €/KG","img":"https://fd2-photos.leclercdrive.fr/image.ashx?id=2622016&use=l&cat=p&typeid=i","cat":319774},{"id":8191,"n":"Colin d'Alaska Pêche Océan À la Florentine - MSC - 400g","p":3.49,"u":"8,73 €/KG","img":"https://fd2-photos.leclercdrive.fr/image.ashx?id=2930108&use=l&cat=p&typeid=i","cat":319786},{"id":8194,"n":"Fagots de haricots verts Notre Jardin x6 - 270g","p":3.99,"u":"14,78 €/KG","img":"https://fd2-photos.leclercdrive.fr/image.ashx?id=2900082&use=l&cat=p&typeid=i","cat":319805},{"id":8217,"n":"Filet de Merlu Pêche Océan 4 à 5 pièces 450g","p":6.52,"u":"14,49 €/KG","img":"https://fd2-photos.leclercdrive.fr/image.ashx?id=2553905&use=l&cat=p&typeid=i","cat":319788},{"id":8324,"n":"Tomates séchées Florelli 270g","p":2.94,"u":"10,89 €/KG","img":"https://fd2-photos.leclercdrive.fr/image.ashx?id=2633094&use=l&cat=p&typeid=i","cat":289010},{"id":8335,"n":"Sauce pâtes artichaut Florelli Tomate mascarpone - 190g","p":2.27,"u":"11,95 €/KG","img":"https://fd2-photos.leclercdrive.fr/image.ashx?id=3011668&use=l&cat=p&typeid=i","cat":289010},{"id":8337,"n":"Tapenade d'Olives noires  Les Tartinables Florelli 190g","p":2.29,"u":"12,05 €/KG","img":"https://fd2-photos.leclercdrive.fr/image.ashx?id=2884690&use=l&cat=p&typeid=i","cat":289010},{"id":8375,"n":"Sauce Déshydratée KNORR Aux Trois Poivres - 32g","p":0.68,"u":"24,29 €/KG","img":"https://fd2-photos.leclercdrive.fr/image.ashx?id=2875933&use=l&cat=p&typeid=i","cat":288381},{"id":8382,"n":"Pâtes spaghetti plat Panzani 500g","p":1.03,"u":"2,06 €/KG","img":"https://fd2-photos.leclercdrive.fr/image.ashx?id=2876041&use=l&cat=p&typeid=i","cat":284427},{"id":8383,"n":"Pâtes Coquillettes Panzani 3 Minutes - 500G","p":1.13,"u":"2,26 €/KG","img":"https://fd2-photos.leclercdrive.fr/image.ashx?id=2867945&use=l&cat=p&typeid=i","cat":284427},{"id":8388,"n":"Pâtes Lustucru macaroni Aux oeufs - 250g","p":0.94,"u":"3,76 €/KG","img":"https://fd2-photos.leclercdrive.fr/image.ashx?id=2519471&use=l&cat=p&typeid=i","cat":284427},{"id":8392,"n":"Torti Weight Watchers St Jacques - 300g","p":3.16,"u":"10,53 €/KG","img":"https://fd2-photos.leclercdrive.fr/image.ashx?id=2610861&use=l&cat=p&typeid=i","cat":333665},{"id":8394,"n":"Saucisse de Toulouse Marie Purée a l'Ancienne - 290g","p":2.85,"u":"9,83 €/KG","img":"https://fd2-photos.leclercdrive.fr/image.ashx?id=2317414&use=l&cat=p&typeid=i","cat":333665},{"id":8413,"n":"Biscuits Crackers Tokapi  Nature - 3x100g","p":1.38,"u":"4,60 €/KG","img":"https://fd2-photos.leclercdrive.fr/image.ashx?id=2660550&use=l&cat=p&typeid=i","cat":297000},{"id":8415,"n":"Pâtes coquillettes Turini Les 3 min - 500g","p":0.72,"u":"1,44 €/KG","img":"https://fd2-photos.leclercdrive.fr/image.ashx?id=2607461&use=l&cat=p&typeid=i","cat":284427},{"id":8416,"n":"Parmentier poisson Côté Table 300g","p":2.35,"u":"7,83 €/KG","img":"https://fd2-photos.leclercdrive.fr/image.ashx?id=2970729&use=l&cat=p&typeid=i","cat":333665},{"id":8419,"n":"Biscuits Crackers Tokapi Emmental - 100g","p":0.68,"u":"6,80 €/KG","img":"https://fd2-photos.leclercdrive.fr/image.ashx?id=2351226&use=l&cat=p&typeid=i","cat":297000},{"id":8424,"n":"Biscottes Heudebert  Fibres plus - 280g","p":1.99,"u":"7,11 €/KG","img":"https://fd2-photos.leclercdrive.fr/image.ashx?id=2679503&use=l&cat=p&typeid=i","cat":284479},{"id":8428,"n":"Biscuits sablés Granola Chocolat au lait - 225g","p":1.54,"u":"6,84 €/KG","img":"https://fd2-photos.leclercdrive.fr/image.ashx?id=2346675&use=l&cat=p&typeid=i","cat":284488},{"id":8432,"n":"Biscuit Roudor St Michel 2x150g","p":2.5,"u":"8,33 €/KG","img":"https://fd2-photos.leclercdrive.fr/image.ashx?id=2935690&use=l&cat=p&typeid=i","cat":284487},{"id":8447,"n":"Pommes Pink Lady Barquette x6","p":3.95,"u":"0,66 €/P","img":"https://fd2-photos.leclercdrive.fr/image.ashx?id=2121671&use=l&cat=p&typeid=i","cat":284356},{"id":8471,"n":"Lait en poudre Délisse Ecrémé - 750g","p":4.99,"u":"6,65 €/KG","img":"https://fd2-photos.leclercdrive.fr/image.ashx?id=2590698&use=l&cat=p&typeid=i","cat":299162},{"id":8474,"n":"Terrines Tous Mes Amis Les délices de la mer - 3x400g","p":3.69,"u":"3,08 €/KG","img":"https://fd2-photos.leclercdrive.fr/image.ashx?id=2832921&use=l&cat=p&typeid=i","cat":285601},{"id":8475,"n":"Serviette hygiénique Doulys Maxi confort - Normal - x18","p":0.99,"u":"0,06 €/P","img":"https://fd2-photos.leclercdrive.fr/image.ashx?id=2838909&use=l&cat=p&typeid=i","cat":284624},{"id":8484,"n":"AOC Côtes de Bourg vin rouge Chantet Blanet - BIB 3L","p":12.49,"u":"4,16 €/L","img":"https://fd2-photos.leclercdrive.fr/image.ashx?id=2748046&use=l&cat=p&typeid=i","cat":289560},{"id":8494,"n":"Biscuits déli matin P'tit Déli Chocolat/pépites - 600g","p":3.18,"u":"5,30 €/KG","img":"https://fd2-photos.leclercdrive.fr/image.ashx?id=2999496&use=l&cat=p&typeid=i","cat":284491},{"id":8504,"n":"Biscottes bio Bio Village Complètes x36 - 300g","p":2.2,"u":"7,33 €/KG","img":"https://fd2-photos.leclercdrive.fr/image.ashx?id=2590460&use=l&cat=p&typeid=i","cat":284479},{"id":8515,"n":"Bâtonnets Dentastix Pedigree Moyen chien x28 - 720g","p":7.07,"u":"9,82 €/KG","img":"https://fd2-photos.leclercdrive.fr/image.ashx?id=2980094&use=l&cat=p&typeid=i","cat":294527},{"id":8528,"n":"Sel fin La Baleine Iodé et fluoré - 750g","p":0.69,"u":"0,92 €/KG","img":"https://fd2-photos.leclercdrive.fr/image.ashx?id=2790612&use=l&cat=p&typeid=i","cat":284457},{"id":8533,"n":"Flageolets verts Notre Jardin Extra Fins - 420g","p":1.72,"u":"4,10 €/KG","img":"https://fd2-photos.leclercdrive.fr/image.ashx?id=2371536&use=l&cat=p&typeid=i","cat":312606},{"id":8535,"n":"Olives noires Rustica Entières - 225g","p":0.99,"u":"4,40 €/KG","img":"https://fd2-photos.leclercdrive.fr/image.ashx?id=2499076&use=l&cat=p&typeid=i","cat":284458},{"id":8536,"n":"Savon mains en crème Manava Perles d'oranger - 300ml","p":1.25,"u":"4,17 €/L","img":"https://fd2-photos.leclercdrive.fr/image.ashx?id=2935480&use=l&cat=p&typeid=i","cat":284597},{"id":8538,"n":"100% Pur jus d'orange Jafaden  Avec pulpe - 1L","p":1.99,"u":"1,99 €/L","img":"https://fd2-photos.leclercdrive.fr/image.ashx?id=2796043&use=l&cat=p&typeid=i","cat":284521},{"id":8539,"n":"Nectar Jafaden Pêche - 1L","p":1.99,"u":"1,99 €/L","img":"https://fd2-photos.leclercdrive.fr/image.ashx?id=2919607&use=l&cat=p&typeid=i","cat":284915},{"id":8540,"n":"Nectar Jafaden Fraise - 1L","p":2.63,"u":"2,63 €/L","img":"https://fd2-photos.leclercdrive.fr/image.ashx?id=2895768&use=l&cat=p&typeid=i","cat":284915},{"id":8541,"n":"Nectar Jafaden Mangue - 1L","p":2.15,"u":"2,15 €/L","img":"https://fd2-photos.leclercdrive.fr/image.ashx?id=2955710&use=l&cat=p&typeid=i","cat":284916},{"id":8544,"n":"Spray Cheveux L'Oréal Paris Fixation Ultra Forte - 300ml","p":3.61,"u":"12,03 €/L","img":"https://fd2-photos.leclercdrive.fr/image.ashx?id=2445331&use=l&cat=p&typeid=i","cat":284609},{"id":8553,"n":"Sauce Barbecue AMORA 490g","p":1.86,"u":"3,80 €/KG","img":"https://fd2-photos.leclercdrive.fr/image.ashx?id=2877298&use=l&cat=p&typeid=i","cat":318431},{"id":8559,"n":"Biscuits Bjorg Fourrés Chocolat noir bio 225g","p":3.3,"u":"14,67 €/KG","img":"https://fd2-photos.leclercdrive.fr/image.ashx?id=2970912&use=l&cat=p&typeid=i","cat":284488},{"id":8564,"n":"Pâtes Barilla  Linguine - 500g","p":1.05,"u":"2,10 €/KG","img":"https://fd2-photos.leclercdrive.fr/image.ashx?id=3004444&use=l&cat=p&typeid=i","cat":284427},{"id":8566,"n":"Chocolat noir Bio Village Bio -Dégustation 74% cacao 100g","p":1.59,"u":"15,90 €/KG","img":"https://fd2-photos.leclercdrive.fr/image.ashx?id=2045623&use=l&cat=p&typeid=i","cat":284956},{"id":8576,"n":"Pâtes Barilla Torsades - 500g","p":0.94,"u":"1,88 €/KG","img":"https://fd2-photos.leclercdrive.fr/image.ashx?id=2392224&use=l&cat=p&typeid=i","cat":284427},{"id":8603,"n":"Cocktail Punch Old Nick Planteur 16%vol - 70cl","p":5.84,"u":"8,34 €/L","img":"https://fd2-photos.leclercdrive.fr/image.ashx?id=2999207&use=l&cat=p&typeid=i","cat":284551},{"id":8605,"n":"Liqueur Cointreau 40%vol. - 70cl","p":18.19,"u":"25,99 €/L","img":"https://fd2-photos.leclercdrive.fr/image.ashx?id=2998904&use=l&cat=p&typeid=i","cat":286032},{"id":8634,"n":"Cognac Courcel 40%vol - 20cl","p":6.25,"u":"31,25 €/L","img":"https://fd2-photos.leclercdrive.fr/image.ashx?id=2484035&use=l&cat=p&typeid=i","cat":286032},{"id":8637,"n":"AOP Muscadet blanc Reserve Fief Cognard - 75 Cl","p":5.01,"u":"6,68 €/L","img":"https://fd2-photos.leclercdrive.fr/image.ashx?id=1893739&use=l&cat=p&typeid=i","cat":289557},{"id":8640,"n":"Croque Baby Fromage Cité Marine MSC - 200g","p":2.73,"u":"13,65 €/KG","img":"https://fd2-photos.leclercdrive.fr/image.ashx?id=2844145&use=l&cat=p&typeid=i","cat":284344},{"id":8642,"n":"Dentifrice Dentamyl Anti-tartre 75ml","p":0.74,"u":"9,87 €/L","img":"https://fd2-photos.leclercdrive.fr/image.ashx?id=2489098&use=l&cat=p&typeid=i","cat":284612},{"id":8643,"n":"Amandes en poudre Tablier Blanc 125g","p":1.56,"u":"12,48 €/KG","img":"https://fd2-photos.leclercdrive.fr/image.ashx?id=2460577&use=l&cat=p&typeid=i","cat":284504},{"id":8646,"n":"Noix de Coco Râpée  Tablier Blanc - 125g","p":1.56,"u":"12,48 €/KG","img":"https://fd2-photos.leclercdrive.fr/image.ashx?id=2460583&use=l&cat=p&typeid=i","cat":284504},{"id":8647,"n":"Gélatine alimentaire Tablier 9 feuilles - 17g","p":1.07,"u":"62,94 €/KG","img":"https://fd2-photos.leclercdrive.fr/image.ashx?id=2487446&use=l&cat=p&typeid=i","cat":284504},{"id":8648,"n":"Amandes effilées Tablier Blanc 125g","p":1.56,"u":"12,48 €/KG","img":"https://fd2-photos.leclercdrive.fr/image.ashx?id=2460586&use=l&cat=p&typeid=i","cat":284504},{"id":8650,"n":"Arôme fleur d'Oranger Tablier Blanc - 200ml","p":1.24,"u":"6,20 €/L","img":"https://fd2-photos.leclercdrive.fr/image.ashx?id=2487449&use=l&cat=p&typeid=i","cat":284504},{"id":8651,"n":"Arôme naturel de vanille Tablier Blanc 20ml","p":1.15,"u":"57,50 €/L","img":"https://fd2-photos.leclercdrive.fr/image.ashx?id=2487452&use=l&cat=p&typeid=i","cat":284504},{"id":8672,"n":"Nappage Tablier Blanc Caramel - 210g","p":1.25,"u":"5,95 €/KG","img":"https://fd2-photos.leclercdrive.fr/image.ashx?id=2487455&use=l&cat=p&typeid=i","cat":284504},{"id":8673,"n":"Fromage Le Pavé Les Croisés Lait pasteurisé 22% MG - 220g","p":2.36,"u":"10,73 €/KG","img":"https://fd2-photos.leclercdrive.fr/image.ashx?id=2775887&use=l&cat=p&typeid=i","cat":314033},{"id":8679,"n":"Truite fumée d'Aquitaine NRT x4 - 120g","p":5.26,"u":"43,83 €/KG","img":"https://fd2-photos.leclercdrive.fr/image.ashx?id=2663836&use=l&cat=p&typeid=i","cat":285188},{"id":8746,"n":"Sauce Beurre blanc Gastromer 200g","p":1.47,"u":"7,35 €/KG","img":"https://fd2-photos.leclercdrive.fr/image.ashx?id=2504653&use=l&cat=p&typeid=i","cat":284382},{"id":8748,"n":"Lait vitaminé Viva Candia  1% MG - 6x50cl","p":5.13,"u":"1,71 €/L","img":"https://fd2-photos.leclercdrive.fr/image.ashx?id=2891508&use=l&cat=p&typeid=i","cat":317169},{"id":8749,"n":"Flask Whisky Label 5 40%vol - 20cl","p":4.19,"u":"20,95 €/L","img":"https://fd2-photos.leclercdrive.fr/image.ashx?id=2519720&use=l&cat=p&typeid=i","cat":284547},{"id":8754,"n":"Sacs congélation Elembal Moyen Zip 20 Sacs","p":1.49,"u":"0,07 €/P","img":"https://fd2-photos.leclercdrive.fr/image.ashx?id=2751886&use=l&cat=p&typeid=i","cat":334134},{"id":8784,"n":"Plat bébé Blédina 8 mois  Riz carotte jambon - 2x200g","p":2.59,"u":"6,48 €/KG","img":"https://fd2-photos.leclercdrive.fr/image.ashx?id=2975065&use=l&cat=p&typeid=i","cat":312236},{"id":8787,"n":"Fromage frais Malo Nature sucré - 4x100g","p":1.47,"u":"3,68 €/KG","img":"https://fd2-photos.leclercdrive.fr/image.ashx?id=2462589&use=l&cat=p&typeid=i","cat":284409},{"id":8790,"n":"Fromage frais Malo Nature Sucré - 8x100g","p":2.95,"pp":2.06,"u":"2,58 €/KG","img":"https://fd2-photos.leclercdrive.fr/image.ashx?id=2106229&use=l&cat=p&typeid=i","cat":284409},{"id":8804,"n":"Brownie P'tit Déli Chocolat pépites 285g","p":1.85,"u":"6,49 €/KG","img":"https://fd2-photos.leclercdrive.fr/image.ashx?id=2663365&use=l&cat=p&typeid=i","cat":294776},{"id":8811,"n":"Lait frais Ribot Paysan Breton 50cl","p":1.33,"u":"2,66 €/L","img":"https://fd2-photos.leclercdrive.fr/image.ashx?id=2939379&use=l&cat=p&typeid=i","cat":285609},{"id":8813,"n":"Fromage frais Malo  Nature - 4x100g","p":1.53,"u":"3,83 €/KG","img":"https://fd2-photos.leclercdrive.fr/image.ashx?id=2462592&use=l&cat=p&typeid=i","cat":284409},{"id":8825,"n":"Barres de céréales Coco Pops Kellogg's - 6x20g","p":1.81,"u":"15,08 €/KG","img":"https://fd2-photos.leclercdrive.fr/image.ashx?id=2677291&use=l&cat=p&typeid=i","cat":285869},{"id":8842,"n":"Couscous poulet bœuf Garbit - 980g","p":4.4,"u":"4,49 €/KG","img":"https://fd2-photos.leclercdrive.fr/image.ashx?id=2677930&use=l&cat=p&typeid=i","cat":325094},{"id":8846,"n":"Jardinière Notre Jardin  De 3 légumes - 420g","p":3.45,"u":"8,21 €/KG","img":"https://fd2-photos.leclercdrive.fr/image.ashx?id=2190005&use=l&cat=p&typeid=i","cat":312607},{"id":8853,"n":"Cappuccino soluble Plantation Chocolat - x8 - 144g","p":2.49,"u":"17,29 €/KG","img":"https://fd2-photos.leclercdrive.fr/image.ashx?id=1678163&use=l&cat=p&typeid=i","cat":284843},{"id":8854,"n":"Café soluble Plantation  Qualité décaféiné - 200g","p":6.55,"u":"32,75 €/KG","img":"https://fd2-photos.leclercdrive.fr/image.ashx?id=2502672&use=l&cat=p&typeid=i","cat":284843},{"id":8855,"n":"Sauce Champignons Turini 420g","p":1.15,"u":"2,74 €/KG","img":"https://fd2-photos.leclercdrive.fr/image.ashx?id=2494189&use=l&cat=p&typeid=i","cat":287599},{"id":8857,"n":"Café soluble Plantation Qualité filtre - x25 - 50g","p":2.09,"u":"41,80 €/KG","img":"https://fd2-photos.leclercdrive.fr/image.ashx?id=2834278&use=l&cat=p&typeid=i","cat":284843},{"id":8858,"n":"Café Soluble Plantation Décaféiné - x25 - 50g","p":2.28,"u":"45,60 €/KG","img":"https://fd2-photos.leclercdrive.fr/image.ashx?id=2834281&use=l&cat=p&typeid=i","cat":284843},{"id":8859,"n":"Café soluble Plantation Chicorée - 100g","p":2.35,"u":"23,50 €/KG","img":"https://fd2-photos.leclercdrive.fr/image.ashx?id=2635904&use=l&cat=p&typeid=i","cat":284843},{"id":8861,"n":"Café soluble Plantation Expresso - x25 - 45g","p":2.29,"u":"50,89 €/KG","img":"https://fd2-photos.leclercdrive.fr/image.ashx?id=2834287&use=l&cat=p&typeid=i","cat":284843},{"id":8864,"n":"Pain de Mie Epi d'or - Nature Longue Conservation - 280g","p":0.74,"u":"2,64 €/KG","img":"https://fd2-photos.leclercdrive.fr/image.ashx?id=2993564&use=l&cat=p&typeid=i","cat":284477},{"id":8865,"n":"Toasts Brioches Epi D'Or x13 - 125g","p":0.94,"u":"7,52 €/KG","img":"https://fd2-photos.leclercdrive.fr/image.ashx?id=2896018&use=l&cat=p&typeid=i","cat":284479},{"id":8869,"n":"Riz complet Comptoir du Grain 10min - 500g","p":1.49,"u":"2,98 €/KG","img":"https://fd2-photos.leclercdrive.fr/image.ashx?id=2909386&use=l&cat=p&typeid=i","cat":284428},{"id":8870,"n":"Dés fromage Herbes de Provence Poivrons Les Croisés - 300g","p":2.11,"u":"7,03 €/KG","img":"https://fd2-photos.leclercdrive.fr/image.ashx?id=2758300&use=l&cat=p&typeid=i","cat":314027},{"id":8910,"n":"Jus 3 agrumes Jafaden Pur jus - 1L","p":2.42,"u":"2,42 €/L","img":"https://fd2-photos.leclercdrive.fr/image.ashx?id=2956047&use=l&cat=p&typeid=i","cat":284917},{"id":8912,"n":"Préparation fraises NRT Sud-Ouest - 315g","p":2.64,"u":"8,38 €/KG","img":"https://fd2-photos.leclercdrive.fr/image.ashx?id=2590472&use=l&cat=p&typeid=i","cat":284480},{"id":8917,"n":"Lait Ribot 1L","p":1.46,"u":"1,46 €/L","img":"https://fd2-photos.leclercdrive.fr/image.ashx?id=2945505&use=l&cat=p&typeid=i","cat":285609},{"id":8918,"n":"Crêpe Bretonne Even x12 - 350g","p":2.39,"u":"6,83 €/KG","img":"https://fd2-photos.leclercdrive.fr/image.ashx?id=2314993&use=l&cat=p&typeid=i","cat":284494},{"id":8926,"n":"Fromage Emmental Paysan Berton Râpé lait pasteurisé 150g","p":1.66,"u":"11,07 €/KG","img":"https://fd2-photos.leclercdrive.fr/image.ashx?id=2975296&use=l&cat=p&typeid=i","cat":314035},{"id":8928,"n":"Lait Ribot Payson Breton 1L","p":1.86,"u":"1,86 €/L","img":"https://fd2-photos.leclercdrive.fr/image.ashx?id=2959445&use=l&cat=p&typeid=i","cat":285609},{"id":8931,"n":"Fromage Emmental Paysan Breton Portion - 220g","p":2.38,"u":"10,82 €/KG","img":"https://fd2-photos.leclercdrive.fr/image.ashx?id=2945559&use=l&cat=p&typeid=i","cat":314034},{"id":8963,"n":"Fromage à tartiner Madame Loïk Fouetté Ech. Ciboulette - 150g","p":1.41,"u":"9,40 €/KG","img":"https://fd2-photos.leclercdrive.fr/image.ashx?id=2986356&use=l&cat=p&typeid=i","cat":314029},{"id":8966,"n":"Biscuits chien Pedigree Biscrok - 500g","p":1.59,"u":"3,18 €/KG","img":"https://fd2-photos.leclercdrive.fr/image.ashx?id=2983456&use=l&cat=p&typeid=i","cat":294527},{"id":8968,"n":"Chocolat poudre Banania 400g","p":2.71,"u":"6,78 €/KG","img":"https://fd2-photos.leclercdrive.fr/image.ashx?id=2225276&use=l&cat=p&typeid=i","cat":293235},{"id":8970,"n":"Riz long blanc de Camargue NRT 500g","p":1.59,"u":"3,18 €/KG","img":"https://fd2-photos.leclercdrive.fr/image.ashx?id=2663803&use=l&cat=p&typeid=i","cat":284428},{"id":8972,"n":"Levure boulangère Tablier Blanc x6 - 30g","p":0.69,"u":"23,00 €/KG","img":"https://fd2-photos.leclercdrive.fr/image.ashx?id=2487440&use=l&cat=p&typeid=i","cat":294686},{"id":8974,"n":"Lait vitaminé Viva Candia  1% MG - 6x1L","p":8.7,"u":"1,45 €/L","img":"https://fd2-photos.leclercdrive.fr/image.ashx?id=2891502&use=l&cat=p&typeid=i","cat":317169},{"id":8977,"n":"Cacahuètes  Benenuts Grillées à sec - 200g","p":1.58,"u":"7,90 €/KG","img":"https://fd2-photos.leclercdrive.fr/image.ashx?id=2389616&use=l&cat=p&typeid=i","cat":284448},{"id":8979,"n":"Lardons Fumés Le Gaulois Canard - 180g","p":2.99,"u":"16,61 €/KG","img":"https://fd2-photos.leclercdrive.fr/image.ashx?id=2236848&use=l&cat=p&typeid=i","cat":316011},{"id":8987,"n":"Pâté Hénaff 156g","p":2.41,"u":"15,45 €/KG","img":"https://fd2-photos.leclercdrive.fr/image.ashx?id=2298361&use=l&cat=p&typeid=i","cat":305149},{"id":9033,"n":"Fromage Entremont Dégustation 45%mg - 250g","p":2.82,"u":"11,28 €/KG","img":"https://fd2-photos.leclercdrive.fr/image.ashx?id=2983168&use=l&cat=p&typeid=i","cat":314034},{"id":9035,"n":"Scotch Whisky Label 5 40%vol - 1L","p":17.67,"u":"17,67 €/L","img":"https://fd2-photos.leclercdrive.fr/image.ashx?id=2519714&use=l&cat=p&typeid=i","cat":284547},{"id":9055,"n":"Fondue 3 fromages Président  450g","p":5.23,"u":"11,62 €/KG","img":"https://fd2-photos.leclercdrive.fr/image.ashx?id=2632990&use=l&cat=p&typeid=i","cat":314037},{"id":9065,"n":"Fromage tartiflette Ermitage 27%mg - 500g","p":6.0,"u":"12,00 €/KG","img":"https://fd2-photos.leclercdrive.fr/image.ashx?id=2966011&use=l&cat=p&typeid=i","cat":314037},{"id":9077,"n":"Rillettes de Saumon Gastromer 150g","p":1.5,"u":"10,00 €/KG","img":"https://fd2-photos.leclercdrive.fr/image.ashx?id=1849216&use=l&cat=p&typeid=i","cat":285191},{"id":9078,"n":"Rillettes de Maquereau Gastomer 150g","p":1.5,"u":"10,00 €/KG","img":"https://fd2-photos.leclercdrive.fr/image.ashx?id=1849219&use=l&cat=p&typeid=i","cat":285191},{"id":9080,"n":"Fromage à Tartiner St Môret  Nature 9 Portions - 180g","p":2.1,"u":"11,67 €/KG","img":"https://fd2-photos.leclercdrive.fr/image.ashx?id=2763319&use=l&cat=p&typeid=i","cat":314029},{"id":9091,"n":"Sandwich XXL Daunat Poulet rôti - 230g","p":1.97,"u":"8,57 €/KG","img":"https://fd2-photos.leclercdrive.fr/image.ashx?id=2894260&use=l&cat=p&typeid=i","cat":333658},{"id":9110,"n":"Bûche de chèvre allégée Soignon Lait pasteurisé 29%mg - 180g","p":2.21,"u":"12,28 €/KG","img":"https://fd2-photos.leclercdrive.fr/image.ashx?id=2886987&use=l&cat=p&typeid=i","cat":314031},{"id":9123,"n":"Café soluble Plantation Café Au Lait Chicorée - 400g","p":3.59,"u":"8,98 €/KG","img":"https://fd2-photos.leclercdrive.fr/image.ashx?id=2834232&use=l&cat=p&typeid=i","cat":284843},{"id":9124,"n":"Croquettes chiens Lydog Senior - 3kg","p":5.18,"u":"1,73 €/KG","img":"https://fd2-photos.leclercdrive.fr/image.ashx?id=2047025&use=l&cat=p&typeid=i","cat":284672},{"id":9130,"n":"Mouchoirs blancs 2 plis Caresse Boîte mouchoirs en papier -x110","p":1.33,"u":"0,01 €/P","img":"https://fd2-photos.leclercdrive.fr/image.ashx?id=2390416&use=l&cat=p&typeid=i","cat":284638},{"id":9138,"n":"Café soluble Plantation Chicorée - 250g","p":2.98,"u":"11,92 €/KG","img":"https://fd2-photos.leclercdrive.fr/image.ashx?id=2556379&use=l&cat=p&typeid=i","cat":284843},{"id":9144,"n":"Vinaigre de Vin blanc Rustica Aromatisé à la noix - 50cl","p":1.64,"u":"3,28 €/L","img":"https://fd2-photos.leclercdrive.fr/image.ashx?id=1670491&use=l&cat=p&typeid=i","cat":298543},{"id":9148,"n":"Pizza Turini Jambon Champignons - 200g","p":1.77,"u":"8,85 €/KG","img":"https://fd2-photos.leclercdrive.fr/image.ashx?id=2989655&use=l&cat=p&typeid=i","cat":333679},{"id":9161,"n":"Tarte aux poireaux Côté Table 2x130g","p":2.54,"u":"9,77 €/KG","img":"https://fd2-photos.leclercdrive.fr/image.ashx?id=2354707&use=l&cat=p&typeid=i","cat":333680},{"id":9164,"n":"Crevettes natures Pêche Océan 125g","p":3.99,"u":"31,92 €/KG","img":"https://fd2-photos.leclercdrive.fr/image.ashx?id=3015242&use=l&cat=p&typeid=i","cat":284343},{"id":9167,"n":"Fromage Edam Mimolette Les Croisés dés 150g","p":1.85,"u":"12,33 €/KG","img":"https://fd2-photos.leclercdrive.fr/image.ashx?id=2365472&use=l&cat=p&typeid=i","cat":314027},{"id":9170,"n":"Spaetzles d'Alsace NRT 250g","p":1.39,"u":"5,56 €/KG","img":"https://fd2-photos.leclercdrive.fr/image.ashx?id=2839962&use=l&cat=p&typeid=i","cat":284427},{"id":9171,"n":"Sablés aux Pommes NRT - 150g","p":1.99,"u":"13,27 €/KG","img":"https://fd2-photos.leclercdrive.fr/image.ashx?id=2622290&use=l&cat=p&typeid=i","cat":284487},{"id":9173,"n":"Ravioles Label Rouge NRT Dauphiné - 240g","p":2.99,"u":"12,46 €/KG","img":"https://fd2-photos.leclercdrive.fr/image.ashx?id=2704894&use=l&cat=p&typeid=i","cat":333682},{"id":9177,"n":"Flammekueche d'Alsace NRT 180g","p":2.09,"u":"11,61 €/KG","img":"https://fd2-photos.leclercdrive.fr/image.ashx?id=2743864&use=l&cat=p&typeid=i","cat":333680},{"id":9181,"n":"Chinois La Fournée Dorée Crème pâtissière - 600g","p":2.43,"u":"4,05 €/KG","img":"https://fd2-photos.leclercdrive.fr/image.ashx?id=2342090&use=l&cat=p&typeid=i","cat":293600},{"id":9182,"n":"Chinois La Fournée Dorée Crème patissière, Chocolat 500g","p":2.95,"u":"5,90 €/KG","img":"https://fd2-photos.leclercdrive.fr/image.ashx?id=2342093&use=l&cat=p&typeid=i","cat":293600},{"id":9183,"n":"Boules soufflées Tokapi Tomate - 42g","p":0.57,"u":"13,57 €/KG","img":"https://fd2-photos.leclercdrive.fr/image.ashx?id=2597025&use=l&cat=p&typeid=i","cat":284449},{"id":9211,"n":"Préparation Mon Fournil Pain blanc - 1kg","p":2.34,"u":"2,34 €/KG","img":"https://fd2-photos.leclercdrive.fr/image.ashx?id=2341654&use=l&cat=p&typeid=i","cat":284503},{"id":9220,"n":"Plateau Barbecue Le Gaulois 850g","p":12.45,"u":"14,65 €/KG","img":"https://fd2-photos.leclercdrive.fr/image.ashx?id=2438666&use=l&cat=p&typeid=i","cat":284716},{"id":9223,"n":"Pâtes Capellini Turini 500g","p":0.85,"u":"1,70 €/KG","img":"https://fd2-photos.leclercdrive.fr/image.ashx?id=2607482&use=l&cat=p&typeid=i","cat":284427},{"id":9262,"n":"Matière grasse Rustica Tournesol -60%MG -Doux -500G","p":1.53,"u":"3,06 €/KG","img":"https://fd2-photos.leclercdrive.fr/image.ashx?id=2904553&use=l&cat=p&typeid=i","cat":315229},{"id":9265,"n":"Pêche poire ananas  Douceur du verger - 4x70g","p":2.59,"u":"9,25 €/KG","img":"https://fd2-photos.leclercdrive.fr/image.ashx?id=2349100&use=l&cat=p&typeid=i","cat":284507},{"id":9266,"n":"Ananas papaye mangue DDV Sirop léger - 4x70g","p":2.75,"u":"9,82 €/KG","img":"https://fd2-photos.leclercdrive.fr/image.ashx?id=2100775&use=l&cat=p&typeid=i","cat":284507},{"id":9276,"n":"Biscuits Sprits P'tit Déli Chocolat au lait - 150g","p":1.09,"u":"7,27 €/KG","img":"https://fd2-photos.leclercdrive.fr/image.ashx?id=2081053&use=l&cat=p&typeid=i","cat":284488},{"id":9322,"n":"Tartelette Choco Caramel St Michel Bonne Maman 135g","p":1.36,"u":"10,07 €/KG","img":"https://fd2-photos.leclercdrive.fr/image.ashx?id=2949931&use=l&cat=p&typeid=i","cat":284488},{"id":9435,"n":"AOP Champagne Mercier  Brut - 75cl","p":24.9,"u":"33,20 €/L","img":"https://fd2-photos.leclercdrive.fr/image.ashx?id=1867174&use=l&cat=p&typeid=i","cat":284542},{"id":9593,"n":"AOP Côtes du Rhône vin rouge Combes Saint Sauveur 75cl","p":4.08,"u":"5,44 €/L","img":"https://fd2-photos.leclercdrive.fr/image.ashx?id=2755414&use=l&cat=p&typeid=i","cat":289556},{"id":9598,"n":"Nuggets Le Gaulois Extra croustillant x10 - 200g","p":2.28,"u":"11,40 €/KG","img":"https://fd2-photos.leclercdrive.fr/image.ashx?id=2645531&use=l&cat=p&typeid=i","cat":333684},{"id":9632,"n":"IGP Pays d'Oc rouge Les Ormes De Cambras 12.5% vol - 75cl","p":2.8,"u":"3,73 €/L","img":"https://fd2-photos.leclercdrive.fr/image.ashx?id=2445121&use=l&cat=p&typeid=i","cat":289556},{"id":9634,"n":"Scotch Whisky Baird's 40%vol - 1L","p":15.49,"u":"15,49 €/L","img":"https://fd2-photos.leclercdrive.fr/image.ashx?id=2907168&use=l&cat=p&typeid=i","cat":284547},{"id":9635,"n":"Rhum blanc Charrette 49%vol - 1L","p":16.17,"u":"16,17 €/L","img":"https://fd2-photos.leclercdrive.fr/image.ashx?id=1946417&use=l&cat=p&typeid=i","cat":284550},{"id":9638,"n":"AOC Rhum agricole blanc Dillon Martinique 55%vol - 1L","p":18.5,"u":"18,50 €/L","img":"https://fd2-photos.leclercdrive.fr/image.ashx?id=2650946&use=l&cat=p&typeid=i","cat":284550},{"id":9641,"n":"Whisky Ballantine's Finest Blended Scotch 40% vol - 1L","p":20.95,"pp":19.45,"u":"19,45 €/L","img":"https://fd2-photos.leclercdrive.fr/image.ashx?id=2816964&use=l&cat=p&typeid=i","cat":284547},{"id":9689,"n":"Muffin complet Epi d'Or x4 - 250g","p":1.7,"u":"6,80 €/KG","img":"https://fd2-photos.leclercdrive.fr/image.ashx?id=2939058&use=l&cat=p&typeid=i","cat":284985},{"id":9708,"n":"Crème aux oeufs Délisse Vanille - 4x100g","p":1.49,"u":"3,73 €/KG","img":"https://fd2-photos.leclercdrive.fr/image.ashx?id=1956631&use=l&cat=p&typeid=i","cat":284419},{"id":9709,"n":"Mini brownies P'tit Déli Chocolat pépites x8 - 240g","p":1.49,"u":"6,21 €/KG","img":"https://fd2-photos.leclercdrive.fr/image.ashx?id=2888938&use=l&cat=p&typeid=i","cat":294776},{"id":9894,"n":"Moutarde de Bourgogne IGP NRT 200g","p":1.5,"u":"7,50 €/KG","img":"https://fd2-photos.leclercdrive.fr/image.ashx?id=2644918&use=l&cat=p&typeid=i","cat":288850},{"id":9898,"n":"Culotte absorbante Chorys Taille L - x10","p":6.99,"u":"0,70 €/P","img":"https://fd2-photos.leclercdrive.fr/image.ashx?id=2623004&use=l&cat=p&typeid=i","cat":284628},{"id":9899,"n":"Culotte absorbante Chorys Taille M - Plus - x12","p":7.99,"u":"0,67 €/P","img":"https://fd2-photos.leclercdrive.fr/image.ashx?id=2158197&use=l&cat=p&typeid=i","cat":284628},{"id":9915,"n":"Oignons émincés Notre Jardin 1kg","p":1.75,"u":"1,75 €/KG","img":"https://fd2-photos.leclercdrive.fr/image.ashx?id=2873120&use=l&cat=p&typeid=i","cat":319805},{"id":9916,"n":"Epinards Notre Jardin Feuilles à cuire - 600g","p":1.35,"u":"2,25 €/KG","img":"https://fd2-photos.leclercdrive.fr/image.ashx?id=2916677&use=l&cat=p&typeid=i","cat":319805},{"id":9917,"n":"Whisky J&B Rare 40%vol - 1L","p":21.5,"pp":18.5,"u":"18,50 €/L","img":"https://fd2-photos.leclercdrive.fr/image.ashx?id=2497638&use=l&cat=p&typeid=i","cat":284547},{"id":9920,"n":"Riz rond blanc de Camargue NRT 500g","p":1.79,"u":"3,58 €/KG","img":"https://fd2-photos.leclercdrive.fr/image.ashx?id=2663839&use=l&cat=p&typeid=i","cat":284428},{"id":9933,"n":"Mouchoirs blancs 4 plis Caresse Mouchoirs papier - 24 étuis","p":2.51,"u":"0,10 €/P","img":"https://fd2-photos.leclercdrive.fr/image.ashx?id=2870017&use=l&cat=p&typeid=i","cat":284638},{"id":10063,"n":"Whisky Bourbon Four Roses 40%vol - 1L","p":26.89,"u":"26,89 €/L","img":"https://fd2-photos.leclercdrive.fr/image.ashx?id=2929476&use=l&cat=p&typeid=i","cat":284547},{"id":10073,"n":"Tablette chocolat Bio Village Bio Chocolat au lait - 100g","p":1.89,"u":"18,90 €/KG","img":"https://fd2-photos.leclercdrive.fr/image.ashx?id=2861899&use=l&cat=p&typeid=i","cat":284497},{"id":10086,"n":"Fondants Autour du Dessert Chocolat x2 - 180g","p":1.99,"u":"11,06 €/KG","img":"https://fd2-photos.leclercdrive.fr/image.ashx?id=2886540&use=l&cat=p&typeid=i","cat":284267},{"id":10091,"n":"Filets maquereaux Pêche Océan Tomate basilic - 169g","p":1.46,"u":"8,64 €/KG","img":"https://fd2-photos.leclercdrive.fr/image.ashx?id=2995031&use=l&cat=p&typeid=i","cat":303868},{"id":10092,"n":"Palets de légumes Notre Jardin Courgettes Carottes - x8 300g","p":1.74,"u":"5,80 €/KG","img":"https://fd2-photos.leclercdrive.fr/image.ashx?id=2878711&use=l&cat=p&typeid=i","cat":319802},{"id":10093,"n":"Palets légumes Notre Jardin Poireaux Carottes - x8 300g","p":1.99,"u":"6,63 €/KG","img":"https://fd2-photos.leclercdrive.fr/image.ashx?id=2878708&use=l&cat=p&typeid=i","cat":319802},{"id":10114,"n":"Essuie-tout Uni Vert Compact Ecologique - x2","p":2.7,"u":"1,35 €/P","img":"https://fd2-photos.leclercdrive.fr/image.ashx?id=2571929&use=l&cat=p&typeid=i","cat":284635},{"id":10122,"n":"Mini gratins Côté Table Aux 3 légumes - x4 480g","p":3.12,"u":"6,50 €/KG","img":"https://fd2-photos.leclercdrive.fr/image.ashx?id=2074419&use=l&cat=p&typeid=i","cat":319802},{"id":10126,"n":"Pomme de terre Patato Rigolo Pom'Lisse 750g","p":1.94,"u":"2,59 €/KG","img":"https://fd2-photos.leclercdrive.fr/image.ashx?id=2699672&use=l&cat=p&typeid=i","cat":319792},{"id":10154,"n":"Boules pralinées Jacquot Chocolat lait - 1kg","p":12.15,"u":"12,15 €/KG","img":"https://fd2-photos.leclercdrive.fr/image.ashx?id=2303300&use=l&cat=p&typeid=i","cat":327595},{"id":10163,"n":"Palets légumes Notre Jardin Choux-fleurs Brocolis - x8 300g","p":2.1,"u":"7,00 €/KG","img":"https://fd2-photos.leclercdrive.fr/image.ashx?id=2878714&use=l&cat=p&typeid=i","cat":319802},{"id":10192,"n":"Olives Vertes Tramier  Dénoyautées 160g","p":1.79,"u":"11,19 €/KG","img":"https://fd2-photos.leclercdrive.fr/image.ashx?id=2363829&use=l&cat=p&typeid=i","cat":284458},{"id":10211,"n":"Pâtes Nouilles Turini 1kg","p":1.35,"u":"1,35 €/KG","img":"https://fd2-photos.leclercdrive.fr/image.ashx?id=2980761&use=l&cat=p&typeid=i","cat":284427},{"id":10212,"n":"Rubans anti-mouches Insectivor x4","p":0.85,"u":"0,21 €/P","img":"https://fd2-photos.leclercdrive.fr/image.ashx?id=1938549&use=l&cat=p&typeid=i","cat":298368},{"id":10215,"n":"Sauce Basquaise Rustica Aux 2 poivrons - 400g","p":1.29,"u":"3,23 €/KG","img":"https://fd2-photos.leclercdrive.fr/image.ashx?id=2887398&use=l&cat=p&typeid=i","cat":287599},{"id":10216,"n":"Sauce Aigre Douce Rustica Légumes croquants - 400g","p":1.28,"u":"3,20 €/KG","img":"https://fd2-photos.leclercdrive.fr/image.ashx?id=2887401&use=l&cat=p&typeid=i","cat":287599},{"id":10217,"n":"Sauce Curry Rustica Légumes et lait de coco - 400g","p":1.31,"u":"3,28 €/KG","img":"https://fd2-photos.leclercdrive.fr/image.ashx?id=2887404&use=l&cat=p&typeid=i","cat":287599},{"id":10223,"n":"Framboises entières  Douceur du Verger 1kg","p":9.65,"u":"9,65 €/KG","img":"https://fd2-photos.leclercdrive.fr/image.ashx?id=2620881&use=l&cat=p&typeid=i","cat":284268},{"id":10227,"n":"Mini gratins Côté Table Dauphinois - x4 480g","p":2.99,"u":"6,23 €/KG","img":"https://fd2-photos.leclercdrive.fr/image.ashx?id=2627640&use=l&cat=p&typeid=i","cat":319802},{"id":10231,"n":"Confiture Douceur du verger Framboises - Allégée - 340g","p":1.25,"u":"3,68 €/KG","img":"https://fd2-photos.leclercdrive.fr/image.ashx?id=2965473&use=l&cat=p&typeid=i","cat":284480},{"id":10244,"n":"Thon entier Pêche Océan Naturel - 280g","p":3.72,"u":"13,29 €/KG","img":"https://fd2-photos.leclercdrive.fr/image.ashx?id=2941414&use=l&cat=p&typeid=i","cat":303867},{"id":10344,"n":"Petit Beurre Pocket P'ti Déli 3x12 sachets 300g","p":1.68,"u":"5,60 €/KG","img":"https://fd2-photos.leclercdrive.fr/image.ashx?id=1965518&use=l&cat=p&typeid=i","cat":284487},{"id":10346,"n":"Vinaigrette allégée Rustica Balsamique huile d'olive - 50cl","p":2.49,"u":"4,98 €/L","img":"https://fd2-photos.leclercdrive.fr/image.ashx?id=1972913&use=l&cat=p&typeid=i","cat":284456},{"id":10348,"n":"Huile de noix Rustica 50cl","p":4.68,"u":"9,36 €/L","img":"https://fd2-photos.leclercdrive.fr/image.ashx?id=2523703&use=l&cat=p&typeid=i","cat":284453},{"id":10351,"n":"Sacs à couche Mots d'Enfant Parfumés - x50","p":1.6,"u":"0,03 €/P","img":"https://fd2-photos.leclercdrive.fr/image.ashx?id=1886564&use=l&cat=p&typeid=i","cat":284737},{"id":10398,"n":"Biscuit apéritif ancel Bretzels Maxi - 200g","p":0.84,"u":"4,20 €/KG","img":"https://fd2-photos.leclercdrive.fr/image.ashx?id=2991813&use=l&cat=p&typeid=i","cat":297000},{"id":10405,"n":"Steak tartare 5%mg Charal Viande bovine - 250g","p":6.21,"u":"24,84 €/KG","img":"https://fd2-photos.leclercdrive.fr/image.ashx?id=2731741&use=l&cat=p&typeid=i","cat":284332},{"id":10406,"n":"Vinaigre d'alcool doux Melfor Miel et infusion plantes - 1L","p":1.69,"u":"1,69 €/L","img":"https://fd2-photos.leclercdrive.fr/image.ashx?id=2289909&use=l&cat=p&typeid=i","cat":298543},{"id":10526,"n":"Pommes Noisettes McCain 1kg","p":2.99,"u":"2,99 €/KG","img":"https://fd2-photos.leclercdrive.fr/image.ashx?id=2911312&use=l&cat=p&typeid=i","cat":319792},{"id":10527,"n":"Pommes Rissolées McCain  1kg","p":2.68,"u":"2,68 €/KG","img":"https://fd2-photos.leclercdrive.fr/image.ashx?id=2911309&use=l&cat=p&typeid=i","cat":319792},{"id":10577,"n":"Flammekueche Kauffer's Noix de St Jacques - 2x250g","p":7.94,"u":"15,88 €/KG","img":"https://fd2-photos.leclercdrive.fr/image.ashx?id=1563079&use=l&cat=p&typeid=i","cat":284257},{"id":10591,"n":"Spray vitrocéramique Clair 500ml","p":3.42,"u":"6,84 €/L","img":"https://fd2-photos.leclercdrive.fr/image.ashx?id=2049052&use=l&cat=p&typeid=i","cat":325363},{"id":10637,"n":"Crème entière Délisse Fluide - 30% MG - 2x25cl","p":2.72,"u":"5,44 €/L","img":"https://fd2-photos.leclercdrive.fr/image.ashx?id=3002560&use=l&cat=p&typeid=i","cat":284381},{"id":10641,"n":"Yaourts lait entier nature Bio Bio village - 4x125g","p":0.95,"u":"1,90 €/KG","img":"https://fd2-photos.leclercdrive.fr/image.ashx?id=2743831&use=l&cat=p&typeid=i","cat":284409},{"id":10655,"n":"IGP Pays d'Oc rouge Cabernet Sauvignon 12.5% vol - 75cl","p":2.8,"u":"3,73 €/L","img":"https://fd2-photos.leclercdrive.fr/image.ashx?id=2189904&use=l&cat=p&typeid=i","cat":289556},{"id":10674,"n":"Soda Coca-Cola Bouteille - 6x50cl","p":6.28,"u":"2,09 €/L","img":"https://fd2-photos.leclercdrive.fr/image.ashx?id=2885414&use=l&cat=p&typeid=i","cat":284530},{"id":10690,"n":"Poêlée côté sud Paysan Breton 750g","p":3.21,"u":"4,28 €/KG","img":"https://fd2-photos.leclercdrive.fr/image.ashx?id=2882397&use=l&cat=p&typeid=i","cat":319823},{"id":10719,"n":"AOP Côtes du Marmandais rouge Vieille Eglise - 6x75cl","p":17.74,"u":"3,94 €/L","img":"https://fd2-photos.leclercdrive.fr/image.ashx?id=1726727&use=l&cat=p&typeid=i","cat":289556},{"id":10720,"n":"Vin mousseux Charles Volner Demi-sec - 11%vol. - 75cl","p":4.14,"u":"5,52 €/L","img":"https://fd2-photos.leclercdrive.fr/image.ashx?id=1592055&use=l&cat=p&typeid=i","cat":284544},{"id":10728,"n":"Beurre Moulé de Baratte Le Gall Demi-sel - 80% MG - 250g","p":2.95,"u":"11,80 €/KG","img":"https://fd2-photos.leclercdrive.fr/image.ashx?id=2438594&use=l&cat=p&typeid=i","cat":284379},{"id":10729,"n":"Crème fraîche Le Gall Fleurette - 25cl","p":1.55,"u":"6,20 €/L","img":"https://fd2-photos.leclercdrive.fr/image.ashx?id=2534731&use=l&cat=p&typeid=i","cat":284381},{"id":10731,"n":"Saucisses fraîches Hénaff Nature petites x5 - 277g","p":6.64,"u":"23,97 €/KG","img":"https://fd2-photos.leclercdrive.fr/image.ashx?id=2794499&use=l&cat=p&typeid=i","cat":284334},{"id":10737,"n":"Jus d'orange Plein Fruit Avec pulpe - 1L","p":2.88,"u":"2,88 €/L","img":"https://fd2-photos.leclercdrive.fr/image.ashx?id=2896234&use=l&cat=p&typeid=i","cat":284521},{"id":10738,"n":"Jus de pomme Plein Fruit Sill 1L","p":1.9,"u":"1,90 €/L","img":"https://fd2-photos.leclercdrive.fr/image.ashx?id=2867428&use=l&cat=p&typeid=i","cat":284522},{"id":10749,"n":"Café moulu Coïc Caraïbes - 250g","p":4.57,"u":"18,28 €/KG","img":"https://fd2-photos.leclercdrive.fr/image.ashx?id=2467348&use=l&cat=p&typeid=i","cat":284750},{"id":10750,"n":"Eau de source Mont d'Arrée 6x1.5L","p":1.65,"u":"0,18 €/L","img":"https://fd2-photos.leclercdrive.fr/image.ashx?id=2979854&use=l&cat=p&typeid=i","cat":284535},{"id":10755,"n":"Porc : palets frais Henaff Nature - 240g","p":4.69,"u":"19,54 €/KG","img":"https://fd2-photos.leclercdrive.fr/image.ashx?id=2461057&use=l&cat=p&typeid=i","cat":284331},{"id":10759,"n":"Soda Breizh Cola Bouteille - 6x33cl","p":3.93,"u":"1,98 €/L","img":"https://fd2-photos.leclercdrive.fr/image.ashx?id=1564531&use=l&cat=p&typeid=i","cat":284530},{"id":10760,"n":"Soda Breizh Cola sans sucre Bouteille - 1,5L","p":1.3,"u":"0,87 €/L","img":"https://fd2-photos.leclercdrive.fr/image.ashx?id=2458667&use=l&cat=p&typeid=i","cat":284530},{"id":10767,"n":"Riz cantonais Comptoir du Grain Express 2 min - 250g","p":1.19,"u":"4,76 €/KG","img":"https://fd2-photos.leclercdrive.fr/image.ashx?id=2441198&use=l&cat=p&typeid=i","cat":287600},{"id":10781,"n":"Chair de tomate Notre Jardin Nature - 400g","p":1.99,"u":"4,98 €/KG","img":"https://fd2-photos.leclercdrive.fr/image.ashx?id=2590436&use=l&cat=p&typeid=i","cat":312608},{"id":10785,"n":"Mogette cuisinée NRT De Vendée - 820g","p":3.01,"u":"3,67 €/KG","img":"https://fd2-photos.leclercdrive.fr/image.ashx?id=2771384&use=l&cat=p&typeid=i","cat":312606},{"id":10787,"n":"Huile de colza Bio Village Bio - 75cl","p":3.79,"u":"5,05 €/L","img":"https://fd2-photos.leclercdrive.fr/image.ashx?id=2989715&use=l&cat=p&typeid=i","cat":284453},{"id":10788,"n":"Moutarde de Dijon Bio Village Bio - 200g","p":1.54,"u":"7,70 €/KG","img":"https://fd2-photos.leclercdrive.fr/image.ashx?id=2607954&use=l&cat=p&typeid=i","cat":288850},{"id":10795,"n":"Moutarde de Dijon NRT À l'ancienne - 200g","p":1.39,"u":"6,95 €/KG","img":"https://fd2-photos.leclercdrive.fr/image.ashx?id=2644921&use=l&cat=p&typeid=i","cat":288850},{"id":10919,"n":"Crème dessert La Laitière Pot de crème choco noir- 4x100g","p":2.18,"u":"5,45 €/KG","img":"https://fd2-photos.leclercdrive.fr/image.ashx?id=2224049&use=l&cat=p&typeid=i","cat":285041},{"id":10927,"n":"Noix de cajou grilées Eco+ Salées - 125g","p":1.34,"u":"10,72 €/KG","img":"https://fd2-photos.leclercdrive.fr/image.ashx?id=2839815&use=l&cat=p&typeid=i","cat":284448},{"id":10928,"n":"Mélange Eco+ Graines et raisin - 200g","p":1.45,"u":"7,25 €/KG","img":"https://fd2-photos.leclercdrive.fr/image.ashx?id=2780713&use=l&cat=p&typeid=i","cat":284448},{"id":10930,"n":"Chocolat pâtissier Eco+ Spécial dessert 200g","p":1.59,"u":"7,95 €/KG","img":"https://fd2-photos.leclercdrive.fr/image.ashx?id=2793140&use=l&cat=p&typeid=i","cat":285562},{"id":10933,"n":"Huile olive Eco+ Extra vierge - 1L","p":6.67,"u":"6,67 €/L","img":"https://fd2-photos.leclercdrive.fr/image.ashx?id=2699547&use=l&cat=p&typeid=i","cat":284453},{"id":10938,"n":"Barquette chien Eco+ Au boeuf - 300g","p":0.52,"u":"1,73 €/KG","img":"https://fd2-photos.leclercdrive.fr/image.ashx?id=2957545&use=l&cat=p&typeid=i","cat":284673},{"id":10945,"n":"Boules de graisse Eco+ x6 - 540g","p":0.79,"u":"1,46 €/KG","img":"https://fd2-photos.leclercdrive.fr/image.ashx?id=2220275&use=l&cat=p&typeid=i","cat":284678},{"id":10955,"n":"Blocs WC Eco+ Eau bleue - x2","p":0.65,"u":"0,33 €/P","img":"https://fd2-photos.leclercdrive.fr/image.ashx?id=2399126&use=l&cat=p&typeid=i","cat":284662},{"id":10956,"n":"Pain de campagne tranché   400g","p":1.35,"u":"3,38 €/KG","img":"https://fd2-photos.leclercdrive.fr/image.ashx?id=2062918&use=l&cat=p&typeid=i","cat":284359},{"id":10966,"n":"Crêpes froment Maison Le Coent Fraîches fait mains x12 - 360g","p":4.85,"u":"13,47 €/KG","img":"https://fd2-photos.leclercdrive.fr/image.ashx?id=2180103&use=l&cat=p&typeid=i","cat":284494},{"id":11003,"n":"Compote Douceur du Verger Coupelle pomme poire - 4x100g","p":1.34,"u":"3,35 €/KG","img":"https://fd2-photos.leclercdrive.fr/image.ashx?id=1961440&use=l&cat=p&typeid=i","cat":284508},{"id":11007,"n":"Barquettes chats Tous mes amis Les Menus 4 variétés - 8x100g","p":4.49,"u":"5,61 €/KG","img":"https://fd2-photos.leclercdrive.fr/image.ashx?id=2050645&use=l&cat=p&typeid=i","cat":285286},{"id":11034,"n":"Terrine de campagne Côté Table Porc confit - 2x180g","p":2.79,"u":"7,75 €/KG","img":"https://fd2-photos.leclercdrive.fr/image.ashx?id=2519426&use=l&cat=p&typeid=i","cat":305149},{"id":11042,"n":"Crêpes Côté Table Fromage fondu x20 1kg","p":3.29,"u":"3,29 €/KG","img":"https://fd2-photos.leclercdrive.fr/image.ashx?id=2756849&use=l&cat=p&typeid=i","cat":319776},{"id":11046,"n":"Duo de riz Camargue Bio village Bio  - 500g","p":3.9,"u":"7,80 €/KG","img":"https://fd2-photos.leclercdrive.fr/image.ashx?id=2477008&use=l&cat=p&typeid=i","cat":284428},{"id":11079,"n":"Brioches fourrées Epi d'Or Chocolat x8 - 310g","p":1.65,"u":"5,32 €/KG","img":"https://fd2-photos.leclercdrive.fr/image.ashx?id=2860730&use=l&cat=p&typeid=i","cat":293505},{"id":11143,"n":"Beurre de Baratte Le Gall Demi-sel - 80% MG - 500g","p":5.85,"u":"11,70 €/KG","img":"https://fd2-photos.leclercdrive.fr/image.ashx?id=2380994&use=l&cat=p&typeid=i","cat":284379},{"id":11153,"n":"Truite fumée Ovive Pyrénées 4 tranches - 120g","p":5.76,"u":"48,00 €/KG","img":"https://fd2-photos.leclercdrive.fr/image.ashx?id=2887848&use=l&cat=p&typeid=i","cat":285188},{"id":11164,"n":"Crêpes Paysan Breton L'Authentique x12 - 370g","p":2.56,"u":"6,92 €/KG","img":"https://fd2-photos.leclercdrive.fr/image.ashx?id=2911303&use=l&cat=p&typeid=i","cat":284494},{"id":11175,"n":"Plat bébé soir Blédiner 8 mois Risotto courgette - 2x200g","p":2.28,"u":"5,70 €/KG","img":"https://fd2-photos.leclercdrive.fr/image.ashx?id=2921043&use=l&cat=p&typeid=i","cat":312239},{"id":11178,"n":"Plat bébé soir Blédiner 12 mois Pâtes tomate courgette - 2x200g","p":2.24,"u":"5,60 €/KG","img":"https://fd2-photos.leclercdrive.fr/image.ashx?id=2902966&use=l&cat=p&typeid=i","cat":312239},{"id":11196,"n":"Tarte Normande pommes 6/8 parts  670g","p":5.99,"u":"8,94 €/KG","img":"https://fd2-photos.leclercdrive.fr/image.ashx?id=588375&use=l&cat=p&typeid=i","cat":284360},{"id":11225,"n":"AOP Blaye Côtes de Bordeaux vin rouge Chantet Blanet - BIB 3L","p":11.99,"u":"4,00 €/L","img":"https://fd2-photos.leclercdrive.fr/image.ashx?id=2780719&use=l&cat=p&typeid=i","cat":289560},{"id":11292,"n":"AOC Clairette de Die Jaillance Esprit de terroirTradition 75cl","p":5.95,"u":"7,93 €/L","img":"https://fd2-photos.leclercdrive.fr/image.ashx?id=2453499&use=l&cat=p&typeid=i","cat":284545},{"id":11308,"n":"Couscous Tipiak - Grain moyen Prêt en 4 min - 1kg","p":1.69,"u":"1,69 €/KG","img":"https://fd2-photos.leclercdrive.fr/image.ashx?id=2947826&use=l&cat=p&typeid=i","cat":284429},{"id":11309,"n":"Fromage de Brebis Le Brebiou  Des Pyrénées - 180g","p":2.97,"u":"16,50 €/KG","img":"https://fd2-photos.leclercdrive.fr/image.ashx?id=2472855&use=l&cat=p&typeid=i","cat":314031},{"id":11311,"n":"AOP Crème Fraîche Isigny Sainte Mère 40%mg - 40cl","p":3.35,"u":"8,38 €/L","img":"https://fd2-photos.leclercdrive.fr/image.ashx?id=2575225&use=l&cat=p&typeid=i","cat":284381},{"id":11365,"n":"Crème aux oeufs La Laitière Vanille - 4x100g","p":1.79,"u":"4,48 €/KG","img":"https://fd2-photos.leclercdrive.fr/image.ashx?id=3007987&use=l&cat=p&typeid=i","cat":284419},{"id":11367,"n":"Yaourt à la grecque YAOS Nature - 4x150g","p":2.09,"u":"3,48 €/KG","img":"https://fd2-photos.leclercdrive.fr/image.ashx?id=2365006&use=l&cat=p&typeid=i","cat":314999},{"id":11386,"n":"Saucisse de Toulouse Socopa x4 400g","p":3.81,"u":"9,53 €/KG","img":"https://fd2-photos.leclercdrive.fr/image.ashx?id=2264689&use=l&cat=p&typeid=i","cat":284334},{"id":11388,"n":"Yaourt Bonne Maman Vanille - 4x125g","p":2.25,"u":"4,50 €/KG","img":"https://fd2-photos.leclercdrive.fr/image.ashx?id=2491289&use=l&cat=p&typeid=i","cat":286006},{"id":11391,"n":"Crème caramel Bonne Maman Aux oeufs frais - 4x100g","p":2.1,"u":"5,25 €/KG","img":"https://fd2-photos.leclercdrive.fr/image.ashx?id=1987563&use=l&cat=p&typeid=i","cat":284419},{"id":11399,"n":"Beurre ovale Le Marin 82% MG - 250g","p":2.89,"u":"11,56 €/KG","img":"https://fd2-photos.leclercdrive.fr/image.ashx?id=2896949&use=l&cat=p&typeid=i","cat":284379},{"id":11454,"n":"Pasta box Sodebo Tortellini Jambon - 280g","p":3.03,"u":"10,82 €/KG","img":"https://fd2-photos.leclercdrive.fr/image.ashx?id=2362630&use=l&cat=p&typeid=i","cat":334983},{"id":11455,"n":"Pasta Box Sodebo Tortellini Ricotta Épinards - 280g","p":2.18,"u":"7,79 €/KG","img":"https://fd2-photos.leclercdrive.fr/image.ashx?id=2919778&use=l&cat=p&typeid=i","cat":334983},{"id":11464,"n":"Pointe de brie Président Crémeux - 200g","p":2.0,"u":"10,00 €/KG","img":"https://fd2-photos.leclercdrive.fr/image.ashx?id=2029841&use=l&cat=p&typeid=i","cat":314033},{"id":11465,"n":"Beurre La Motte Président Demi-sel - 80%MG - 250g","p":3.19,"u":"12,76 €/KG","img":"https://fd2-photos.leclercdrive.fr/image.ashx?id=2896970&use=l&cat=p&typeid=i","cat":284379},{"id":11478,"n":"Ma Pièmontaise jambon Pierre Martinet - 500g","p":2.86,"u":"5,72 €/KG","img":"https://fd2-photos.leclercdrive.fr/image.ashx?id=2873937&use=l&cat=p&typeid=i","cat":333657},{"id":11498,"n":"Lait Bio écrémé Lactel UHT Bouteille - 6x1l","p":10.6,"u":"1,77 €/L","img":"https://fd2-photos.leclercdrive.fr/image.ashx?id=2890986&use=l&cat=p&typeid=i","cat":284949},{"id":11499,"n":"Lait Bio entier Lactel UHT Bouteille - 6x1l","p":10.27,"u":"1,71 €/L","img":"https://fd2-photos.leclercdrive.fr/image.ashx?id=2892775&use=l&cat=p&typeid=i","cat":285610},{"id":11501,"n":"Yaourts Mamie Nova Cerise griotte - 2x150g","p":1.2,"u":"4,00 €/KG","img":"https://fd2-photos.leclercdrive.fr/image.ashx?id=2912245&use=l&cat=p&typeid=i","cat":284410},{"id":11503,"n":"Crème gourmande Mamie Nova Vanille bourbon 2x150g","p":1.36,"u":"4,53 €/KG","img":"https://fd2-photos.leclercdrive.fr/image.ashx?id=2909017&use=l&cat=p&typeid=i","cat":285041},{"id":11507,"n":"Yaourts Mamie Nova Noix de coco - 2x150g","p":1.21,"u":"4,03 €/KG","img":"https://fd2-photos.leclercdrive.fr/image.ashx?id=2888488&use=l&cat=p&typeid=i","cat":284410},{"id":11509,"n":"Feuille de brick Tablier Blanc 8 feuilles - 136g","p":0.77,"u":"5,66 €/KG","img":"https://fd2-photos.leclercdrive.fr/image.ashx?id=1938558&use=l&cat=p&typeid=i","cat":333681},{"id":11519,"n":"Mi-bas mousse lycra Tissaia Noir taille unique - x3","p":2.5,"u":"0,83 €/P","img":"https://fd2-photos.leclercdrive.fr/image.ashx?id=2193329&use=l&cat=p&typeid=i","cat":334130},{"id":11527,"n":"Essuie-tout blanc Mimosa Super absorbant - x6","p":3.74,"u":"0,62 €/P","img":"https://fd2-photos.leclercdrive.fr/image.ashx?id=2401882&use=l&cat=p&typeid=i","cat":284635},{"id":11561,"n":"Boisson sans alcool D'Artigny Classic - 75cl","p":3.23,"u":"4,31 €/L","img":"https://fd2-photos.leclercdrive.fr/image.ashx?id=2804430&use=l&cat=p&typeid=i","cat":289460},{"id":11562,"n":"Boisson sans alcool D'Artigny Pêche - 75cl","p":3.24,"u":"4,32 €/L","img":"https://fd2-photos.leclercdrive.fr/image.ashx?id=2854393&use=l&cat=p&typeid=i","cat":289460},{"id":11587,"n":"Papier toilette Mimosa Rose - Ultra doux - x12","p":2.82,"u":"0,24 €/P","img":"https://fd2-photos.leclercdrive.fr/image.ashx?id=2448303&use=l&cat=p&typeid=i","cat":284634},{"id":11633,"n":"Collant Well Elastivoile Satiné ibiza T1","p":4.18,"img":"https://fd2-photos.leclercdrive.fr/image.ashx?id=2056377&use=l&cat=p&typeid=i","cat":334130},{"id":11635,"n":"Collant Well Elastivoile Satiné ibiza T2","p":4.18,"img":"https://fd2-photos.leclercdrive.fr/image.ashx?id=2056380&use=l&cat=p&typeid=i","cat":334130},{"id":11644,"n":"Collant voile Tissaïa Transparent beige clair T1 - x2","p":2.15,"u":"1,08 €/P","img":"https://fd2-photos.leclercdrive.fr/image.ashx?id=2193024&use=l&cat=p&typeid=i","cat":334130},{"id":11647,"n":"Collant voile Well Body Galbe Noir - T1","p":5.09,"img":"https://fd2-photos.leclercdrive.fr/image.ashx?id=589096&use=l&cat=p&typeid=i","cat":334130},{"id":11649,"n":"Collant voile Well Body Galbe Noir - T3","p":5.09,"img":"https://fd2-photos.leclercdrive.fr/image.ashx?id=589104&use=l&cat=p&typeid=i","cat":334130},{"id":11650,"n":"Collant voile Tissaia Transparent beige clair T2 - x2","p":2.15,"u":"1,08 €/P","img":"https://fd2-photos.leclercdrive.fr/image.ashx?id=2193030&use=l&cat=p&typeid=i","cat":334130},{"id":11669,"n":"Collant voile Tissaia Résistant noir T2 - x2","p":3.25,"u":"1,63 €/P","img":"https://fd2-photos.leclercdrive.fr/image.ashx?id=2193054&use=l&cat=p&typeid=i","cat":334130},{"id":11673,"n":"Collant voile Tissaia Résistant noir T3 - x2","p":3.25,"u":"1,63 €/P","img":"https://fd2-photos.leclercdrive.fr/image.ashx?id=2193060&use=l&cat=p&typeid=i","cat":334130},{"id":11677,"n":"Collant voile résistant Tissaia Résistant noir T4 - x2","p":3.25,"u":"1,63 €/P","img":"https://fd2-photos.leclercdrive.fr/image.ashx?id=2193066&use=l&cat=p&typeid=i","cat":334130},{"id":11684,"n":"Collants Well Elastivoile Résistant noir T3","p":3.7,"img":"https://fd2-photos.leclercdrive.fr/image.ashx?id=2056545&use=l&cat=p&typeid=i","cat":334130},{"id":11689,"n":"Collant mousse Tissaia Confort beige moyen T2 - x2","p":1.95,"u":"0,98 €/P","img":"https://fd2-photos.leclercdrive.fr/image.ashx?id=2193084&use=l&cat=p&typeid=i","cat":334130},{"id":11690,"n":"Collant mousse Tissaia Confort beige moyen T3 - x2","p":1.95,"u":"0,98 €/P","img":"https://fd2-photos.leclercdrive.fr/image.ashx?id=2193087&use=l&cat=p&typeid=i","cat":334130},{"id":11692,"n":"Collant mousse Tissaia Confort beige moyen T4 - x2","p":1.95,"u":"0,98 €/P","img":"https://fd2-photos.leclercdrive.fr/image.ashx?id=2193090&use=l&cat=p&typeid=i","cat":334130},{"id":11693,"n":"Collant voile Tissaia Transparent beige clair T3 - x2","p":2.15,"u":"1,08 €/P","img":"https://fd2-photos.leclercdrive.fr/image.ashx?id=2193093&use=l&cat=p&typeid=i","cat":334130},{"id":11704,"n":"Bas clip Tissaia voile brillant Beige T1/2","p":3.7,"img":"https://fd2-photos.leclercdrive.fr/image.ashx?id=2193293&use=l&cat=p&typeid=i","cat":334130},{"id":11736,"n":"Mi-bas opaque Tissaia Noir taille unique - x2","p":3.58,"u":"1,79 €/P","img":"https://fd2-photos.leclercdrive.fr/image.ashx?id=2193317&use=l&cat=p&typeid=i","cat":334130},{"id":11737,"n":"Mi-bas mousse Tissaia Noir taille unique - x3","p":1.95,"u":"0,65 €/P","img":"https://fd2-photos.leclercdrive.fr/image.ashx?id=2193320&use=l&cat=p&typeid=i","cat":334130},{"id":11795,"n":"Confiture Andros Fraises - 1kg","p":3.49,"u":"3,49 €/KG","img":"https://fd2-photos.leclercdrive.fr/image.ashx?id=2946892&use=l&cat=p&typeid=i","cat":284480},{"id":11809,"n":"Collants Well Elastivoile Résistant ibiza T4","p":3.7,"img":"https://fd2-photos.leclercdrive.fr/image.ashx?id=2560837&use=l&cat=p&typeid=i","cat":334130},{"id":11810,"n":"Collant Well Elastivoile Résistant noir T4","p":3.7,"img":"https://fd2-photos.leclercdrive.fr/image.ashx?id=2056374&use=l&cat=p&typeid=i","cat":334130},{"id":11827,"n":"Chewing-gum Regular Hollywood Chlorophylle - 155g","p":2.55,"u":"16,45 €/KG","img":"https://fd2-photos.leclercdrive.fr/image.ashx?id=2682848&use=l&cat=p&typeid=i","cat":304251},{"id":11878,"n":"AOC Bordeaux vin rouge Chantet Blanet - BIB 3L","p":9.99,"u":"3,33 €/L","img":"https://fd2-photos.leclercdrive.fr/image.ashx?id=2708456&use=l&cat=p&typeid=i","cat":289560},{"id":11879,"n":"AOC Côtes du Rhône vin rouge Grégoire XI - BIB 3L","p":9.99,"u":"3,33 €/L","img":"https://fd2-photos.leclercdrive.fr/image.ashx?id=2920169&use=l&cat=p&typeid=i","cat":289560},{"id":11880,"n":"AOC Vouvray brut Les Caractères - 75cl","p":5.99,"u":"7,99 €/L","img":"https://fd2-photos.leclercdrive.fr/image.ashx?id=2801043&use=l&cat=p&typeid=i","cat":284544},{"id":11881,"n":"AOP Vouvray demi-sec Les Caractères - 75cl","p":5.99,"u":"7,99 €/L","img":"https://fd2-photos.leclercdrive.fr/image.ashx?id=2800264&use=l&cat=p&typeid=i","cat":284544},{"id":11885,"n":"Fruits au sirop St Mamet Cocktail avec son jus - 3x125g","p":3.81,"u":"10,16 €/KG","img":"https://fd2-photos.leclercdrive.fr/image.ashx?id=2628440&use=l&cat=p&typeid=i","cat":284507},{"id":11886,"n":"IGP Pays d'Oc Gris vin rosé Rives & Terrasses 12.5% BIB 3L","p":8.49,"u":"2,83 €/L","img":"https://fd2-photos.leclercdrive.fr/image.ashx?id=2909383&use=l&cat=p&typeid=i","cat":289560},{"id":11888,"n":"AOC Crémant d'Alsace brut rosé Rebmann - 75 cl","p":5.95,"u":"7,93 €/L","img":"https://fd2-photos.leclercdrive.fr/image.ashx?id=2682651&use=l&cat=p&typeid=i","cat":284545},{"id":11895,"n":"AOC Côtes du Rhône vin rouge Grégoire XI - BIB 5L","p":16.49,"u":"3,30 €/L","img":"https://fd2-photos.leclercdrive.fr/image.ashx?id=2710774&use=l&cat=p&typeid=i","cat":289560},{"id":12000,"n":"Couscous Comptoir du Grain Grain moyen - 5x100g","p":0.84,"u":"1,68 €/KG","img":"https://fd2-photos.leclercdrive.fr/image.ashx?id=3012815&use=l&cat=p&typeid=i","cat":284429},{"id":12012,"n":"Riz Vivien Paille superfino Spécial risotto - 1kg","p":3.21,"u":"3,21 €/KG","img":"https://fd2-photos.leclercdrive.fr/image.ashx?id=2280296&use=l&cat=p&typeid=i","cat":284428},{"id":12017,"n":"Riz rond Vivien Paille dessert Perliz cello - 1kg","p":2.19,"u":"2,19 €/KG","img":"https://fd2-photos.leclercdrive.fr/image.ashx?id=2284082&use=l&cat=p&typeid=i","cat":284428},{"id":12063,"n":"Rasoirs jetables Bic sensitive 3 lames - x12","p":3.92,"u":"0,33 €/P","img":"https://fd2-photos.leclercdrive.fr/image.ashx?id=2768502&use=l&cat=p&typeid=i","cat":284616},{"id":12078,"n":"Pâte à tartiner Nustikao 400g","p":1.83,"u":"4,58 €/KG","img":"https://fd2-photos.leclercdrive.fr/image.ashx?id=2856411&use=l&cat=p&typeid=i","cat":284481},{"id":12102,"n":"Roquette Notre Jardin  - 125g","p":1.42,"u":"11,36 €/KG","img":"https://fd2-photos.leclercdrive.fr/image.ashx?id=2720157&use=l&cat=p&typeid=i","cat":284353},{"id":12218,"n":"AOC Tursan rouge Secret d'Eugénie - 75cl","p":4.88,"u":"6,51 €/L","img":"https://fd2-photos.leclercdrive.fr/image.ashx?id=2732845&use=l&cat=p&typeid=i","cat":289556},{"id":12236,"n":"Spaghetti d'Alsace NRT 250g","p":1.39,"u":"5,56 €/KG","img":"https://fd2-photos.leclercdrive.fr/image.ashx?id=2839983&use=l&cat=p&typeid=i","cat":284427},{"id":12239,"n":"Rillettes de sardine NRT 125g","p":2.49,"u":"19,92 €/KG","img":"https://fd2-photos.leclercdrive.fr/image.ashx?id=1944153&use=l&cat=p&typeid=i","cat":305146},{"id":12242,"n":"Rillettes de saumon MSC Ronde des mers - 150g","p":1.99,"u":"13,27 €/KG","img":"https://fd2-photos.leclercdrive.fr/image.ashx?id=2822729&use=l&cat=p&typeid=i","cat":285191},{"id":12243,"n":"Rillettes de thon MSC Ronde des mers - 150g","p":1.99,"u":"13,27 €/KG","img":"https://fd2-photos.leclercdrive.fr/image.ashx?id=2644873&use=l&cat=p&typeid=i","cat":285191},{"id":12245,"n":"Galettes Bretonnes P'tit Déli Pépites chocolat 130g","p":1.34,"u":"10,31 €/KG","img":"https://fd2-photos.leclercdrive.fr/image.ashx?id=2387973&use=l&cat=p&typeid=i","cat":284487},{"id":12249,"n":"Torsades d'Alsace NRT 250g","p":1.39,"u":"5,56 €/KG","img":"https://fd2-photos.leclercdrive.fr/image.ashx?id=2839980&use=l&cat=p&typeid=i","cat":284427},{"id":12261,"n":"Double concentré tomates Turini 3X70g","p":2.15,"u":"10,24 €/KG","img":"https://fd2-photos.leclercdrive.fr/image.ashx?id=2623962&use=l&cat=p&typeid=i","cat":288384},{"id":12331,"n":"Bonbons Fisherman's Friend Eucalyptus - 3x25g","p":1.91,"u":"25,47 €/KG","img":"https://fd2-photos.leclercdrive.fr/image.ashx?id=2654026&use=l&cat=p&typeid=i","cat":304256},{"id":12342,"n":"Sucettes Chupa Chups Fresh cola - 192g","p":2.24,"u":"11,67 €/KG","img":"https://fd2-photos.leclercdrive.fr/image.ashx?id=2149489&use=l&cat=p&typeid=i","cat":304252},{"id":12362,"n":"Thon entier Pêche Océan Naturel - 2x140g","p":3.75,"u":"13,39 €/KG","img":"https://fd2-photos.leclercdrive.fr/image.ashx?id=2941423&use=l&cat=p&typeid=i","cat":303867},{"id":12363,"n":"Thon entier Pêche Océan Naturel - 3x93g","p":3.99,"u":"14,30 €/KG","img":"https://fd2-photos.leclercdrive.fr/image.ashx?id=2941411&use=l&cat=p&typeid=i","cat":303867},{"id":12365,"n":"Couscous royal Côté Table Volaille et merguez 980g","p":3.69,"u":"3,77 €/KG","img":"https://fd2-photos.leclercdrive.fr/image.ashx?id=2977144&use=l&cat=p&typeid=i","cat":325094},{"id":12373,"n":"Moutarde Rustica Mi-forte - 415g","p":1.28,"u":"3,08 €/KG","img":"https://fd2-photos.leclercdrive.fr/image.ashx?id=1961437&use=l&cat=p&typeid=i","cat":288850},{"id":12380,"n":"Infusion Tiséa Digestion facilitée x25","p":0.99,"u":"24,75 €/KG","img":"https://fd2-photos.leclercdrive.fr/image.ashx?id=2482878&use=l&cat=p&typeid=i","cat":293234},{"id":12384,"n":"Thon entier Pêche Océan Huile de tournesol - 3x80g","p":2.49,"u":"10,38 €/KG","img":"https://fd2-photos.leclercdrive.fr/image.ashx?id=2941402&use=l&cat=p&typeid=i","cat":303867},{"id":12391,"n":"Sirop Frucci Fraise - 1L","p":3.5,"u":"3,50 €/L","img":"https://fd2-photos.leclercdrive.fr/image.ashx?id=2954076&use=l&cat=p&typeid=i","cat":295020},{"id":12394,"n":"Nectar Jafaden Abricot - 4x20cl","p":2.68,"u":"3,35 €/L","img":"https://fd2-photos.leclercdrive.fr/image.ashx?id=2955674&use=l&cat=p&typeid=i","cat":284524},{"id":12397,"n":"Vin mousseux d'Union Européenne Brut Blazer - 75 cl","p":3.15,"u":"4,20 €/L","img":"https://fd2-photos.leclercdrive.fr/image.ashx?id=2623950&use=l&cat=p&typeid=i","cat":284544},{"id":12398,"n":"Vin mousseux d'Union Européenne  Demi-sec Blazer - 75cl","p":3.19,"u":"4,25 €/L","img":"https://fd2-photos.leclercdrive.fr/image.ashx?id=2623953&use=l&cat=p&typeid=i","cat":284544},{"id":12402,"n":"Crème de mûres Auguste Muniot 15%vol. - 50cl","p":4.58,"u":"9,16 €/L","img":"https://fd2-photos.leclercdrive.fr/image.ashx?id=2541525&use=l&cat=p&typeid=i","cat":286032},{"id":12438,"n":"Vinaigre Balsamique MAILLE Velours de Modène - 25cl","p":3.3,"u":"13,20 €/L","img":"https://fd2-photos.leclercdrive.fr/image.ashx?id=2889994&use=l&cat=p&typeid=i","cat":298543},{"id":12441,"n":"Moutarde Amora Fine et douce  - 435g","p":1.69,"u":"3,89 €/KG","img":"https://fd2-photos.leclercdrive.fr/image.ashx?id=2507608&use=l&cat=p&typeid=i","cat":288850},{"id":12451,"n":"Thé glacé Fresh Tea Pêche - Brique - 6x20cl","p":2.43,"u":"2,03 €/L","img":"https://fd2-photos.leclercdrive.fr/image.ashx?id=2622248&use=l&cat=p&typeid=i","cat":295019},{"id":12453,"n":"Soda Jean's Cola sans Caféine Zéro - Bouteille - 1,5L","p":0.96,"u":"0,64 €/L","img":"https://fd2-photos.leclercdrive.fr/image.ashx?id=2637865&use=l&cat=p&typeid=i","cat":284530},{"id":12467,"n":"Jus multifruits Jafaden Pur jus - 1L","p":1.99,"u":"1,99 €/L","img":"https://fd2-photos.leclercdrive.fr/image.ashx?id=2958705&use=l&cat=p&typeid=i","cat":284917},{"id":12469,"n":"100% Pur jus d'orange Jafaden  Sans pulpe - 1L","p":1.99,"u":"1,99 €/L","img":"https://fd2-photos.leclercdrive.fr/image.ashx?id=2842477&use=l&cat=p&typeid=i","cat":284521},{"id":12470,"n":"Pur Jus de raisin Bio Village Bio - 1L","p":2.29,"u":"2,29 €/L","img":"https://fd2-photos.leclercdrive.fr/image.ashx?id=2901518&use=l&cat=p&typeid=i","cat":284915},{"id":12471,"n":"Thon entier Pêche Océan Huile de tournesol - 160g","p":1.63,"u":"10,19 €/KG","img":"https://fd2-photos.leclercdrive.fr/image.ashx?id=2941399&use=l&cat=p&typeid=i","cat":303867},{"id":12477,"n":"Cassoulet Saucisse de Toulouse Côté Table - 420g","p":2.11,"u":"5,02 €/KG","img":"https://fd2-photos.leclercdrive.fr/image.ashx?id=2977861&use=l&cat=p&typeid=i","cat":284440},{"id":12501,"n":"Café soluble Plantation Sélection - 200g","p":4.53,"u":"22,65 €/KG","img":"https://fd2-photos.leclercdrive.fr/image.ashx?id=1034044&use=l&cat=p&typeid=i","cat":284843},{"id":12506,"n":"Marshmallows Copains Copines Vanille 300g","p":1.25,"u":"4,17 €/KG","img":"https://fd2-photos.leclercdrive.fr/image.ashx?id=2934646&use=l&cat=p&typeid=i","cat":304250},{"id":12513,"n":"Cornichons Maille Malossol A la russe 440g","p":3.8,"u":"8,64 €/KG","img":"https://fd2-photos.leclercdrive.fr/image.ashx?id=2076023&use=l&cat=p&typeid=i","cat":284458},{"id":12521,"n":"Miettes de thon Pêche Océan Huile de tournesol - 3x80g","p":2.35,"u":"9,79 €/KG","img":"https://fd2-photos.leclercdrive.fr/image.ashx?id=2943608&use=l&cat=p&typeid=i","cat":303867},{"id":12527,"n":"Chocolat Pâtissier Tablette dOr Noir - 200g","p":1.79,"u":"8,95 €/KG","img":"https://fd2-photos.leclercdrive.fr/image.ashx?id=2723356&use=l&cat=p&typeid=i","cat":285562},{"id":12529,"n":"Moutarde de Dijon Rustica  195g","p":1.25,"u":"6,41 €/KG","img":"https://fd2-photos.leclercdrive.fr/image.ashx?id=1921604&use=l&cat=p&typeid=i","cat":288850},{"id":12551,"n":"Raviolis légumes Bio Village Bio - 700g","p":2.54,"u":"3,63 €/KG","img":"https://fd2-photos.leclercdrive.fr/image.ashx?id=2717252&use=l&cat=p&typeid=i","cat":284442},{"id":12555,"n":"Mogette cuite au naturel NRT De Vendée - 530g","p":3.19,"u":"6,02 €/KG","img":"https://fd2-photos.leclercdrive.fr/image.ashx?id=2771025&use=l&cat=p&typeid=i","cat":312606},{"id":12557,"n":"Vinaigrette Rustica Echalote - 50cl","p":1.27,"u":"2,54 €/L","img":"https://fd2-photos.leclercdrive.fr/image.ashx?id=1972901&use=l&cat=p&typeid=i","cat":284456},{"id":12564,"n":"Châtaignes Notre Jardin Entières - 420g","p":5.09,"u":"12,12 €/KG","img":"https://fd2-photos.leclercdrive.fr/image.ashx?id=1965527&use=l&cat=p&typeid=i","cat":312612},{"id":12566,"n":"Sel régénérant Eco+ 4kg","p":2.04,"u":"0,51 €/KG","img":"https://fd2-photos.leclercdrive.fr/image.ashx?id=2865236&use=l&cat=p&typeid=i","cat":284657},{"id":12567,"n":"Andouillettes de Troyes NRT  2x150g","p":3.49,"u":"11,63 €/KG","img":"https://fd2-photos.leclercdrive.fr/image.ashx?id=2991500&use=l&cat=p&typeid=i","cat":316012},{"id":12573,"n":"Eponges Mamison salle de bain Décorées x2","p":0.99,"u":"0,50 €/P","img":"https://fd2-photos.leclercdrive.fr/image.ashx?id=2199055&use=l&cat=p&typeid=i","cat":284667},{"id":12581,"n":"Soupe Déshydratée Thaï KNORR Nouilles & Champignons - 70cl","p":1.28,"u":"1,83 €/L","img":"https://fd2-photos.leclercdrive.fr/image.ashx?id=2772554&use=l&cat=p&typeid=i","cat":284463},{"id":12584,"n":"Pain grillé bio Bio Village Blé complet x12 - 250g","p":1.77,"u":"7,08 €/KG","img":"https://fd2-photos.leclercdrive.fr/image.ashx?id=2619749&use=l&cat=p&typeid=i","cat":284479},{"id":12587,"n":"Compote Douceur du Verger Gourdes multivariétés - 12x90g","p":3.93,"u":"3,64 €/KG","img":"https://fd2-photos.leclercdrive.fr/image.ashx?id=2837036&use=l&cat=p&typeid=i","cat":284508},{"id":12588,"n":"Sel régénérant Visior Lave-vaisselle - 4x1kg","p":2.69,"u":"0,67 €/KG","img":"https://fd2-photos.leclercdrive.fr/image.ashx?id=590649&use=l&cat=p&typeid=i","cat":284657},{"id":12591,"n":"Soupe déshydratée Knorr 9 légumes - 75cl","p":0.89,"u":"1,19 €/L","img":"https://fd2-photos.leclercdrive.fr/image.ashx?id=2790585&use=l&cat=p&typeid=i","cat":284463},{"id":12593,"n":"Soupe déshydratée Knorr 9 légumes - 105g","p":0.9,"u":"8,57 €/KG","img":"https://fd2-photos.leclercdrive.fr/image.ashx?id=2875930&use=l&cat=p&typeid=i","cat":284463},{"id":12602,"n":"Ciboulette Rustica Coupé - 50g","p":1.65,"u":"33,00 €/KG","img":"https://fd2-photos.leclercdrive.fr/image.ashx?id=2365460&use=l&cat=p&typeid=i","cat":319804},{"id":12605,"n":"Cornichons Maille Le Mini 210g","p":2.63,"u":"12,52 €/KG","img":"https://fd2-photos.leclercdrive.fr/image.ashx?id=2877310&use=l&cat=p&typeid=i","cat":284458},{"id":12606,"n":"Marmite bouillon Knorr Poule - 224g","p":1.79,"u":"7,99 €/KG","img":"https://fd2-photos.leclercdrive.fr/image.ashx?id=2960288&use=l&cat=p&typeid=i","cat":288379},{"id":12611,"n":"Crozets au Sarrasin NRT 400g","p":2.3,"u":"5,75 €/KG","img":"https://fd2-photos.leclercdrive.fr/image.ashx?id=2856220&use=l&cat=p&typeid=i","cat":284427},{"id":12634,"n":"Olives de Nyons AOP NRT Noires - 230g","p":3.48,"u":"15,13 €/KG","img":"https://fd2-photos.leclercdrive.fr/image.ashx?id=2704888&use=l&cat=p&typeid=i","cat":284458},{"id":12668,"n":"Pizza Cuite sur pierre Turini Jambon fromage - 3x350g","p":6.22,"u":"5,92 €/KG","img":"https://fd2-photos.leclercdrive.fr/image.ashx?id=2815232&use=l&cat=p&typeid=i","cat":284256},{"id":12669,"n":"Sauce Burger AMORA 260g","p":1.49,"u":"5,73 €/KG","img":"https://fd2-photos.leclercdrive.fr/image.ashx?id=2893853&use=l&cat=p&typeid=i","cat":318431},{"id":12670,"n":"Basilic Rustica Coupé - 50g","p":1.69,"u":"33,80 €/KG","img":"https://fd2-photos.leclercdrive.fr/image.ashx?id=2365463&use=l&cat=p&typeid=i","cat":319804},{"id":12674,"n":"Nids d'Alsace NRT 250g","p":1.39,"u":"5,56 €/KG","img":"https://fd2-photos.leclercdrive.fr/image.ashx?id=2839968&use=l&cat=p&typeid=i","cat":284427},{"id":12675,"n":"Pizza Cuite sur pierre Turini 4 fromages - 400g","p":2.71,"u":"6,78 €/KG","img":"https://fd2-photos.leclercdrive.fr/image.ashx?id=2815229&use=l&cat=p&typeid=i","cat":284256},{"id":12676,"n":"Pizza Cuite sur pierre Turini Chorizo - 400g","p":2.69,"u":"6,73 €/KG","img":"https://fd2-photos.leclercdrive.fr/image.ashx?id=2815226&use=l&cat=p&typeid=i","cat":284256},{"id":12680,"n":"Filets d'Anchois Pêche Océan Marinés à l'Orientale - 100g","p":1.99,"u":"19,90 €/KG","img":"https://fd2-photos.leclercdrive.fr/image.ashx?id=2992519&use=l&cat=p&typeid=i","cat":285190},{"id":12684,"n":"Filets d'Anchois Pêche Océan Marinés à la provençale - 100g","p":1.99,"u":"19,90 €/KG","img":"https://fd2-photos.leclercdrive.fr/image.ashx?id=2993567&use=l&cat=p&typeid=i","cat":285190},{"id":12685,"n":"Biscuit P'tit Beurres chocolait P'tit Déli 268g","p":2.69,"u":"10,04 €/KG","img":"https://fd2-photos.leclercdrive.fr/image.ashx?id=2473975&use=l&cat=p&typeid=i","cat":284488},{"id":12691,"n":"Pizza Familiale 4 from. Turini Cuite sur pierre - 570g","p":3.7,"u":"6,49 €/KG","img":"https://fd2-photos.leclercdrive.fr/image.ashx?id=2815220&use=l&cat=p&typeid=i","cat":284256},{"id":12706,"n":"Dentifrice Dentamyl Soin complet 75ml","p":0.76,"u":"10,13 €/L","img":"https://fd2-photos.leclercdrive.fr/image.ashx?id=2276480&use=l&cat=p&typeid=i","cat":284612},{"id":12729,"n":"Pânés poulet Le Gaulois x2 -  200g","p":2.4,"u":"12,00 €/KG","img":"https://fd2-photos.leclercdrive.fr/image.ashx?id=2261660&use=l&cat=p&typeid=i","cat":333684},{"id":12733,"n":"Bacon Herta superposé x15 150g","p":2.08,"u":"13,87 €/KG","img":"https://fd2-photos.leclercdrive.fr/image.ashx?id=2889325&use=l&cat=p&typeid=i","cat":316007},{"id":12739,"n":"Friand viande Côté Table 2x110g","p":1.65,"u":"7,50 €/KG","img":"https://fd2-photos.leclercdrive.fr/image.ashx?id=2820436&use=l&cat=p&typeid=i","cat":333671},{"id":12741,"n":"Emmental fromage râpé bio Bio village - 100g","p":1.49,"u":"14,90 €/KG","img":"https://fd2-photos.leclercdrive.fr/image.ashx?id=2757942&use=l&cat=p&typeid=i","cat":314035},{"id":12752,"n":"Filet Poulet blanc LR X2  IGP Volailles du Maine  - 240g","p":6.9,"u":"28,75 €/KG","img":"https://fd2-photos.leclercdrive.fr/image.ashx?id=2250558&use=l&cat=p&typeid=i","cat":284336},{"id":12769,"n":"Collants mousse Tissaia Elasthanne beige foncé T1 - x2","p":2.6,"u":"1,30 €/P","img":"https://fd2-photos.leclercdrive.fr/image.ashx?id=2193096&use=l&cat=p&typeid=i","cat":334130},{"id":12771,"n":"Collants mousse Tissaia Elasthanne beige foncé T2 - x2","p":2.6,"u":"1,30 €/P","img":"https://fd2-photos.leclercdrive.fr/image.ashx?id=2193105&use=l&cat=p&typeid=i","cat":334130},{"id":12773,"n":"Collant mousse Tissaia Elasthanne beige clair T2 - x2","p":2.6,"u":"1,30 €/P","img":"https://fd2-photos.leclercdrive.fr/image.ashx?id=2193102&use=l&cat=p&typeid=i","cat":334130},{"id":12775,"n":"Collant mousse Tissaia Elasthanne beige clair T3 - x2","p":2.6,"u":"1,30 €/P","img":"https://fd2-photos.leclercdrive.fr/image.ashx?id=2193114&use=l&cat=p&typeid=i","cat":334130},{"id":12776,"n":"Collants mousse Tissaia Elasthanne beige foncé T3 - x2","p":2.6,"u":"1,30 €/P","img":"https://fd2-photos.leclercdrive.fr/image.ashx?id=2193260&use=l&cat=p&typeid=i","cat":334130},{"id":12777,"n":"Collant mousse Tissaia Elasthanne beige clair T4 - x2","p":2.6,"u":"1,30 €/P","img":"https://fd2-photos.leclercdrive.fr/image.ashx?id=2193269&use=l&cat=p&typeid=i","cat":334130},{"id":12779,"n":"Collant mousse Tissaia Elasthanne beige foncé T4 - x2","p":2.6,"u":"1,30 €/P","img":"https://fd2-photos.leclercdrive.fr/image.ashx?id=2193272&use=l&cat=p&typeid=i","cat":334130},{"id":12838,"n":"Foie de volaille Le Gaulois Confit - 300g","p":3.9,"u":"13,00 €/KG","img":"https://fd2-photos.leclercdrive.fr/image.ashx?id=2732719&use=l&cat=p&typeid=i","cat":284715},{"id":12909,"n":"Beignets de poulet Le Gaulois x10 - 200g","p":2.44,"u":"12,20 €/KG","img":"https://fd2-photos.leclercdrive.fr/image.ashx?id=2342809&use=l&cat=p&typeid=i","cat":333684},{"id":12910,"n":"Oeufs de caille Le gaulois x18 - 200g","p":3.9,"u":"19,50 €/KG","img":"https://fd2-photos.leclercdrive.fr/image.ashx?id=2348304&use=l&cat=p&typeid=i","cat":284378},{"id":12914,"n":"Fromage persillé 125g","p":1.94,"u":"15,52 €/KG","img":"https://fd2-photos.leclercdrive.fr/image.ashx?id=2609553&use=l&cat=p&typeid=i","cat":314032},{"id":12916,"n":"Infusion bio Bio Village Digestion x20 - 30g","p":1.55,"u":"51,67 €/KG","img":"https://fd2-photos.leclercdrive.fr/image.ashx?id=2696286&use=l&cat=p&typeid=i","cat":293234},{"id":12917,"n":"Infusion bio Bio Village Pour le soir x20 - 30g","p":1.75,"u":"58,33 €/KG","img":"https://fd2-photos.leclercdrive.fr/image.ashx?id=2854261&use=l&cat=p&typeid=i","cat":293234},{"id":12925,"n":"Délice de tomates séchées NRT à la provençale - 90g","p":2.2,"u":"24,44 €/KG","img":"https://fd2-photos.leclercdrive.fr/image.ashx?id=2991163&use=l&cat=p&typeid=i","cat":315999},{"id":12932,"n":"Escargots Maître Coquilles Préparés moyens x48 - 270g","p":10.99,"u":"40,70 €/KG","img":"https://fd2-photos.leclercdrive.fr/image.ashx?id=1020196&use=l&cat=p&typeid=i","cat":319775},{"id":12939,"n":"Lait Bio demi-écrémé Grandlait Candia Bouteille - 6x1L","p":10.97,"u":"1,83 €/L","img":"https://fd2-photos.leclercdrive.fr/image.ashx?id=2735086&use=l&cat=p&typeid=i","cat":284377},{"id":12965,"n":"Crêpes dentelles chocolat NRT 100g","p":1.82,"u":"18,20 €/KG","img":"https://fd2-photos.leclercdrive.fr/image.ashx?id=2770265&use=l&cat=p&typeid=i","cat":284490},{"id":12966,"n":"Assortiment biscuits fins P'tit Déli 200g","p":2.39,"u":"11,95 €/KG","img":"https://fd2-photos.leclercdrive.fr/image.ashx?id=2554578&use=l&cat=p&typeid=i","cat":284490},{"id":13072,"n":"Pâte de fruits Jacquot Grand Verger- 1kg","p":8.44,"u":"8,44 €/KG","img":"https://fd2-photos.leclercdrive.fr/image.ashx?id=2855175&use=l&cat=p&typeid=i","cat":327606},{"id":13241,"n":"Macédoine légumes Jean Nicolas 530g","p":1.65,"u":"3,11 €/KG","img":"https://fd2-photos.leclercdrive.fr/image.ashx?id=2116389&use=l&cat=p&typeid=i","cat":312612},{"id":13281,"n":"Petits pois carottes Extra fins Jean Nicolas - 265g","p":1.29,"u":"4,87 €/KG","img":"https://fd2-photos.leclercdrive.fr/image.ashx?id=2354386&use=l&cat=p&typeid=i","cat":312607},{"id":13296,"n":"Flageolets verts Jean Nicolas Extra fins - 265g","p":1.35,"u":"5,09 €/KG","img":"https://fd2-photos.leclercdrive.fr/image.ashx?id=2429800&use=l&cat=p&typeid=i","cat":312606},{"id":13342,"n":"Thon entier Le Savoureux Huile d'olive - 160g","p":3.09,"u":"19,31 €/KG","img":"https://fd2-photos.leclercdrive.fr/image.ashx?id=2960159&use=l&cat=p&typeid=i","cat":303867},{"id":13350,"n":"Pâté Hénaff 260g","p":3.35,"u":"12,88 €/KG","img":"https://fd2-photos.leclercdrive.fr/image.ashx?id=2662178&use=l&cat=p&typeid=i","cat":305149},{"id":13351,"n":"Pâté de porc Hénaff 390g","p":4.47,"u":"11,46 €/KG","img":"https://fd2-photos.leclercdrive.fr/image.ashx?id=2280546&use=l&cat=p&typeid=i","cat":305149},{"id":13352,"n":"Tourte La Compagnie Artique Noix de St Jacques - 400g","p":4.8,"u":"12,00 €/KG","img":"https://fd2-photos.leclercdrive.fr/image.ashx?id=1893412&use=l&cat=p&typeid=i","cat":284257},{"id":13356,"n":"IGP Fleur de sel Le Guérandais Tradition -  125g","p":2.74,"u":"21,92 €/KG","img":"https://fd2-photos.leclercdrive.fr/image.ashx?id=2457881&use=l&cat=p&typeid=i","cat":284457},{"id":13370,"n":"Barre quatre-quarts Le Glazik 300g","p":2.47,"u":"8,23 €/KG","img":"https://fd2-photos.leclercdrive.fr/image.ashx?id=2507958&use=l&cat=p&typeid=i","cat":294776},{"id":13376,"n":"Barre quatre-quarts Le Glazik 800g","p":6.62,"u":"8,28 €/KG","img":"https://fd2-photos.leclercdrive.fr/image.ashx?id=2509370&use=l&cat=p&typeid=i","cat":294776},{"id":13383,"n":"Galettes bretonnes Le Glazik Pur beurre - 400g","p":3.68,"u":"9,20 €/KG","img":"https://fd2-photos.leclercdrive.fr/image.ashx?id=2509376&use=l&cat=p&typeid=i","cat":284487},{"id":13419,"n":"Whisky Breton 40%vol. - 70cl","p":15.75,"u":"22,50 €/L","img":"https://fd2-photos.leclercdrive.fr/image.ashx?id=1652005&use=l&cat=p&typeid=i","cat":284547},{"id":13425,"n":"Beurre Moulé Paysan Breton Demi-sel - 80% MG - 500g","p":5.44,"u":"10,88 €/KG","img":"https://fd2-photos.leclercdrive.fr/image.ashx?id=2774499&use=l&cat=p&typeid=i","cat":284379},{"id":13427,"n":"Camembert Kergall Paysan Breton 45%MG - 250g","p":2.2,"u":"8,80 €/KG","img":"https://fd2-photos.leclercdrive.fr/image.ashx?id=2731807&use=l&cat=p&typeid=i","cat":314033},{"id":13428,"n":"Beurre Moulé Paysan Breton Demi-sel - 80% MG - 125g","p":1.46,"u":"11,68 €/KG","img":"https://fd2-photos.leclercdrive.fr/image.ashx?id=2939766&use=l&cat=p&typeid=i","cat":284379},{"id":13429,"n":"Mini-beurre Paysan Breton Demi-sel x20 - 82%MG - 200g","p":2.7,"u":"13,50 €/KG","img":"https://fd2-photos.leclercdrive.fr/image.ashx?id=2774571&use=l&cat=p&typeid=i","cat":284379},{"id":13434,"n":"Dessert Empresure Malo Chocolat - 4x125g","p":1.68,"u":"3,36 €/KG","img":"https://fd2-photos.leclercdrive.fr/image.ashx?id=2842684&use=l&cat=p&typeid=i","cat":285041},{"id":13435,"n":"Truite fumée Guyader Bretagne 4 tranches - 120g","p":4.9,"pp":3.43,"u":"28,58 €/KG","img":"https://fd2-photos.leclercdrive.fr/image.ashx?id=1551290&use=l&cat=p&typeid=i","cat":285188},{"id":13440,"n":"Purée de fruit NATURNES Fruits du verger 6M+ - 4x130g","p":2.25,"u":"4,33 €/KG","img":"https://fd2-photos.leclercdrive.fr/image.ashx?id=2478387&use=l&cat=p&typeid=i","cat":312388},{"id":13446,"n":"La Poêlée Celtique  Paysan Breton - 1kg","p":2.99,"u":"2,99 €/KG","img":"https://fd2-photos.leclercdrive.fr/image.ashx?id=2882394&use=l&cat=p&typeid=i","cat":319823},{"id":13503,"n":"Biscottes bio Bio Village Au germe de blé x36 - 300g","p":1.99,"u":"6,63 €/KG","img":"https://fd2-photos.leclercdrive.fr/image.ashx?id=2634881&use=l&cat=p&typeid=i","cat":284479},{"id":13532,"n":"Purée pomme de terre Pom'lisse Saveur d'antan - 4x125g - 500g","p":2.49,"u":"4,98 €/KG","img":"https://fd2-photos.leclercdrive.fr/image.ashx?id=2929867&use=l&cat=p&typeid=i","cat":284431},{"id":13571,"n":"Filets hareng doux fumé NRT du Nord - 200g","p":3.8,"u":"19,00 €/KG","img":"https://fd2-photos.leclercdrive.fr/image.ashx?id=2834332&use=l&cat=p&typeid=i","cat":285190},{"id":13579,"n":"Nettoyant biberons Tigex 300ml","p":4.5,"u":"15,00 €/L","img":"https://fd2-photos.leclercdrive.fr/image.ashx?id=2689835&use=l&cat=p&typeid=i","cat":284742},{"id":13585,"n":"Fleur de sel de l'Ile de Ré NRT 125g","p":2.49,"u":"19,92 €/KG","img":"https://fd2-photos.leclercdrive.fr/image.ashx?id=2644915&use=l&cat=p&typeid=i","cat":284457},{"id":13589,"n":"Fromage Brillat Savarin NRT  IGP - 200g","p":3.39,"u":"16,95 €/KG","img":"https://fd2-photos.leclercdrive.fr/image.ashx?id=2771064&use=l&cat=p&typeid=i","cat":329558},{"id":13590,"n":"Profiteroles Trofic Crème glacée vanille 280g","p":3.7,"u":"13,21 €/KG","img":"https://fd2-photos.leclercdrive.fr/image.ashx?id=2982604&use=l&cat=p&typeid=i","cat":284267},{"id":13604,"n":"Poissons panés au fromage Pêche Océan MSC - 180g","p":1.89,"u":"10,50 €/KG","img":"https://fd2-photos.leclercdrive.fr/image.ashx?id=2953608&use=l&cat=p&typeid=i","cat":284344},{"id":13605,"n":"Panés de colin Pêche Océan Colin d'Alaska - 200g","p":1.99,"u":"9,95 €/KG","img":"https://fd2-photos.leclercdrive.fr/image.ashx?id=2953605&use=l&cat=p&typeid=i","cat":284344},{"id":13636,"n":"Cuisse Poulet Blanc LR x2  IGP Volailles du Maine  - 480g","p":5.15,"u":"10,73 €/KG","img":"https://fd2-photos.leclercdrive.fr/image.ashx?id=2250552&use=l&cat=p&typeid=i","cat":284336},{"id":13637,"n":"Aiguillette poulet Le Gaulois Blanc - 210g","p":3.65,"u":"17,38 €/KG","img":"https://fd2-photos.leclercdrive.fr/image.ashx?id=2239564&use=l&cat=p&typeid=i","cat":284336},{"id":13648,"n":"Biscuit Croc Break P'tit Déli Lait et goût chocolat - 300g","p":1.24,"u":"4,13 €/KG","img":"https://fd2-photos.leclercdrive.fr/image.ashx?id=1993182&use=l&cat=p&typeid=i","cat":284488},{"id":13663,"n":"Mini-crêpes fourrées Tokapi  Comté - 65g","p":1.96,"u":"30,15 €/KG","img":"https://fd2-photos.leclercdrive.fr/image.ashx?id=2853892&use=l&cat=p&typeid=i","cat":297000},{"id":13681,"n":"Pâté pur porc Côtés Table 2 Foie 1 campagne - 3x78g","p":1.9,"u":"8,12 €/KG","img":"https://fd2-photos.leclercdrive.fr/image.ashx?id=2518505&use=l&cat=p&typeid=i","cat":305149},{"id":13682,"n":"Pâté de campagne Côté Table Pur porc - 3x78g","p":1.85,"u":"7,91 €/KG","img":"https://fd2-photos.leclercdrive.fr/image.ashx?id=2478763&use=l&cat=p&typeid=i","cat":305149},{"id":13683,"n":"Pâté de foie Côté Table Pur porc - 3x78g","p":1.99,"u":"8,50 €/KG","img":"https://fd2-photos.leclercdrive.fr/image.ashx?id=2518502&use=l&cat=p&typeid=i","cat":305149},{"id":13684,"n":"Bouillon de légumes Rustica Cubes - 12x10g","p":0.67,"u":"5,58 €/KG","img":"https://fd2-photos.leclercdrive.fr/image.ashx?id=1753198&use=l&cat=p&typeid=i","cat":288379},{"id":13685,"n":"Bouillon de volaille Rustica Cubes - 12x10g","p":0.8,"u":"6,67 €/KG","img":"https://fd2-photos.leclercdrive.fr/image.ashx?id=1880027&use=l&cat=p&typeid=i","cat":288379},{"id":13686,"n":"Bouillon Pot au feu Rustica Cubes - 12x10g","p":1.39,"u":"11,58 €/KG","img":"https://fd2-photos.leclercdrive.fr/image.ashx?id=1880024&use=l&cat=p&typeid=i","cat":288379},{"id":13689,"n":"Pop corn caramélisé Tokapi 100g","p":0.71,"u":"7,10 €/KG","img":"https://fd2-photos.leclercdrive.fr/image.ashx?id=2920175&use=l&cat=p&typeid=i","cat":304249},{"id":13696,"n":"Soufflés Snack's Tokapi Cacahuète - 90g","p":0.47,"u":"5,22 €/KG","img":"https://fd2-photos.leclercdrive.fr/image.ashx?id=2677026&use=l&cat=p&typeid=i","cat":284449},{"id":13698,"n":"Légumes couscous Notre Jardin 400g","p":1.43,"u":"3,58 €/KG","img":"https://fd2-photos.leclercdrive.fr/image.ashx?id=2854216&use=l&cat=p&typeid=i","cat":312612},{"id":13699,"n":"Gaufrettes fourrées Tokapi Gouda et noix - 75g","p":1.29,"u":"17,20 €/KG","img":"https://fd2-photos.leclercdrive.fr/image.ashx?id=2063329&use=l&cat=p&typeid=i","cat":297000},{"id":13701,"n":"Riz Thaï Comptoir du Grain Sélection Riz long - 500g","p":1.79,"u":"3,58 €/KG","img":"https://fd2-photos.leclercdrive.fr/image.ashx?id=2565610&use=l&cat=p&typeid=i","cat":284428},{"id":13715,"n":"Croquettes chat Purina One Stérilisé - Boeuf/Blé-1.5kg","p":6.73,"u":"4,49 €/KG","img":"https://fd2-photos.leclercdrive.fr/image.ashx?id=2488040&use=l&cat=p&typeid=i","cat":284680},{"id":13719,"n":"Croquettes chat Purina One Adulte - Poulet/Céréales -1.5kg","p":6.4,"u":"4,27 €/KG","img":"https://fd2-photos.leclercdrive.fr/image.ashx?id=2537682&use=l&cat=p&typeid=i","cat":284680},{"id":13731,"n":"Barquettes chats Gourmet Gold Les mousselines - 12x85g","p":5.41,"u":"5,30 €/KG","img":"https://fd2-photos.leclercdrive.fr/image.ashx?id=2967046&use=l&cat=p&typeid=i","cat":285286},{"id":13733,"n":"Barquettes chats Gourmet Gold Les terrines - 12x85g","p":5.42,"u":"5,31 €/KG","img":"https://fd2-photos.leclercdrive.fr/image.ashx?id=2979069&use=l&cat=p&typeid=i","cat":285286},{"id":13770,"n":"Croissants surgelés Epi d'Or Cuisson four - 6x60g","p":2.58,"u":"7,17 €/KG","img":"https://fd2-photos.leclercdrive.fr/image.ashx?id=2900088&use=l&cat=p&typeid=i","cat":284267},{"id":13776,"n":"Mouchoirs blancs 3 plis Caresse Boîte - x110","p":1.35,"u":"0,01 €/P","img":"https://fd2-photos.leclercdrive.fr/image.ashx?id=2858784&use=l&cat=p&typeid=i","cat":284638},{"id":13782,"n":"Déodorant Manava anti-traces 200ml","p":1.29,"u":"6,45 €/L","img":"https://fd2-photos.leclercdrive.fr/image.ashx?id=2692952&use=l&cat=p&typeid=i","cat":284595},{"id":13784,"n":"Gel douche et shampooing Carré Homme Energisante - 250ml","p":1.15,"u":"4,60 €/L","img":"https://fd2-photos.leclercdrive.fr/image.ashx?id=2927845&use=l&cat=p&typeid=i","cat":284619},{"id":13786,"n":"Shampooing Vitanove Equilibrant - 250ml","p":1.79,"u":"7,16 €/L","img":"https://fd2-photos.leclercdrive.fr/image.ashx?id=1913165&use=l&cat=p&typeid=i","cat":284606},{"id":13787,"n":"Shampooing Vitanove Extra Color - 250ml","p":1.56,"u":"6,24 €/L","img":"https://fd2-photos.leclercdrive.fr/image.ashx?id=2920912&use=l&cat=p&typeid=i","cat":284606},{"id":13788,"n":"Après-shampooing Vitanove Extra color - 200ml","p":1.38,"u":"6,90 €/L","img":"https://fd2-photos.leclercdrive.fr/image.ashx?id=2618302&use=l&cat=p&typeid=i","cat":284607},{"id":13789,"n":"Shampooing Vitanove Lissant - 250ml","p":1.79,"u":"7,16 €/L","img":"https://fd2-photos.leclercdrive.fr/image.ashx?id=2949511&use=l&cat=p&typeid=i","cat":284606},{"id":13790,"n":"Après-shampooing Vitanove Lissant - 200ml","p":1.49,"u":"7,45 €/L","img":"https://fd2-photos.leclercdrive.fr/image.ashx?id=2934661&use=l&cat=p&typeid=i","cat":284607},{"id":13977,"n":"Salade Notre Jardin Coeurs de laitue - 320g","p":1.58,"u":"4,94 €/KG","img":"https://fd2-photos.leclercdrive.fr/image.ashx?id=2720142&use=l&cat=p&typeid=i","cat":284353},{"id":13978,"n":"Salade composée Notre Jardin 250g","p":1.21,"u":"4,84 €/KG","img":"https://fd2-photos.leclercdrive.fr/image.ashx?id=2663266&use=l&cat=p&typeid=i","cat":284353},{"id":13992,"n":"Recharge savon mains Manava Gel lavande - 250ml","p":0.69,"u":"2,76 €/L","img":"https://fd2-photos.leclercdrive.fr/image.ashx?id=2935477&use=l&cat=p&typeid=i","cat":284597},{"id":13998,"n":"Pâte feuilletée Eco+ A dérouler - 230g","p":0.53,"u":"2,30 €/KG","img":"https://fd2-photos.leclercdrive.fr/image.ashx?id=2794178&use=l&cat=p&typeid=i","cat":333681},{"id":14007,"n":"Jambon de Bayonne IGP NRT 4 Grandes Tranches - 120g","p":3.63,"u":"30,25 €/KG","img":"https://fd2-photos.leclercdrive.fr/image.ashx?id=2049214&use=l&cat=p&typeid=i","cat":316007},{"id":14008,"n":"Jambon persillé Bourgogne Nos Régions ont du talent -200g","p":2.85,"u":"14,25 €/KG","img":"https://fd2-photos.leclercdrive.fr/image.ashx?id=2670437&use=l&cat=p&typeid=i","cat":316009},{"id":14018,"n":"Chocolat Pâtissier Tablette dOr Noir corsé - 64% cacao - 200g","p":2.09,"u":"10,45 €/KG","img":"https://fd2-photos.leclercdrive.fr/image.ashx?id=2602349&use=l&cat=p&typeid=i","cat":285562},{"id":14029,"n":"Fromage Neufchâtel AOP  Nos Régions ont du Talent 200g","p":2.67,"u":"13,35 €/KG","img":"https://fd2-photos.leclercdrive.fr/image.ashx?id=2071227&use=l&cat=p&typeid=i","cat":329558},{"id":14033,"n":"Crochets anti-mites Insectivor Cèdre 2x3ml","p":1.99,"u":"331,67 €/L","img":"https://fd2-photos.leclercdrive.fr/image.ashx?id=1899681&use=l&cat=p&typeid=i","cat":298368},{"id":14050,"n":"Rhum blanc Réunion 49%vol NRT 1L","p":14.62,"u":"14,62 €/L","img":"https://fd2-photos.leclercdrive.fr/image.ashx?id=1208791&use=l&cat=p&typeid=i","cat":284550},{"id":14058,"n":"Confiture rhubarbe NRT Des Hauts-de-France - 315g","p":2.85,"u":"9,05 €/KG","img":"https://fd2-photos.leclercdrive.fr/image.ashx?id=779340&use=l&cat=p&typeid=i","cat":284480},{"id":14063,"n":"Préparation NRT Agrumes de Corse - 315g","p":2.82,"u":"8,95 €/KG","img":"https://fd2-photos.leclercdrive.fr/image.ashx?id=779352&use=l&cat=p&typeid=i","cat":284480},{"id":14064,"n":"Préparation NRT Abricots d'Occitanie - 315g","p":2.87,"u":"9,11 €/KG","img":"https://fd2-photos.leclercdrive.fr/image.ashx?id=2590466&use=l&cat=p&typeid=i","cat":284480},{"id":14075,"n":"Lait de coco Tables du monde 400ml","p":1.52,"u":"3,80 €/L","img":"https://fd2-photos.leclercdrive.fr/image.ashx?id=1960758&use=l&cat=p&typeid=i","cat":288992},{"id":14081,"n":"Ratatouille Bio Village Bio A la provençale - 650g","p":2.35,"u":"3,62 €/KG","img":"https://fd2-photos.leclercdrive.fr/image.ashx?id=2762513&use=l&cat=p&typeid=i","cat":312612},{"id":14082,"n":"Miel de fleurs bio Bio Village 500g","p":4.99,"u":"9,98 €/KG","img":"https://fd2-photos.leclercdrive.fr/image.ashx?id=2348265&use=l&cat=p&typeid=i","cat":287643},{"id":14084,"n":"Confiture bio Bio Village Oranges - 370g","p":2.26,"u":"6,11 €/KG","img":"https://fd2-photos.leclercdrive.fr/image.ashx?id=2965623&use=l&cat=p&typeid=i","cat":284480},{"id":14087,"n":"Quenelles de veau Coté Table Sauce financière 400g","p":1.85,"u":"4,63 €/KG","img":"https://fd2-photos.leclercdrive.fr/image.ashx?id=2977864&use=l&cat=p&typeid=i","cat":284441},{"id":14088,"n":"Garnit bouchée reine Coté Table 400g","p":1.79,"u":"4,48 €/KG","img":"https://fd2-photos.leclercdrive.fr/image.ashx?id=2977150&use=l&cat=p&typeid=i","cat":284441},{"id":14093,"n":"Olives de Picholines NRT Vertes - 200g","p":3.52,"u":"17,60 €/KG","img":"https://fd2-photos.leclercdrive.fr/image.ashx?id=2663800&use=l&cat=p&typeid=i","cat":284458},{"id":14094,"n":"Confiture pêches de vigne NRT De la Valée du Rhône - 315g","p":3.03,"u":"9,62 €/KG","img":"https://fd2-photos.leclercdrive.fr/image.ashx?id=2657286&use=l&cat=p&typeid=i","cat":284480},{"id":14099,"n":"Spray nettoyant Eco+ avec Javel 750ml","p":0.87,"u":"1,16 €/L","img":"https://fd2-photos.leclercdrive.fr/image.ashx?id=2386113&use=l&cat=p&typeid=i","cat":325357},{"id":14100,"n":"Quatre-quarts breton NRT 400g","p":3.99,"u":"9,98 €/KG","img":"https://fd2-photos.leclercdrive.fr/image.ashx?id=828074&use=l&cat=p&typeid=i","cat":294776},{"id":14108,"n":"Fromage Epoisses NRT AOP  250g","p":5.77,"u":"23,08 €/KG","img":"https://fd2-photos.leclercdrive.fr/image.ashx?id=2964658&use=l&cat=p&typeid=i","cat":329558},{"id":14111,"n":"Houmous Tables du Monde 200g","p":1.43,"u":"7,15 €/KG","img":"https://fd2-photos.leclercdrive.fr/image.ashx?id=2872258&use=l&cat=p&typeid=i","cat":315999},{"id":14114,"n":"Brosse à dents Dentamyl Médium x4","p":0.99,"u":"0,25 €/P","img":"https://fd2-photos.leclercdrive.fr/image.ashx?id=2790922&use=l&cat=p&typeid=i","cat":284614},{"id":14122,"n":"Bâtonnets crâbe Eco+ x24 - 400g","p":1.25,"u":"3,13 €/KG","img":"https://fd2-photos.leclercdrive.fr/image.ashx?id=2865239&use=l&cat=p&typeid=i","cat":285189},{"id":14124,"n":"Rosette pur porc Eco+ 12 tranches - 150g","p":1.24,"u":"8,27 €/KG","img":"https://fd2-photos.leclercdrive.fr/image.ashx?id=2728222&use=l&cat=p&typeid=i","cat":316007},{"id":14131,"n":"Désodorisant Visior Lave-vaisselle Citron - x2","p":1.29,"u":"0,65 €/P","img":"https://fd2-photos.leclercdrive.fr/image.ashx?id=2869480&use=l&cat=p&typeid=i","cat":284657},{"id":14132,"n":"Bloc wc javel Syphon 2x40g","p":1.46,"u":"18,25 €/KG","img":"https://fd2-photos.leclercdrive.fr/image.ashx?id=2302540&use=l&cat=p&typeid=i","cat":284662},{"id":14138,"n":"Lingettes dépoussiérantes Eco+ x40","p":1.76,"u":"0,04 €/P","img":"https://fd2-photos.leclercdrive.fr/image.ashx?id=2805972&use=l&cat=p&typeid=i","cat":325364},{"id":14151,"n":"Aide au repassage Texil facile 400ml","p":1.58,"u":"3,95 €/L","img":"https://fd2-photos.leclercdrive.fr/image.ashx?id=1665775&use=l&cat=p&typeid=i","cat":284652},{"id":14155,"n":"Gnocchi Turini à poêler 300g","p":0.89,"u":"2,97 €/KG","img":"https://fd2-photos.leclercdrive.fr/image.ashx?id=3010566&use=l&cat=p&typeid=i","cat":333682},{"id":14158,"n":"Fromage Mystère du Prieuré Lait pasteurisé - 340g","p":2.65,"u":"7,79 €/KG","img":"https://fd2-photos.leclercdrive.fr/image.ashx?id=2900085&use=l&cat=p&typeid=i","cat":329184},{"id":14163,"n":"Crème nettoyante Clair 3en1 - Fraicheur - 750ml","p":1.28,"u":"1,71 €/L","img":"https://fd2-photos.leclercdrive.fr/image.ashx?id=1196529&use=l&cat=p&typeid=i","cat":325357},{"id":14164,"n":"Roquefort AOP Eco+ Lait cru brebis 150g","p":2.16,"u":"14,40 €/KG","img":"https://fd2-photos.leclercdrive.fr/image.ashx?id=2712858&use=l&cat=p&typeid=i","cat":314032},{"id":14168,"n":"Dentifrice Dentamyl Protection gencives 75ml","p":0.92,"u":"12,27 €/L","img":"https://fd2-photos.leclercdrive.fr/image.ashx?id=2489092&use=l&cat=p&typeid=i","cat":284612},{"id":14170,"n":"Nettoyant lave-vaisselle Visior 250ml","p":2.65,"u":"10,60 €/L","img":"https://fd2-photos.leclercdrive.fr/image.ashx?id=2946451&use=l&cat=p&typeid=i","cat":284657},{"id":14183,"n":"Lame de rasoir Siliss 3 lames - x4","p":3.58,"img":"https://fd2-photos.leclercdrive.fr/image.ashx?id=2699414&use=l&cat=p&typeid=i","cat":325352},{"id":14187,"n":"Masque réparateur Vitanove Secs abîmés cassants 300ml","p":2.64,"u":"8,80 €/L","img":"https://fd2-photos.leclercdrive.fr/image.ashx?id=2856275&use=l&cat=p&typeid=i","cat":284608},{"id":14190,"n":"Savon mains en crème Manava nourrissante à l'amande - 300ml","p":0.88,"u":"2,93 €/L","img":"https://fd2-photos.leclercdrive.fr/image.ashx?id=2935471&use=l&cat=p&typeid=i","cat":284597},{"id":14193,"n":"Masque capillaire Vitanove Extra color 300ml","p":2.69,"u":"8,97 €/L","img":"https://fd2-photos.leclercdrive.fr/image.ashx?id=2149095&use=l&cat=p&typeid=i","cat":284608},{"id":14196,"n":"Après-shampooing Vitanove Réparateur - 200ml","p":1.43,"u":"7,15 €/L","img":"https://fd2-photos.leclercdrive.fr/image.ashx?id=2618311&use=l&cat=p&typeid=i","cat":284607},{"id":14201,"n":"Filets de Morue Ronde des Mers Prêt à cuisiner 400g","p":7.99,"u":"19,98 €/KG","img":"https://fd2-photos.leclercdrive.fr/image.ashx?id=2694221&use=l&cat=p&typeid=i","cat":284342},{"id":14211,"n":"Lotion après-rasage Carré Homme Boisée tonifiant 100ml","p":2.61,"u":"26,10 €/L","img":"https://fd2-photos.leclercdrive.fr/image.ashx?id=2854222&use=l&cat=p&typeid=i","cat":288147},{"id":14212,"n":"Lotion après-rasage Carré Homme Marine tonifiant 100ml","p":2.56,"u":"25,60 €/L","img":"https://fd2-photos.leclercdrive.fr/image.ashx?id=2854219&use=l&cat=p&typeid=i","cat":288147},{"id":14218,"n":"Dentifrice enfant Dentamyl Bubble gum - 3 à 6 ans - 50ml","p":0.89,"u":"17,80 €/L","img":"https://fd2-photos.leclercdrive.fr/image.ashx?id=2075185&use=l&cat=p&typeid=i","cat":288898},{"id":14219,"n":"Dentifrice enfant Dentamyl Menthe - 7 à 13 ans - 75ml","p":0.74,"u":"9,87 €/L","img":"https://fd2-photos.leclercdrive.fr/image.ashx?id=2489113&use=l&cat=p&typeid=i","cat":288898},{"id":14223,"n":"Dépoussiérant meubles Clair Multi-surfaces 300ml","p":1.03,"u":"3,43 €/L","img":"https://fd2-photos.leclercdrive.fr/image.ashx?id=2856681&use=l&cat=p&typeid=i","cat":325364},{"id":14224,"n":"Gel wc Syphon surpuissant 750ml","p":1.07,"u":"1,43 €/L","img":"https://fd2-photos.leclercdrive.fr/image.ashx?id=2558790&use=l&cat=p&typeid=i","cat":284662},{"id":14235,"n":"Change complet Chorys Taille M - x20","p":9.94,"u":"0,50 €/P","img":"https://fd2-photos.leclercdrive.fr/image.ashx?id=2905219&use=l&cat=p&typeid=i","cat":284628},{"id":14236,"n":"Jambon cru Eco+ 8 tranches - 150g","p":1.77,"u":"11,80 €/KG","img":"https://fd2-photos.leclercdrive.fr/image.ashx?id=2917638&use=l&cat=p&typeid=i","cat":316007},{"id":14243,"n":"Pain de mie nature Epi d'Or Grandes tranches - 825g","p":1.59,"u":"1,93 €/KG","img":"https://fd2-photos.leclercdrive.fr/image.ashx?id=2860724&use=l&cat=p&typeid=i","cat":284477},{"id":14260,"n":"Crottin Chavignol NRT AOP  Fromage de chèvre - 2x60g","p":3.75,"u":"31,25 €/KG","img":"https://fd2-photos.leclercdrive.fr/image.ashx?id=2519432&use=l&cat=p&typeid=i","cat":314031},{"id":14269,"n":"Cidre de Cornouaille NRT AOP  4.5%vol - 75cl","p":3.89,"u":"5,19 €/L","img":"https://fd2-photos.leclercdrive.fr/image.ashx?id=1931556&use=l&cat=p&typeid=i","cat":334880},{"id":14271,"n":"Crème de marrons NRT De l'Ardèche - 325g","p":3.03,"u":"9,32 €/KG","img":"https://fd2-photos.leclercdrive.fr/image.ashx?id=1173619&use=l&cat=p&typeid=i","cat":284481},{"id":14272,"n":"Calissons NRT D'Aix-en-provence - 250g","p":5.99,"u":"23,96 €/KG","img":"https://fd2-photos.leclercdrive.fr/image.ashx?id=2771031&use=l&cat=p&typeid=i","cat":284499},{"id":14273,"n":"Fromage Pont-l'Evêque AOP  Nos Régions ont du Talent 220g","p":2.65,"u":"12,05 €/KG","img":"https://fd2-photos.leclercdrive.fr/image.ashx?id=2356344&use=l&cat=p&typeid=i","cat":329558},{"id":14276,"n":"Cassoulet au confit canard NRT - 840g","p":4.99,"u":"5,94 €/KG","img":"https://fd2-photos.leclercdrive.fr/image.ashx?id=2791410&use=l&cat=p&typeid=i","cat":284440},{"id":14285,"n":"Fromage Emmental Eco+ Râpé - 200g","p":1.5,"u":"7,50 €/KG","img":"https://fd2-photos.leclercdrive.fr/image.ashx?id=2942166&use=l&cat=p&typeid=i","cat":314035},{"id":14292,"n":"Eau aromatisée Volvic Zest  Citron - 1,5L","p":1.05,"u":"0,70 €/L","img":"https://fd2-photos.leclercdrive.fr/image.ashx?id=2730253&use=l&cat=p&typeid=i","cat":284537},{"id":14316,"n":"Lasagnes saumon Côté Table 1kg","p":7.26,"u":"7,26 €/KG","img":"https://fd2-photos.leclercdrive.fr/image.ashx?id=2047034&use=l&cat=p&typeid=i","cat":284254},{"id":14327,"n":"Poêlée Côté Table Franc-Comtoise - 900g","p":4.19,"u":"4,66 €/KG","img":"https://fd2-photos.leclercdrive.fr/image.ashx?id=2048440&use=l&cat=p&typeid=i","cat":319823},{"id":14328,"n":"Hachis parmentier Côté Table 300g","p":2.56,"u":"8,53 €/KG","img":"https://fd2-photos.leclercdrive.fr/image.ashx?id=2718802&use=l&cat=p&typeid=i","cat":284254},{"id":14329,"n":"Brandade de morue Côté Table MSC - 300g","p":2.72,"u":"9,07 €/KG","img":"https://fd2-photos.leclercdrive.fr/image.ashx?id=2779187&use=l&cat=p&typeid=i","cat":284254},{"id":14330,"n":"Poêlée de légumes Notre Jardin Légumes grillés - 750g","p":3.11,"u":"4,15 €/KG","img":"https://fd2-photos.leclercdrive.fr/image.ashx?id=2771369&use=l&cat=p&typeid=i","cat":319823},{"id":14336,"n":"Pavé saumon Pêche Océan ASC Atlantique -  500g","p":11.19,"u":"22,38 €/KG","img":"https://fd2-photos.leclercdrive.fr/image.ashx?id=2953731&use=l&cat=p&typeid=i","cat":319786},{"id":14344,"n":"Pain de mie Nature Harrys Longue conservation - 550g","p":2.07,"u":"3,76 €/KG","img":"https://fd2-photos.leclercdrive.fr/image.ashx?id=2518109&use=l&cat=p&typeid=i","cat":284477},{"id":14351,"n":"Bandes non tissées Siliss Recharges -  2x14","p":2.23,"u":"0,08 €/P","img":"https://fd2-photos.leclercdrive.fr/image.ashx?id=2699417&use=l&cat=p&typeid=i","cat":325351},{"id":14352,"n":"Savon Manava  Karité - 2x100g","p":1.39,"u":"6,95 €/KG","img":"https://fd2-photos.leclercdrive.fr/image.ashx?id=2455371&use=l&cat=p&typeid=i","cat":284597},{"id":14359,"n":"Change complet Chorys Taille L - x20","p":10.7,"u":"0,54 €/P","img":"https://fd2-photos.leclercdrive.fr/image.ashx?id=2777912&use=l&cat=p&typeid=i","cat":284628},{"id":14371,"n":"Mousse à la crème Duodélisse Nature - 4x100g","p":1.49,"u":"3,73 €/KG","img":"https://fd2-photos.leclercdrive.fr/image.ashx?id=2387334&use=l&cat=p&typeid=i","cat":284409},{"id":14376,"n":"Dés de fromage Les Croisés Ail et fines herbes - 120g","p":1.54,"u":"12,83 €/KG","img":"https://fd2-photos.leclercdrive.fr/image.ashx?id=2741616&use=l&cat=p&typeid=i","cat":314027},{"id":14378,"n":"Dés de fromage Les Croisés Basilic ciboulette - 120g","p":1.69,"u":"14,08 €/KG","img":"https://fd2-photos.leclercdrive.fr/image.ashx?id=2741619&use=l&cat=p&typeid=i","cat":314027},{"id":14381,"n":"Palets bretons NRT 100g","p":1.83,"u":"18,30 €/KG","img":"https://fd2-photos.leclercdrive.fr/image.ashx?id=2622299&use=l&cat=p&typeid=i","cat":284487},{"id":14383,"n":"Blocs WC Syphon Activ' Effect  Lavande - x3","p":1.09,"u":"0,36 €/P","img":"https://fd2-photos.leclercdrive.fr/image.ashx?id=2320710&use=l&cat=p&typeid=i","cat":284662},{"id":14426,"n":"Whisky Lagavulin 16ans - 43%vol. - 70cl","p":70.26,"u":"100,37 €/L","img":"https://fd2-photos.leclercdrive.fr/image.ashx?id=1868167&use=l&cat=p&typeid=i","cat":284547},{"id":14427,"n":"Pastis Ricard Anisé 45% vol - 70cl","p":15.25,"u":"21,79 €/L","img":"https://fd2-photos.leclercdrive.fr/image.ashx?id=2976776&use=l&cat=p&typeid=i","cat":284548},{"id":14428,"n":"Whisky Clan Campbell Blended Scotch 40% vol - 1L","p":19.45,"u":"19,45 €/L","img":"https://fd2-photos.leclercdrive.fr/image.ashx?id=2868921&use=l&cat=p&typeid=i","cat":284547},{"id":14431,"n":"Rhum Lagoa 40%vol - 1L","p":13.59,"u":"13,59 €/L","img":"https://fd2-photos.leclercdrive.fr/image.ashx?id=2966481&use=l&cat=p&typeid=i","cat":284550},{"id":14434,"n":"Pastis de Marseille Vivalis 45%vol - 70cl","p":12.88,"u":"18,40 €/L","img":"https://fd2-photos.leclercdrive.fr/image.ashx?id=2805024&use=l&cat=p&typeid=i","cat":284548},{"id":14440,"n":"Bière blonde Desquiles Canette - 5.9%vol. - 50cl","p":1.35,"u":"2,70 €/L","img":"https://fd2-photos.leclercdrive.fr/image.ashx?id=2646991&use=l&cat=p&typeid=i","cat":334853},{"id":14441,"n":"Eau minérale naturelle Evian  6x1l","p":2.93,"u":"0,49 €/L","img":"https://fd2-photos.leclercdrive.fr/image.ashx?id=2969019&use=l&cat=p&typeid=i","cat":284535},{"id":14442,"n":"Champagne brut blanc Pol Carson - 37,5cl","p":11.75,"u":"31,33 €/L","img":"https://fd2-photos.leclercdrive.fr/image.ashx?id=1468965&use=l&cat=p&typeid=i","cat":284542},{"id":14447,"n":"Sirop Frucci Thé Pêche - 75cl","p":3.2,"u":"4,27 €/L","img":"https://fd2-photos.leclercdrive.fr/image.ashx?id=2922697&use=l&cat=p&typeid=i","cat":295020},{"id":14451,"n":"Sirop Frucci Menthe - 1L","p":2.46,"u":"2,46 €/L","img":"https://fd2-photos.leclercdrive.fr/image.ashx?id=2954067&use=l&cat=p&typeid=i","cat":295020},{"id":14458,"n":"Biscuits tablette Eco+ Chocolat au lait - 150g","p":0.98,"u":"6,53 €/KG","img":"https://fd2-photos.leclercdrive.fr/image.ashx?id=2682750&use=l&cat=p&typeid=i","cat":284488},{"id":14494,"n":"Coquilles Saint-Jacques Tipiak À la bretonne - 4x90g","p":6.07,"u":"16,86 €/KG","img":"https://fd2-photos.leclercdrive.fr/image.ashx?id=2559754&use=l&cat=p&typeid=i","cat":319775},{"id":14512,"n":"Sachets glaçons Elembal x15","p":0.79,"img":"https://fd2-photos.leclercdrive.fr/image.ashx?id=2169264&use=l&cat=p&typeid=i","cat":334134},{"id":14536,"n":"Escalope Fine Dinde LR x2  IGP Volailles du Maine  - 240g","p":5.65,"u":"23,54 €/KG","img":"https://fd2-photos.leclercdrive.fr/image.ashx?id=2250567&use=l&cat=p&typeid=i","cat":284337},{"id":14543,"n":"Serviettes papier Homeside Double épaisseur 33x33cm - x100","p":2.29,"img":"https://fd2-photos.leclercdrive.fr/image.ashx?id=1659678&use=l&cat=p&typeid=i","cat":334134},{"id":14544,"n":"Serviettes papier Homeside Triple épaisseur 40x40 x50","p":3.09,"u":"0,06 €/P","img":"https://fd2-photos.leclercdrive.fr/image.ashx?id=1659681&use=l&cat=p&typeid=i","cat":334134},{"id":14574,"n":"Serviette incontinence Chorys Normal - x12","p":1.99,"u":"0,17 €/P","img":"https://fd2-photos.leclercdrive.fr/image.ashx?id=2393848&use=l&cat=p&typeid=i","cat":284628},{"id":14578,"n":"Papier toilette Mimosa Rose - Ultra doux - x6","p":2.59,"u":"0,43 €/P","img":"https://fd2-photos.leclercdrive.fr/image.ashx?id=2816115&use=l&cat=p&typeid=i","cat":284634},{"id":14579,"n":"Papier toilette Mimosa Blanc - Ultra doux - x6","p":2.65,"u":"0,44 €/P","img":"https://fd2-photos.leclercdrive.fr/image.ashx?id=2418326&use=l&cat=p&typeid=i","cat":284634},{"id":14582,"n":"Bandes de cire froide Siliss Corps - Peaux sensibles - x40","p":2.21,"u":"0,06 €/P","img":"https://fd2-photos.leclercdrive.fr/image.ashx?id=2699426&use=l&cat=p&typeid=i","cat":325351},{"id":14625,"n":"Boisson énergétique Powerade Ice storm - 50cl","p":1.0,"u":"2,00 €/L","img":"https://fd2-photos.leclercdrive.fr/image.ashx?id=2970756&use=l&cat=p&typeid=i","cat":284533},{"id":14626,"n":"Boisson aux fruits Oasis Saveur Pêche Abricot - 2L","p":2.32,"u":"1,16 €/L","img":"https://fd2-photos.leclercdrive.fr/image.ashx?id=2688635&use=l&cat=p&typeid=i","cat":295018},{"id":14633,"n":"AOP Bordeaux rouge La Croix d'Austéran - 75cl","p":4.35,"u":"5,80 €/L","img":"https://fd2-photos.leclercdrive.fr/image.ashx?id=1672093&use=l&cat=p&typeid=i","cat":289556},{"id":14635,"n":"Soda Jean's Cola Bouteille - 4x50cl","p":2.75,"u":"1,38 €/L","img":"https://fd2-photos.leclercdrive.fr/image.ashx?id=2684811&use=l&cat=p&typeid=i","cat":284530},{"id":14636,"n":"Soda Jean's Cola Zéro Canette - 6x33cl","p":1.98,"u":"1,00 €/L","img":"https://fd2-photos.leclercdrive.fr/image.ashx?id=2637886&use=l&cat=p&typeid=i","cat":284530},{"id":14637,"n":"Biscuits P'tit Déli ronds Chocolat noir 200g","p":1.34,"u":"6,70 €/KG","img":"https://fd2-photos.leclercdrive.fr/image.ashx?id=2884207&use=l&cat=p&typeid=i","cat":284488},{"id":14654,"n":"Soupe liquide Liebig  Potiron - Brique 1L","p":2.77,"u":"2,77 €/L","img":"https://fd2-photos.leclercdrive.fr/image.ashx?id=2785355&use=l&cat=p&typeid=i","cat":284462},{"id":14657,"n":"Eponges gratounette Spontex x2","p":2.11,"u":"1,06 €/P","img":"https://fd2-photos.leclercdrive.fr/image.ashx?id=2392292&use=l&cat=p&typeid=i","cat":284667},{"id":14688,"n":"Biscuits Bjorg Fourrés Chocolat lait bio 225g","p":3.39,"u":"15,07 €/KG","img":"https://fd2-photos.leclercdrive.fr/image.ashx?id=2970927&use=l&cat=p&typeid=i","cat":284488},{"id":14691,"n":"Chocolat Alter Eco Noir Absolu Pérou 85% cacao bio - 100g","p":2.91,"u":"29,10 €/KG","img":"https://fd2-photos.leclercdrive.fr/image.ashx?id=2906535&use=l&cat=p&typeid=i","cat":284956},{"id":14749,"n":"Eau nettoyante Mixa Bébé  Hydratante - 250ml","p":2.68,"u":"10,72 €/L","img":"https://fd2-photos.leclercdrive.fr/image.ashx?id=2286603&use=l&cat=p&typeid=i","cat":284741},{"id":14814,"n":"Compotes pommes Andros 4x100g","p":1.36,"u":"3,40 €/KG","img":"https://fd2-photos.leclercdrive.fr/image.ashx?id=2883925&use=l&cat=p&typeid=i","cat":284416},{"id":14873,"n":"Pastilles javel La Croix x40","p":1.8,"u":"13,43 €/KG","img":"https://fd2-photos.leclercdrive.fr/image.ashx?id=2679693&use=l&cat=p&typeid=i","cat":284661},{"id":14880,"n":"Compote Charles & Alice Pommes Mangues - 4x100g","p":1.45,"u":"3,63 €/KG","img":"https://fd2-photos.leclercdrive.fr/image.ashx?id=2757347&use=l&cat=p&typeid=i","cat":284416},{"id":14887,"n":"Compote Charles & Alice Pommes - 4x100g","p":1.31,"u":"3,28 €/KG","img":"https://fd2-photos.leclercdrive.fr/image.ashx?id=2757677&use=l&cat=p&typeid=i","cat":284416},{"id":14888,"n":"Compote Charles & Alice Pommes Poires - 4x100g","p":1.4,"u":"3,50 €/KG","img":"https://fd2-photos.leclercdrive.fr/image.ashx?id=2936902&use=l&cat=p&typeid=i","cat":284416},{"id":14893,"n":"Yaourts allégés Sveltesse   Fruits Panachés - 12x125g","p":2.94,"u":"1,96 €/KG","img":"https://fd2-photos.leclercdrive.fr/image.ashx?id=2649569&use=l&cat=p&typeid=i","cat":315000},{"id":14898,"n":"Coeur de laitue Florette 200g","p":1.99,"u":"9,95 €/KG","img":"https://fd2-photos.leclercdrive.fr/image.ashx?id=2476542&use=l&cat=p&typeid=i","cat":284353},{"id":14901,"n":"Mozzarella di Buffala AOP Les Croisés - 125g","p":1.65,"u":"13,20 €/KG","img":"https://fd2-photos.leclercdrive.fr/image.ashx?id=2146137&use=l&cat=p&typeid=i","cat":314026},{"id":14911,"n":"Bloc WC cuvette Harpic  Eau Bleue - x2","p":1.31,"u":"17,24 €/KG","img":"https://fd2-photos.leclercdrive.fr/image.ashx?id=2264743&use=l&cat=p&typeid=i","cat":284662},{"id":14918,"n":"Dessert fruitier framboise Douceur du Verger s/sucre 4x97g","p":1.49,"u":"3,84 €/KG","img":"https://fd2-photos.leclercdrive.fr/image.ashx?id=1957075&use=l&cat=p&typeid=i","cat":284416},{"id":14923,"n":"Brocolis fleurettes Bio Village Bio - 600g","p":2.21,"u":"3,68 €/KG","img":"https://fd2-photos.leclercdrive.fr/image.ashx?id=2897892&use=l&cat=p&typeid=i","cat":319805},{"id":14924,"n":"Lasagnes chèvre épinards Côté Table - 500g","p":2.95,"u":"5,90 €/KG","img":"https://fd2-photos.leclercdrive.fr/image.ashx?id=2647874&use=l&cat=p&typeid=i","cat":284254},{"id":14931,"n":"Rhum blanc Old Nick 40%vol - 1L","p":15.29,"u":"15,29 €/L","img":"https://fd2-photos.leclercdrive.fr/image.ashx?id=2483750&use=l&cat=p&typeid=i","cat":284550},{"id":14932,"n":"Rhum blanc Saint James 40% vol - 70cl","p":11.29,"u":"16,13 €/L","img":"https://fd2-photos.leclercdrive.fr/image.ashx?id=2970948&use=l&cat=p&typeid=i","cat":284550},{"id":14934,"n":"Gin Gibson 37.5%vol - 70cl","p":11.54,"u":"16,49 €/L","img":"https://fd2-photos.leclercdrive.fr/image.ashx?id=2755396&use=l&cat=p&typeid=i","cat":284550},{"id":14958,"n":"Apéritif Vabe Rivesaltes Vin doux 16% vol - 1L","p":5.58,"u":"5,58 €/L","img":"https://fd2-photos.leclercdrive.fr/image.ashx?id=2396063&use=l&cat=p&typeid=i","cat":284913},{"id":14978,"n":"Liqueur de whisky Baird's Irish cream 17%vol. - 70cl","p":6.69,"u":"9,56 €/L","img":"https://fd2-photos.leclercdrive.fr/image.ashx?id=1654895&use=l&cat=p&typeid=i","cat":286032},{"id":14979,"n":"Crème de cassis de dijon NRT 20%vol. - 70cl","p":9.99,"u":"14,27 €/L","img":"https://fd2-photos.leclercdrive.fr/image.ashx?id=2762632&use=l&cat=p&typeid=i","cat":286032},{"id":14980,"n":"Crème de framboise Auguste  Mugniot 15%vol. - 50cl","p":5.49,"u":"10,98 €/L","img":"https://fd2-photos.leclercdrive.fr/image.ashx?id=829186&use=l&cat=p&typeid=i","cat":286032},{"id":14983,"n":"Pastis de Marseille Vivalis 45%vol - 1,5L","p":25.35,"u":"16,90 €/L","img":"https://fd2-photos.leclercdrive.fr/image.ashx?id=2820418&use=l&cat=p&typeid=i","cat":284548},{"id":14984,"n":"Guignolet Auguste Mugniot Kirsch - 15%vol. - 1L","p":7.12,"u":"7,12 €/L","img":"https://fd2-photos.leclercdrive.fr/image.ashx?id=745118&use=l&cat=p&typeid=i","cat":286032},{"id":14987,"n":"Scotch Whisky Baird's 40%vol - 1,5L","p":22.93,"u":"15,29 €/L","img":"https://fd2-photos.leclercdrive.fr/image.ashx?id=2913660&use=l&cat=p&typeid=i","cat":284547},{"id":14989,"n":"Bière blonde Amsterdam  Navigator 8%vol. - 50cl","p":1.49,"u":"2,98 €/L","img":"https://fd2-photos.leclercdrive.fr/image.ashx?id=2191104&use=l&cat=p&typeid=i","cat":334853},{"id":15007,"n":"Protège-slips Doulys Ultra-mince Normal Plié - x30","p":1.19,"u":"0,04 €/P","img":"https://fd2-photos.leclercdrive.fr/image.ashx?id=2816109&use=l&cat=p&typeid=i","cat":284625},{"id":15009,"n":"Champagne Mercier Demi-sec 12%vol - 75cl","p":23.9,"u":"31,87 €/L","img":"https://fd2-photos.leclercdrive.fr/image.ashx?id=1867171&use=l&cat=p&typeid=i","cat":284542},{"id":15010,"n":"Serviette incontinence Chorys Extra - x10","p":1.99,"u":"0,20 €/P","img":"https://fd2-photos.leclercdrive.fr/image.ashx?id=2393851&use=l&cat=p&typeid=i","cat":284628},{"id":15016,"n":"AOP Crémant d'Alsace Wolfberger Brut - 75cl","p":6.96,"u":"9,28 €/L","img":"https://fd2-photos.leclercdrive.fr/image.ashx?id=2323502&use=l&cat=p&typeid=i","cat":284544},{"id":15022,"n":"Jus de pamplemousse rose Bio Bio Village - 1L","p":3.82,"u":"3,82 €/L","img":"https://fd2-photos.leclercdrive.fr/image.ashx?id=2901524&use=l&cat=p&typeid=i","cat":284914},{"id":15025,"n":"Nectar Jafaden Pomme kiwi - 1L","p":2.35,"u":"2,35 €/L","img":"https://fd2-photos.leclercdrive.fr/image.ashx?id=2895771&use=l&cat=p&typeid=i","cat":284915},{"id":15036,"n":"Huile sèche corps bio Bio Naïa Spray - 100ml","p":4.49,"u":"44,90 €/L","img":"https://fd2-photos.leclercdrive.fr/image.ashx?id=2610196&use=l&cat=p&typeid=i","cat":325349},{"id":15039,"n":"Crème visage bio Bio Naïa Hydratante 50ml","p":1.99,"u":"39,80 €/L","img":"https://fd2-photos.leclercdrive.fr/image.ashx?id=2436651&use=l&cat=p&typeid=i","cat":325345},{"id":15053,"n":"Déodorant Manava Grenade - 200ml","p":1.39,"u":"6,95 €/L","img":"https://fd2-photos.leclercdrive.fr/image.ashx?id=2699276&use=l&cat=p&typeid=i","cat":284595},{"id":15058,"n":"Biscuits tablettes Bio Village Bio Chocolat au lait 150g","p":2.38,"u":"15,87 €/KG","img":"https://fd2-photos.leclercdrive.fr/image.ashx?id=2650819&use=l&cat=p&typeid=i","cat":284488},{"id":15059,"n":"Gaufrettes P'tit Déli Praliné chocolat au lait - 175g","p":1.85,"u":"10,57 €/KG","img":"https://fd2-photos.leclercdrive.fr/image.ashx?id=2817157&use=l&cat=p&typeid=i","cat":284488},{"id":15060,"n":"Biscuits tablettes Bio Village Bio Chocolat noir 150g","p":2.39,"u":"15,93 €/KG","img":"https://fd2-photos.leclercdrive.fr/image.ashx?id=2708943&use=l&cat=p&typeid=i","cat":284488},{"id":15095,"n":"Boisson végétale Noisette Bio  Bjorg- 1L","p":2.39,"u":"2,39 €/L","img":"https://fd2-photos.leclercdrive.fr/image.ashx?id=2972970&use=l&cat=p&typeid=i","cat":316067},{"id":15131,"n":"Nectar multifruits Jafaden 2L","p":2.49,"u":"1,25 €/L","img":"https://fd2-photos.leclercdrive.fr/image.ashx?id=2956032&use=l&cat=p&typeid=i","cat":284917},{"id":15140,"n":"Biscuits Croustine P'tit Déli Meringue noisette 100g","p":2.29,"u":"22,90 €/KG","img":"https://fd2-photos.leclercdrive.fr/image.ashx?id=2545574&use=l&cat=p&typeid=i","cat":284487},{"id":15142,"n":"Biscuits P'tit Déli Florentin Amande chocolat 100g","p":1.92,"u":"19,20 €/KG","img":"https://fd2-photos.leclercdrive.fr/image.ashx?id=2562701&use=l&cat=p&typeid=i","cat":284490},{"id":15146,"n":"Génoises fourrées P'tit Déli Citron - 150g","p":1.98,"u":"13,20 €/KG","img":"https://fd2-photos.leclercdrive.fr/image.ashx?id=2482499&use=l&cat=p&typeid=i","cat":284489},{"id":15149,"n":"Petit Beurre P'tit Déli Pépites chocolat x24 200g","p":1.87,"u":"9,35 €/KG","img":"https://fd2-photos.leclercdrive.fr/image.ashx?id=2694100&use=l&cat=p&typeid=i","cat":284487},{"id":15150,"n":"Biscuits P'tit Déli Déli'Coco 100g","p":1.89,"u":"18,90 €/KG","img":"https://fd2-photos.leclercdrive.fr/image.ashx?id=2562704&use=l&cat=p&typeid=i","cat":284490},{"id":15152,"n":"Biscuits P'tit Déli Fleur de caramel 100g","p":2.25,"u":"22,50 €/KG","img":"https://fd2-photos.leclercdrive.fr/image.ashx?id=2935220&use=l&cat=p&typeid=i","cat":284490},{"id":15162,"n":"Rillettes pur porc Côté Table 3x78g","p":2.75,"u":"11,75 €/KG","img":"https://fd2-photos.leclercdrive.fr/image.ashx?id=1986264&use=l&cat=p&typeid=i","cat":305149},{"id":15163,"n":"Sablés fourrés P'tit Déli Noisette 125g","p":1.92,"u":"15,36 €/KG","img":"https://fd2-photos.leclercdrive.fr/image.ashx?id=2426770&use=l&cat=p&typeid=i","cat":284487},{"id":15181,"n":"Boisson aux fruits Oasis Saveur Fraise Framboise - 2L","p":2.44,"u":"1,22 €/L","img":"https://fd2-photos.leclercdrive.fr/image.ashx?id=2677819&use=l&cat=p&typeid=i","cat":295018},{"id":15194,"n":"Pineau des Charentes J. Gautret Blanc 17%vol. 75cl","p":9.92,"u":"13,23 €/L","img":"https://fd2-photos.leclercdrive.fr/image.ashx?id=1654314&use=l&cat=p&typeid=i","cat":284913},{"id":15288,"n":"Mouchoirs blancs 4 plis Caresse Mini étuis x15","p":1.16,"u":"0,08 €/P","img":"https://fd2-photos.leclercdrive.fr/image.ashx?id=2824262&use=l&cat=p&typeid=i","cat":284638},{"id":15342,"n":"Chocolat Eco+ Noir - 5x100g","p":3.78,"u":"7,56 €/KG","img":"https://fd2-photos.leclercdrive.fr/image.ashx?id=2775460&use=l&cat=p&typeid=i","cat":284956},{"id":15384,"n":"Wings party Mexicain Maître Coq 400g","p":5.01,"u":"12,53 €/KG","img":"https://fd2-photos.leclercdrive.fr/image.ashx?id=2094307&use=l&cat=p&typeid=i","cat":333685},{"id":15394,"n":"Petits cakelets P'tit Déli Assortiment 450g","p":4.06,"u":"9,02 €/KG","img":"https://fd2-photos.leclercdrive.fr/image.ashx?id=2324393&use=l&cat=p&typeid=i","cat":284493},{"id":15403,"n":"Quatre-quarts P'tit Déli De Bretagne 250g","p":1.83,"u":"7,32 €/KG","img":"https://fd2-photos.leclercdrive.fr/image.ashx?id=1939917&use=l&cat=p&typeid=i","cat":294776},{"id":15432,"n":"Hachés poulet gratin Maître Coq 180g","p":2.88,"u":"16,00 €/KG","img":"https://fd2-photos.leclercdrive.fr/image.ashx?id=1884313&use=l&cat=p&typeid=i","cat":333684},{"id":15433,"n":"Hachés de poulet rotis  Maître Coq - 180g","p":2.3,"u":"12,78 €/KG","img":"https://fd2-photos.leclercdrive.fr/image.ashx?id=1884310&use=l&cat=p&typeid=i","cat":316010},{"id":15476,"n":"Eau nettoyante Mots d'Enfants Hydratante - 250ml","p":1.93,"u":"7,72 €/L","img":"https://fd2-photos.leclercdrive.fr/image.ashx?id=3015048&use=l&cat=p&typeid=i","cat":284741},{"id":15525,"n":"Mini gâches briochettes NRT Chocolat noir x8 - 360g","p":2.79,"u":"7,75 €/KG","img":"https://fd2-photos.leclercdrive.fr/image.ashx?id=2670440&use=l&cat=p&typeid=i","cat":284478},{"id":15544,"n":"Crackers Tokapi  Fromage et graines - 65g","p":1.34,"u":"20,62 €/KG","img":"https://fd2-photos.leclercdrive.fr/image.ashx?id=2075247&use=l&cat=p&typeid=i","cat":297000},{"id":15564,"n":"Chips paysannes Pom'lisse Nature - 150g","p":0.99,"u":"6,60 €/KG","img":"https://fd2-photos.leclercdrive.fr/image.ashx?id=2927854&use=l&cat=p&typeid=i","cat":284447},{"id":15590,"n":"pain complet 3 céréales bio  bjorg 500g","p":2.2,"u":"4,40 €/KG","img":"https://fd2-photos.leclercdrive.fr/image.ashx?id=2752951&use=l&cat=p&typeid=i","cat":325069},{"id":15615,"n":"Multifruits Jafaden 100% Pur jus - 1,5L","p":1.99,"u":"1,33 €/L","img":"https://fd2-photos.leclercdrive.fr/image.ashx?id=2966650&use=l&cat=p&typeid=i","cat":284917},{"id":15629,"n":"Salade maxi Florette Mâche - 200g","p":2.29,"u":"11,45 €/KG","img":"https://fd2-photos.leclercdrive.fr/image.ashx?id=2228849&use=l&cat=p&typeid=i","cat":284353},{"id":15637,"n":"Ciboulette Florette 11g","p":1.55,"u":"140,91 €/KG","img":"https://fd2-photos.leclercdrive.fr/image.ashx?id=2633017&use=l&cat=p&typeid=i","cat":293607},{"id":15638,"n":"Basilic Florette 11g","p":1.52,"u":"138,18 €/KG","img":"https://fd2-photos.leclercdrive.fr/image.ashx?id=2633014&use=l&cat=p&typeid=i","cat":293607},{"id":15641,"n":"Menthe Florette 11g","p":1.45,"u":"131,82 €/KG","img":"https://fd2-photos.leclercdrive.fr/image.ashx?id=2633023&use=l&cat=p&typeid=i","cat":293607},{"id":15642,"n":"Coriandre Florette 11g","p":1.56,"u":"141,82 €/KG","img":"https://fd2-photos.leclercdrive.fr/image.ashx?id=2633020&use=l&cat=p&typeid=i","cat":293607},{"id":15643,"n":"Plateau crudités Florette 600g","p":5.6,"u":"9,33 €/KG","img":"https://fd2-photos.leclercdrive.fr/image.ashx?id=2962773&use=l&cat=p&typeid=i","cat":284352},{"id":15646,"n":"Saumon Atlantique Connétable 112g","p":4.24,"u":"37,86 €/KG","img":"https://fd2-photos.leclercdrive.fr/image.ashx?id=2960162&use=l&cat=p&typeid=i","cat":305147},{"id":15701,"n":"Filets hareng sans peau Baltic à la crème - 400g","p":2.99,"u":"7,48 €/KG","img":"https://fd2-photos.leclercdrive.fr/image.ashx?id=2845889&use=l&cat=p&typeid=i","cat":285190},{"id":15746,"n":"Soupe Liquide Liebig  Bisque de Homard - 300g","p":2.44,"u":"8,13 €/KG","img":"https://fd2-photos.leclercdrive.fr/image.ashx?id=2651390&use=l&cat=p&typeid=i","cat":287366},{"id":15801,"n":"IGP Pays d'Oc rosé Cinsault Syrah Ormes de Cambras 12% 75cl","p":2.77,"u":"3,69 €/L","img":"https://fd2-photos.leclercdrive.fr/image.ashx?id=2105158&use=l&cat=p&typeid=i","cat":289558},{"id":15805,"n":"Boisson énergisante Red Bull sans sucres, 4x250ml","p":4.08,"u":"4,08 €/L","img":"https://fd2-photos.leclercdrive.fr/image.ashx?id=3009371&use=l&cat=p&typeid=i","cat":284533},{"id":15807,"n":"Boisson aux fruits Oasis Goût Pomme Cassis Framboise 2L","p":2.62,"u":"1,31 €/L","img":"https://fd2-photos.leclercdrive.fr/image.ashx?id=3014452&use=l&cat=p&typeid=i","cat":295018},{"id":15929,"n":"Masque nutri-extrême Dessange Cheveux Très Secs - 250ml","p":5.47,"u":"21,88 €/L","img":"https://fd2-photos.leclercdrive.fr/image.ashx?id=2458742&use=l&cat=p&typeid=i","cat":284608},{"id":15954,"n":"Protector Finish  anti-corrosion","p":3.42,"u":"114,00 €/KG","img":"https://fd2-photos.leclercdrive.fr/image.ashx?id=2659677&use=l&cat=p&typeid=i","cat":284657},{"id":16020,"n":"Gambas ASC Pêche Océan Géantes tigrées 8/12pièces 400g","p":10.8,"u":"27,00 €/KG","img":"https://fd2-photos.leclercdrive.fr/image.ashx?id=2202754&use=l&cat=p&typeid=i","cat":319787},{"id":16025,"n":"Yaourts Lait entier Bio Village Bio Fraise morceaux - 4x125g","p":1.5,"u":"3,00 €/KG","img":"https://fd2-photos.leclercdrive.fr/image.ashx?id=2841968&use=l&cat=p&typeid=i","cat":284410},{"id":16026,"n":"Yaourts brassé Bio Village Bio Pêche - 4x125g","p":1.5,"u":"3,00 €/KG","img":"https://fd2-photos.leclercdrive.fr/image.ashx?id=2841965&use=l&cat=p&typeid=i","cat":284410},{"id":16031,"n":"Epinards en branches Bio Bio Village - 600g","p":1.65,"u":"2,75 €/KG","img":"https://fd2-photos.leclercdrive.fr/image.ashx?id=2891803&use=l&cat=p&typeid=i","cat":319805},{"id":16033,"n":"Choux-fleurs Bio Bio Village En fleurettes - 600g","p":1.99,"u":"3,32 €/KG","img":"https://fd2-photos.leclercdrive.fr/image.ashx?id=2891797&use=l&cat=p&typeid=i","cat":319805},{"id":16034,"n":"Petits pois Bio Bio Village Très fins - 600g","p":2.39,"u":"3,98 €/KG","img":"https://fd2-photos.leclercdrive.fr/image.ashx?id=2996021&use=l&cat=p&typeid=i","cat":319805},{"id":16042,"n":"Bâtonnets Trium Café x4 - 280g","p":3.11,"u":"11,11 €/KG","img":"https://fd2-photos.leclercdrive.fr/image.ashx?id=2920767&use=l&cat=p&typeid=i","cat":284265},{"id":16043,"n":"Crevettes cuites Pêche Océan Décortiquées - MSC - 200g","p":3.49,"u":"17,45 €/KG","img":"https://fd2-photos.leclercdrive.fr/image.ashx?id=2478766&use=l&cat=p&typeid=i","cat":319787},{"id":16046,"n":"Fromage de chèvre Les Croisés Frais rond - 200g","p":1.89,"u":"9,45 €/KG","img":"https://fd2-photos.leclercdrive.fr/image.ashx?id=2742571&use=l&cat=p&typeid=i","cat":314031},{"id":16061,"n":"Sauce Tomates Barilla Basilic - 400g","p":1.64,"u":"4,10 €/KG","img":"https://fd2-photos.leclercdrive.fr/image.ashx?id=2832518&use=l&cat=p&typeid=i","cat":287599},{"id":16062,"n":"Sauce Pesto Genovese Barilla Au basilic frais - 190g","p":1.98,"u":"10,42 €/KG","img":"https://fd2-photos.leclercdrive.fr/image.ashx?id=2737585&use=l&cat=p&typeid=i","cat":287599},{"id":16063,"n":"Sauce Pesto Barilla Rosso - 200g","p":1.95,"u":"9,75 €/KG","img":"https://fd2-photos.leclercdrive.fr/image.ashx?id=2308348&use=l&cat=p&typeid=i","cat":287599},{"id":16153,"n":"Biscuits petit déj Bio Village Bio Chocolat / Noisettes - 200g","p":2.08,"u":"10,40 €/KG","img":"https://fd2-photos.leclercdrive.fr/image.ashx?id=2371560&use=l&cat=p&typeid=i","cat":284491},{"id":16172,"n":"Mini Barres chocolatées Lion x18 barres - 350g","p":3.79,"u":"10,83 €/KG","img":"https://fd2-photos.leclercdrive.fr/image.ashx?id=2925553&use=l&cat=p&typeid=i","cat":284498},{"id":16196,"n":"Pavés de saumon 2x150g","p":5.39,"u":"17,97 €/KG","img":"https://fd2-photos.leclercdrive.fr/image.ashx?id=623824&use=l&cat=p&typeid=i","cat":284342},{"id":16231,"n":"Porto Tawny Dorrao 20%vol - 75cl","p":11.65,"u":"15,53 €/L","img":"https://fd2-photos.leclercdrive.fr/image.ashx?id=2869856&use=l&cat=p&typeid=i","cat":284913},{"id":16254,"n":"Câpres surfines Rustica Au vinaigre - 60g","p":1.23,"u":"20,50 €/KG","img":"https://fd2-photos.leclercdrive.fr/image.ashx?id=1677666&use=l&cat=p&typeid=i","cat":284458},{"id":16271,"n":"Maïs Géant Vert extra croquant sans résidu pesticides - 285g","p":1.14,"u":"4,00 €/KG","img":"https://fd2-photos.leclercdrive.fr/image.ashx?id=2754267&use=l&cat=p&typeid=i","cat":312611},{"id":16303,"n":"Petits oignons Rustica Vinaigre doux - 190g","p":0.79,"u":"4,16 €/KG","img":"https://fd2-photos.leclercdrive.fr/image.ashx?id=2034109&use=l&cat=p&typeid=i","cat":284458},{"id":16429,"n":"Oeufs frais plein air Bio Bio village - x10","p":3.41,"u":"0,34 €/P","img":"https://fd2-photos.leclercdrive.fr/image.ashx?id=2854264&use=l&cat=p&typeid=i","cat":284378},{"id":16430,"n":"Lait de coco bio Jardin Bio Bio - 400ml","p":2.46,"u":"6,15 €/L","img":"https://fd2-photos.leclercdrive.fr/image.ashx?id=2790132&use=l&cat=p&typeid=i","cat":288992},{"id":16431,"n":"Raviolis bio boeuf Jardin Bio 72cl","p":4.6,"u":"6,39 €/L","img":"https://fd2-photos.leclercdrive.fr/image.ashx?id=2972469&use=l&cat=p&typeid=i","cat":284442},{"id":16433,"n":"Pâte feuilletée Bio Bio village - 230g","p":1.65,"u":"7,17 €/KG","img":"https://fd2-photos.leclercdrive.fr/image.ashx?id=2969006&use=l&cat=p&typeid=i","cat":333681},{"id":16434,"n":"Raviolis aux 3 fromages Bio Bio village - 250g","p":2.9,"u":"11,60 €/KG","img":"https://fd2-photos.leclercdrive.fr/image.ashx?id=2843608&use=l&cat=p&typeid=i","cat":333682},{"id":16435,"n":"Tagliatelles fraîches Bio Bio village - 250g","p":1.39,"u":"5,56 €/KG","img":"https://fd2-photos.leclercdrive.fr/image.ashx?id=2875735&use=l&cat=p&typeid=i","cat":333682},{"id":16436,"n":"Pâtes torsades Bio Village Bio -  500g","p":0.85,"u":"1,70 €/KG","img":"https://fd2-photos.leclercdrive.fr/image.ashx?id=2625367&use=l&cat=p&typeid=i","cat":284427},{"id":16439,"n":"Riz Basmati Bio Village Bio - 500g","p":1.5,"u":"3,00 €/KG","img":"https://fd2-photos.leclercdrive.fr/image.ashx?id=2441507&use=l&cat=p&typeid=i","cat":284428},{"id":16490,"n":"Yaourt nature 0% MG Bio Bio village - 4x125g","p":1.34,"u":"2,68 €/KG","img":"https://fd2-photos.leclercdrive.fr/image.ashx?id=2077427&use=l&cat=p&typeid=i","cat":315000},{"id":16493,"n":"Pâte à tartiner bio Jardin Bio Cacao noisettes - 350g","p":3.32,"u":"9,49 €/KG","img":"https://fd2-photos.leclercdrive.fr/image.ashx?id=2918844&use=l&cat=p&typeid=i","cat":284481},{"id":16520,"n":"Mayonnaise Eco+ Bocal - 470g","p":1.19,"u":"2,53 €/KG","img":"https://fd2-photos.leclercdrive.fr/image.ashx?id=2954322&use=l&cat=p&typeid=i","cat":298295},{"id":16521,"n":"Lait demi-écrémé Eco+ Brique UHT -  6x1L","p":5.52,"u":"0,92 €/L","img":"https://fd2-photos.leclercdrive.fr/image.ashx?id=2925955&use=l&cat=p&typeid=i","cat":284377},{"id":16522,"n":"Soufflés cacahuète Eco+ 100g","p":0.35,"u":"3,50 €/KG","img":"https://fd2-photos.leclercdrive.fr/image.ashx?id=2678785&use=l&cat=p&typeid=i","cat":284449},{"id":16524,"n":"Pâtes Eco+ Spaghetti - 1kg","p":1.02,"u":"1,02 €/KG","img":"https://fd2-photos.leclercdrive.fr/image.ashx?id=2757494&use=l&cat=p&typeid=i","cat":284427},{"id":16525,"n":"Purée de pommes de terre Eco+ Déshydratée 4x125g","p":1.39,"u":"2,78 €/KG","img":"https://fd2-photos.leclercdrive.fr/image.ashx?id=2929858&use=l&cat=p&typeid=i","cat":284431},{"id":16526,"n":"Assortiment biscuits salés Eco+ 350g","p":1.06,"u":"3,03 €/KG","img":"https://fd2-photos.leclercdrive.fr/image.ashx?id=2298932&use=l&cat=p&typeid=i","cat":297000},{"id":16536,"n":"Sucre Eco+ En morceaux - 1kg","p":1.33,"u":"1,33 €/KG","img":"https://fd2-photos.leclercdrive.fr/image.ashx?id=2702274&use=l&cat=p&typeid=i","cat":284502},{"id":16547,"n":"Barquette chiens Eco+ A la Volaille - 300g","p":0.52,"u":"1,73 €/KG","img":"https://fd2-photos.leclercdrive.fr/image.ashx?id=2052727&use=l&cat=p&typeid=i","cat":284673},{"id":16548,"n":"Barquette pour chats Eco+ Riche en volaille - 100g","p":0.24,"u":"2,40 €/KG","img":"https://fd2-photos.leclercdrive.fr/image.ashx?id=2052736&use=l&cat=p&typeid=i","cat":285286},{"id":16552,"n":"Jus de pomme abc Eco+ 1L","p":0.85,"u":"0,85 €/L","img":"https://fd2-photos.leclercdrive.fr/image.ashx?id=2802269&use=l&cat=p&typeid=i","cat":284522},{"id":16553,"n":"Soda cola Eco+ 1,5L","p":0.49,"u":"0,33 €/L","img":"https://fd2-photos.leclercdrive.fr/image.ashx?id=2807270&use=l&cat=p&typeid=i","cat":284530},{"id":16554,"n":"Soda cola light 1,5l","p":0.4,"u":"0,27 €/L","img":"https://fd2-photos.leclercdrive.fr/image.ashx?id=2821792&use=l&cat=p&typeid=i","cat":284530},{"id":16555,"n":"Boisson aromatisée Eco+ Exotique 2L","p":0.97,"u":"0,49 €/L","img":"https://fd2-photos.leclercdrive.fr/image.ashx?id=2755049&use=l&cat=p&typeid=i","cat":295018},{"id":16558,"n":"Thé glacé pêche Eco  2L","p":1.25,"u":"0,63 €/L","img":"https://fd2-photos.leclercdrive.fr/image.ashx?id=2764955&use=l&cat=p&typeid=i","cat":295019},{"id":16561,"n":"Eau de javel Eco+ Bidon - 5L","p":1.09,"u":"0,22 €/L","img":"https://fd2-photos.leclercdrive.fr/image.ashx?id=2883913&use=l&cat=p&typeid=i","cat":284661},{"id":16577,"n":"Crème sous pression Eco+ Crème légère et sucrée - 250g","p":1.69,"u":"6,76 €/KG","img":"https://fd2-photos.leclercdrive.fr/image.ashx?id=2856242&use=l&cat=p&typeid=i","cat":284382},{"id":16583,"n":"Pommes rissolées surgelées Eco+ 1kg","p":1.11,"u":"1,11 €/KG","img":"https://fd2-photos.leclercdrive.fr/image.ashx?id=2085934&use=l&cat=p&typeid=i","cat":319792},{"id":16642,"n":"Génoises fourrées P'tit Déli Agrumes - 150g","p":1.09,"u":"7,27 €/KG","img":"https://fd2-photos.leclercdrive.fr/image.ashx?id=2482502&use=l&cat=p&typeid=i","cat":284489},{"id":16701,"n":"Bouchées RAFFAELLO Noix de coco Amandes - 180g","p":4.47,"u":"24,83 €/KG","img":"https://fd2-photos.leclercdrive.fr/image.ashx?id=2937857&use=l&cat=p&typeid=i","cat":327595},{"id":16737,"n":"Viande hachée 15% MG Férial 500g","p":8.7,"u":"17,40 €/KG","img":"https://fd2-photos.leclercdrive.fr/image.ashx?id=2904013&use=l&cat=p&typeid=i","cat":284332},{"id":16739,"n":"Steak haché Férial 5%mg 500g","p":9.1,"u":"18,20 €/KG","img":"https://fd2-photos.leclercdrive.fr/image.ashx?id=2619773&use=l&cat=p&typeid=i","cat":284332},{"id":16741,"n":"Viande hachée 5% MG Férial 350g","p":7.2,"u":"20,57 €/KG","img":"https://fd2-photos.leclercdrive.fr/image.ashx?id=2904010&use=l&cat=p&typeid=i","cat":284332},{"id":16747,"n":"Viande hachée 15% MG Férial 350g","p":6.1,"u":"17,43 €/KG","img":"https://fd2-photos.leclercdrive.fr/image.ashx?id=2904007&use=l&cat=p&typeid=i","cat":284332},{"id":16765,"n":"Steak haché Férial pur boeuf 5%mg - 250g","p":5.05,"u":"20,20 €/KG","img":"https://fd2-photos.leclercdrive.fr/image.ashx?id=2903998&use=l&cat=p&typeid=i","cat":284332},{"id":16766,"n":"Viande hachée 20% MG Férial 700g","p":10.2,"u":"14,57 €/KG","img":"https://fd2-photos.leclercdrive.fr/image.ashx?id=2904016&use=l&cat=p&typeid=i","cat":284332},{"id":16782,"n":"Steak haché Férial 15%mg 250g","p":4.55,"u":"18,20 €/KG","img":"https://fd2-photos.leclercdrive.fr/image.ashx?id=2904001&use=l&cat=p&typeid=i","cat":284332},{"id":16783,"n":"AOP Saumur brut Les Caractères - 75cl","p":4.49,"u":"5,99 €/L","img":"https://fd2-photos.leclercdrive.fr/image.ashx?id=2895774&use=l&cat=p&typeid=i","cat":284544},{"id":16828,"n":"Steak haché Férial 5%mg - 125g","p":2.9,"u":"23,20 €/KG","img":"https://fd2-photos.leclercdrive.fr/image.ashx?id=2627230&use=l&cat=p&typeid=i","cat":284332},{"id":16829,"n":"Fusilli Côté Snack Pâtes 4 fromages - 300g","p":1.89,"u":"6,30 €/KG","img":"https://fd2-photos.leclercdrive.fr/image.ashx?id=2748726&use=l&cat=p&typeid=i","cat":334983},{"id":16841,"n":"Génoises fourrées P'tit Déli Framboise cassis - 150g","p":1.06,"u":"7,07 €/KG","img":"https://fd2-photos.leclercdrive.fr/image.ashx?id=2473981&use=l&cat=p&typeid=i","cat":284489},{"id":16842,"n":"Spéculoos P'tit Déli 2x250g","p":1.47,"u":"2,94 €/KG","img":"https://fd2-photos.leclercdrive.fr/image.ashx?id=2046364&use=l&cat=p&typeid=i","cat":284487},{"id":16916,"n":"Croquette Tous Mes Amis Vitalité - viande de boeuf 10kg","p":12.99,"u":"1,30 €/KG","img":"https://fd2-photos.leclercdrive.fr/image.ashx?id=2078635&use=l&cat=p&typeid=i","cat":284672},{"id":16920,"n":"Coeurs d'artichaut Notre Jardin 240g","p":2.49,"u":"10,38 €/KG","img":"https://fd2-photos.leclercdrive.fr/image.ashx?id=2501994&use=l&cat=p&typeid=i","cat":312611},{"id":17014,"n":"Fromage apéritif Apéricube Sélection festive 48 cubes","p":4.17,"u":"16,68 €/KG","img":"https://fd2-photos.leclercdrive.fr/image.ashx?id=2882665&use=l&cat=p&typeid=i","cat":314027},{"id":17036,"n":"Mouchoirs blancs 3 plis Caresse Boîte mouchoirs papier x90","p":1.04,"u":"0,01 €/P","img":"https://fd2-photos.leclercdrive.fr/image.ashx?id=1286020&use=l&cat=p&typeid=i","cat":284638},{"id":17104,"n":"Tuiles Tokapi  Nature - 170g","p":1.35,"u":"7,94 €/KG","img":"https://fd2-photos.leclercdrive.fr/image.ashx?id=2632849&use=l&cat=p&typeid=i","cat":287899},{"id":17105,"n":"Chips Tuiles Tokapi Crème oignon - 170g","p":1.35,"u":"7,94 €/KG","img":"https://fd2-photos.leclercdrive.fr/image.ashx?id=2643375&use=l&cat=p&typeid=i","cat":287899},{"id":17112,"n":"Limonade Bio village Bio - 1L","p":0.96,"u":"0,96 €/L","img":"https://fd2-photos.leclercdrive.fr/image.ashx?id=2632900&use=l&cat=p&typeid=i","cat":284531},{"id":17113,"n":"Cidre bouché Bio village Bio 4% vol - 75cl","p":2.29,"u":"3,05 €/L","img":"https://fd2-photos.leclercdrive.fr/image.ashx?id=2907255&use=l&cat=p&typeid=i","cat":334880},{"id":17158,"n":"Mozzarella Bio  Bio village - 125g","p":1.21,"u":"9,68 €/KG","img":"https://fd2-photos.leclercdrive.fr/image.ashx?id=2856350&use=l&cat=p&typeid=i","cat":314026},{"id":17166,"n":"Poulet jaune Maître Coq Eleveur de nos régions 1,3kg","p":7.8,"u":"6,00 €/KG","img":"https://fd2-photos.leclercdrive.fr/image.ashx?id=2926356&use=l&cat=p&typeid=i","cat":284336},{"id":17223,"n":"Mouchoirs blancs 3 plis Caresse Boîte déco décor aléatoire x70","p":1.52,"u":"0,02 €/P","img":"https://fd2-photos.leclercdrive.fr/image.ashx?id=2812548&use=l&cat=p&typeid=i","cat":284638},{"id":17290,"n":"Pâtes Alpina Avoine - 500g","p":1.39,"u":"2,78 €/KG","img":"https://fd2-photos.leclercdrive.fr/image.ashx?id=2789856&use=l&cat=p&typeid=i","cat":284427},{"id":17292,"n":"Polenta Alpina Semoule de maïs - 500g","p":1.29,"u":"2,58 €/KG","img":"https://fd2-photos.leclercdrive.fr/image.ashx?id=2834485&use=l&cat=p&typeid=i","cat":284431},{"id":17293,"n":"Génoise mix milk Balconi Pâtissier x10 280g","p":1.85,"u":"10,28 €/KG","img":"https://fd2-photos.leclercdrive.fr/image.ashx?id=2878411&use=l&cat=p&typeid=i","cat":284495},{"id":17294,"n":"Pâtes crozets nature Alpina 400g","p":2.64,"u":"6,60 €/KG","img":"https://fd2-photos.leclercdrive.fr/image.ashx?id=2795072&use=l&cat=p&typeid=i","cat":284427},{"id":17295,"n":"Pâtes crozets Alpina Savoie Au sarrasin - 400g","p":3.28,"u":"8,20 €/KG","img":"https://fd2-photos.leclercdrive.fr/image.ashx?id=2795075&use=l&cat=p&typeid=i","cat":284427},{"id":17340,"n":"Pizza Cuite sur pierre Turini  Poulet rôti poivrons - 400g","p":2.23,"u":"5,58 €/KG","img":"https://fd2-photos.leclercdrive.fr/image.ashx?id=2815235&use=l&cat=p&typeid=i","cat":284256},{"id":17348,"n":"Lanières poivrons Notre Jardin 600g","p":2.15,"u":"3,58 €/KG","img":"https://fd2-photos.leclercdrive.fr/image.ashx?id=2916680&use=l&cat=p&typeid=i","cat":319805},{"id":17362,"n":"Moules ASC Pêche Océan Décortiquées - 500g","p":3.38,"u":"6,76 €/KG","img":"https://fd2-photos.leclercdrive.fr/image.ashx?id=2835023&use=l&cat=p&typeid=i","cat":319787},{"id":17383,"n":"Gants ultra-résistants Mapa Taille L - x2","p":1.79,"u":"0,90 €/P","img":"https://fd2-photos.leclercdrive.fr/image.ashx?id=2732437&use=l&cat=p&typeid=i","cat":284668},{"id":17384,"n":"Gants ultra-résistants Mapa Taille M","p":1.7,"img":"https://fd2-photos.leclercdrive.fr/image.ashx?id=2732434&use=l&cat=p&typeid=i","cat":284668},{"id":17389,"n":"Biscuits dorés extra P'tit Déli 2x150g","p":1.19,"u":"3,97 €/KG","img":"https://fd2-photos.leclercdrive.fr/image.ashx?id=2488359&use=l&cat=p&typeid=i","cat":284487},{"id":17392,"n":"Mouchoirs blanc 4 plis Univert Etuis x15 - Ecolabel","p":1.95,"u":"0,13 €/P","img":"https://fd2-photos.leclercdrive.fr/image.ashx?id=2549951&use=l&cat=p&typeid=i","cat":284638},{"id":17409,"n":"Lotion capillaire Carré Homme Cheveux blancs et gris 400ml","p":1.99,"u":"4,98 €/L","img":"https://fd2-photos.leclercdrive.fr/image.ashx?id=1961961&use=l&cat=p&typeid=i","cat":284621},{"id":17413,"n":"Sacs congélation zip Elembal Petit modèle x25","p":1.45,"u":"0,06 €/P","img":"https://fd2-photos.leclercdrive.fr/image.ashx?id=2751883&use=l&cat=p&typeid=i","cat":334134},{"id":17414,"n":"Activateur de lavage Textil Spécial blanc 10 tablettes","p":2.1,"u":"9,33 €/KG","img":"https://fd2-photos.leclercdrive.fr/image.ashx?id=2964565&use=l&cat=p&typeid=i","cat":284651},{"id":17417,"n":"AOC Rosé d'Anjou vin rosé Les Caractères - BIB 3L","p":12.49,"u":"4,16 €/L","img":"https://fd2-photos.leclercdrive.fr/image.ashx?id=2806462&use=l&cat=p&typeid=i","cat":289560},{"id":17423,"n":"IGP Côtes de Gascogne vin blanc Terrasses d'Autan - 75cl","p":2.99,"u":"3,99 €/L","img":"https://fd2-photos.leclercdrive.fr/image.ashx?id=2886448&use=l&cat=p&typeid=i","cat":289557},{"id":17425,"n":"Fromage blanc Délisse Vanille 2,5%MG - 8x100g","p":2.82,"u":"3,53 €/KG","img":"https://fd2-photos.leclercdrive.fr/image.ashx?id=3012827&use=l&cat=p&typeid=i","cat":284409},{"id":17445,"n":"AOP Saumur demi-sec Les Caractères - 75cl","p":4.49,"u":"5,99 €/L","img":"https://fd2-photos.leclercdrive.fr/image.ashx?id=2677056&use=l&cat=p&typeid=i","cat":284544},{"id":17469,"n":"Biscuits P'tit Déli Bâtonnets Chocolat blanc 150g","p":1.7,"u":"11,33 €/KG","img":"https://fd2-photos.leclercdrive.fr/image.ashx?id=2470195&use=l&cat=p&typeid=i","cat":284488},{"id":17476,"n":"Boudins noirs aux oignons Tradilège x3 - 375g","p":2.65,"u":"7,07 €/KG","img":"https://fd2-photos.leclercdrive.fr/image.ashx?id=2930754&use=l&cat=p&typeid=i","cat":316012},{"id":17478,"n":"Boudins noirs Tradilège Aux pommes 3x125g","p":3.55,"u":"9,47 €/KG","img":"https://fd2-photos.leclercdrive.fr/image.ashx?id=2580412&use=l&cat=p&typeid=i","cat":316012},{"id":17571,"n":"Crème entière fluide UHT Délisse - Brique 30%mg - 1L","p":4.25,"u":"4,25 €/L","img":"https://fd2-photos.leclercdrive.fr/image.ashx?id=2509980&use=l&cat=p&typeid=i","cat":284381},{"id":17625,"n":"Bûche glacée Eskiss Fruits rouges et biscuit - 564g","p":3.59,"u":"6,37 €/KG","img":"https://fd2-photos.leclercdrive.fr/image.ashx?id=2459156&use=l&cat=p&typeid=i","cat":284266},{"id":17627,"n":"Mini bûches glacées Eskiss Assortiment - 311g","p":2.29,"u":"7,36 €/KG","img":"https://fd2-photos.leclercdrive.fr/image.ashx?id=2791263&use=l&cat=p&typeid=i","cat":284266},{"id":17645,"n":"Whisky Jameson 40%vol - 1L","p":28.24,"u":"28,24 €/L","img":"https://fd2-photos.leclercdrive.fr/image.ashx?id=2880922&use=l&cat=p&typeid=i","cat":284547},{"id":17653,"n":"Fromage apéritif Apéricube Best of des saveurs 48 cubes","p":4.17,"u":"16,68 €/KG","img":"https://fd2-photos.leclercdrive.fr/image.ashx?id=2882662&use=l&cat=p&typeid=i","cat":314027},{"id":17694,"n":"Couches bébé Mots d'Enfants T4+ Ultra confort - 9/20kg - x144","p":20.5,"u":"0,14 €/P","img":"https://fd2-photos.leclercdrive.fr/image.ashx?id=2689426&use=l&cat=p&typeid=i","cat":284737},{"id":17709,"n":"Sauce au poivre Knorr A la crème fraiche - 30cl","p":1.31,"u":"4,37 €/L","img":"https://fd2-photos.leclercdrive.fr/image.ashx?id=2985096&use=l&cat=p&typeid=i","cat":288381},{"id":17710,"n":"Sauce Hollandaise Knorr Au jus de citron - 30cl","p":1.45,"u":"4,83 €/L","img":"https://fd2-photos.leclercdrive.fr/image.ashx?id=2985099&use=l&cat=p&typeid=i","cat":288381},{"id":17717,"n":"Blanc de poulet Tradilège x4 160g","p":1.36,"u":"8,50 €/KG","img":"https://fd2-photos.leclercdrive.fr/image.ashx?id=2925738&use=l&cat=p&typeid=i","cat":316010},{"id":17718,"n":"Blanc de dinde Tradilège 4 tranches 160g","p":1.65,"u":"10,31 €/KG","img":"https://fd2-photos.leclercdrive.fr/image.ashx?id=2925735&use=l&cat=p&typeid=i","cat":316010},{"id":17767,"n":"Gambas entières Pêche Océan ASC - 400g","p":8.99,"u":"22,48 €/KG","img":"https://fd2-photos.leclercdrive.fr/image.ashx?id=2147091&use=l&cat=p&typeid=i","cat":319787},{"id":17768,"n":"Boudins blancs au porto Tradilège x3 - 375g","p":3.89,"u":"10,37 €/KG","img":"https://fd2-photos.leclercdrive.fr/image.ashx?id=2252040&use=l&cat=p&typeid=i","cat":316012},{"id":17813,"n":"Détachant Texil avant lavage 500ml","p":1.75,"u":"3,50 €/L","img":"https://fd2-photos.leclercdrive.fr/image.ashx?id=2958708&use=l&cat=p&typeid=i","cat":284651},{"id":17845,"n":"Saumon crème fraîche Marie Fondue poireaux 400g","p":4.8,"u":"12,00 €/KG","img":"https://fd2-photos.leclercdrive.fr/image.ashx?id=2996785&use=l&cat=p&typeid=i","cat":319786},{"id":17899,"n":"Knacks pur porc Tradilège Fumées au bois x10 - 350g","p":1.52,"u":"4,34 €/KG","img":"https://fd2-photos.leclercdrive.fr/image.ashx?id=2448321&use=l&cat=p&typeid=i","cat":316012},{"id":17901,"n":"Macaroni d'Alsace NRT 250g","p":1.39,"u":"5,56 €/KG","img":"https://fd2-photos.leclercdrive.fr/image.ashx?id=1710794&use=l&cat=p&typeid=i","cat":284427},{"id":17917,"n":"Nettoyant canalisations Ouragan Fraîcheur mentholée - 1L","p":3.29,"u":"3,29 €/L","img":"https://fd2-photos.leclercdrive.fr/image.ashx?id=2367544&use=l&cat=p&typeid=i","cat":284662},{"id":17938,"n":"Flan nappé caramel Bio Bio Village - 4x125g","p":1.99,"u":"3,98 €/KG","img":"https://fd2-photos.leclercdrive.fr/image.ashx?id=2992627&use=l&cat=p&typeid=i","cat":284420},{"id":17969,"n":"Purée de fruit NATURNES Pomme pêche 4M+ - 4x130g","p":2.26,"u":"4,35 €/KG","img":"https://fd2-photos.leclercdrive.fr/image.ashx?id=2629644&use=l&cat=p&typeid=i","cat":312387},{"id":18002,"n":"Lait céréales Blédidej 12 mois Biscuité vanille - 4x250ml","p":3.4,"u":"3,40 €/L","img":"https://fd2-photos.leclercdrive.fr/image.ashx?id=2921034&use=l&cat=p&typeid=i","cat":312226},{"id":18070,"n":"Fromage frais bio Bio Village Fruits panachés - 12x50g","p":2.76,"u":"4,60 €/KG","img":"https://fd2-photos.leclercdrive.fr/image.ashx?id=2992630&use=l&cat=p&typeid=i","cat":284409},{"id":18096,"n":"Plat bébé Blédina 8 mois  Légumes saumon - 2x200g","p":2.68,"u":"6,70 €/KG","img":"https://fd2-photos.leclercdrive.fr/image.ashx?id=2975059&use=l&cat=p&typeid=i","cat":312236},{"id":18100,"n":"Lait céréales bébé Blédiner 12m Légumes soir - 2x250ml","p":1.82,"u":"3,64 €/L","img":"https://fd2-photos.leclercdrive.fr/image.ashx?id=2960144&use=l&cat=p&typeid=i","cat":312239},{"id":18124,"n":"Pêche poire cerise  Douceur du Verger - 4x70g","p":2.79,"u":"9,96 €/KG","img":"https://fd2-photos.leclercdrive.fr/image.ashx?id=2149378&use=l&cat=p&typeid=i","cat":284507},{"id":18207,"n":"Lingettes démaquillantes Inell x25","p":1.34,"u":"0,05 €/P","img":"https://fd2-photos.leclercdrive.fr/image.ashx?id=2769579&use=l&cat=p&typeid=i","cat":284603},{"id":18208,"n":"Lingettes démaquillantes Inell x25","p":1.34,"u":"0,05 €/P","img":"https://fd2-photos.leclercdrive.fr/image.ashx?id=2752622&use=l&cat=p&typeid=i","cat":284603},{"id":18218,"n":"Chipolatas Férial x6 - 330g","p":3.49,"u":"10,58 €/KG","img":"https://fd2-photos.leclercdrive.fr/image.ashx?id=2837096&use=l&cat=p&typeid=i","cat":284334},{"id":18219,"n":"Merguez Férial x6 - 330g","p":5.19,"u":"15,73 €/KG","img":"https://fd2-photos.leclercdrive.fr/image.ashx?id=2840019&use=l&cat=p&typeid=i","cat":284334},{"id":18221,"n":"Lardons supérieurs Tradilège Nature - 2x100g","p":1.85,"u":"9,25 €/KG","img":"https://fd2-photos.leclercdrive.fr/image.ashx?id=2933340&use=l&cat=p&typeid=i","cat":316011},{"id":18223,"n":"Lardons supérieurs Tradilège Fumés - 2x100g","p":1.85,"u":"9,25 €/KG","img":"https://fd2-photos.leclercdrive.fr/image.ashx?id=2933343&use=l&cat=p&typeid=i","cat":316011},{"id":18224,"n":"Allumettes Tradilège Nature - 2x100g","p":1.75,"u":"8,75 €/KG","img":"https://fd2-photos.leclercdrive.fr/image.ashx?id=2933349&use=l&cat=p&typeid=i","cat":316011},{"id":18225,"n":"Allumettes Tradilège Fumées - 2x100g","p":1.75,"u":"8,75 €/KG","img":"https://fd2-photos.leclercdrive.fr/image.ashx?id=2933346&use=l&cat=p&typeid=i","cat":316011},{"id":18231,"n":"Poitrine fumée Tradilège 4 tranches 300 gr","p":4.65,"u":"15,50 €/KG","img":"https://fd2-photos.leclercdrive.fr/image.ashx?id=2852273&use=l&cat=p&typeid=i","cat":316011},{"id":18232,"n":"Poitrine nature Tradilège 1/2 sel 4 tranches 300g","p":4.65,"u":"15,50 €/KG","img":"https://fd2-photos.leclercdrive.fr/image.ashx?id=2854267&use=l&cat=p&typeid=i","cat":316011},{"id":18233,"n":"Poitrine Fumée Tradilège Tranches fines - 2x7T - 200g","p":2.48,"u":"12,40 €/KG","img":"https://fd2-photos.leclercdrive.fr/image.ashx?id=2852267&use=l&cat=p&typeid=i","cat":316011},{"id":18234,"n":"Jambon blanc Tradilège A l'italienne 4 tranches 120g","p":2.19,"u":"18,25 €/KG","img":"https://fd2-photos.leclercdrive.fr/image.ashx?id=2984182&use=l&cat=p&typeid=i","cat":316009},{"id":18235,"n":"Mousse de foie Tradilège Supérieure 180g","p":1.24,"u":"6,89 €/KG","img":"https://fd2-photos.leclercdrive.fr/image.ashx?id=2693147&use=l&cat=p&typeid=i","cat":316008},{"id":18236,"n":"Mousse de foie Tradilège 2x50g","p":0.99,"u":"9,90 €/KG","img":"https://fd2-photos.leclercdrive.fr/image.ashx?id=2930736&use=l&cat=p&typeid=i","cat":316008},{"id":18238,"n":"Mousse de canard Tradilège 180g","p":1.16,"u":"6,44 €/KG","img":"https://fd2-photos.leclercdrive.fr/image.ashx?id=2994360&use=l&cat=p&typeid=i","cat":316008},{"id":18240,"n":"Mousse de canard Tradilège 2x50g","p":1.09,"u":"10,90 €/KG","img":"https://fd2-photos.leclercdrive.fr/image.ashx?id=2998886&use=l&cat=p&typeid=i","cat":316008},{"id":18241,"n":"Pâté de campagne Tradilège Supérieur 180g","p":1.25,"u":"6,94 €/KG","img":"https://fd2-photos.leclercdrive.fr/image.ashx?id=2844848&use=l&cat=p&typeid=i","cat":316008},{"id":18245,"n":"Rillettes du Mans Tradilège 220g","p":1.45,"u":"6,59 €/KG","img":"https://fd2-photos.leclercdrive.fr/image.ashx?id=2548124&use=l&cat=p&typeid=i","cat":316008},{"id":18250,"n":"Saucisses Francfort Tradilège x4 240g","p":2.07,"u":"8,63 €/KG","img":"https://fd2-photos.leclercdrive.fr/image.ashx?id=2905955&use=l&cat=p&typeid=i","cat":316012},{"id":18251,"n":"Knacks Tradilège Fumées au bois - x4 - 140g","p":1.05,"u":"7,50 €/KG","img":"https://fd2-photos.leclercdrive.fr/image.ashx?id=2930739&use=l&cat=p&typeid=i","cat":316012},{"id":18252,"n":"Knacks Tradilège Fumées au bois - x6 - 210g","p":1.38,"u":"6,57 €/KG","img":"https://fd2-photos.leclercdrive.fr/image.ashx?id=2448318&use=l&cat=p&typeid=i","cat":316012},{"id":18257,"n":"Saucisses Cocktail Tradilège 400g","p":2.82,"u":"7,05 €/KG","img":"https://fd2-photos.leclercdrive.fr/image.ashx?id=2659082&use=l&cat=p&typeid=i","cat":316012},{"id":18258,"n":"Saucisse Tradilège Mini Knacks Pot micro ondable 200g","p":2.59,"u":"12,95 €/KG","img":"https://fd2-photos.leclercdrive.fr/image.ashx?id=2930921&use=l&cat=p&typeid=i","cat":316012},{"id":18259,"n":"Saucisson à l'ail Tradilège Fumé - 300g","p":2.08,"u":"6,93 €/KG","img":"https://fd2-photos.leclercdrive.fr/image.ashx?id=2930742&use=l&cat=p&typeid=i","cat":316006},{"id":18262,"n":"Cervelas supérieur Tradilège 300g","p":2.1,"u":"7,00 €/KG","img":"https://fd2-photos.leclercdrive.fr/image.ashx?id=2421636&use=l&cat=p&typeid=i","cat":316012},{"id":18263,"n":"Andouillettes Tradilège Nature x3 420g","p":4.09,"u":"9,74 €/KG","img":"https://fd2-photos.leclercdrive.fr/image.ashx?id=2728282&use=l&cat=p&typeid=i","cat":316012},{"id":18264,"n":"Andouillettes herbes Tradilège x3 420g","p":4.79,"u":"11,40 €/KG","img":"https://fd2-photos.leclercdrive.fr/image.ashx?id=2728285&use=l&cat=p&typeid=i","cat":316012},{"id":18266,"n":"Dés de jambon Tradilège 2x75g","p":1.49,"u":"9,93 €/KG","img":"https://fd2-photos.leclercdrive.fr/image.ashx?id=2925732&use=l&cat=p&typeid=i","cat":316011},{"id":18267,"n":"Allumettes de jambon Tradilège 2x75g","p":1.05,"u":"7,00 €/KG","img":"https://fd2-photos.leclercdrive.fr/image.ashx?id=2925716&use=l&cat=p&typeid=i","cat":316011},{"id":18268,"n":"Rôti de porc Tradilège 4 tranches 160g","p":2.14,"u":"13,38 €/KG","img":"https://fd2-photos.leclercdrive.fr/image.ashx?id=2984173&use=l&cat=p&typeid=i","cat":316009},{"id":18272,"n":"Mini Boudins Noirs Antillais Tradilège x6 - 375g","p":4.0,"u":"10,67 €/KG","img":"https://fd2-photos.leclercdrive.fr/image.ashx?id=2852276&use=l&cat=p&typeid=i","cat":316012},{"id":18275,"n":"Blanc de poulet Tradilège x2 tranches - 80g","p":0.99,"u":"12,38 €/KG","img":"https://fd2-photos.leclercdrive.fr/image.ashx?id=2930751&use=l&cat=p&typeid=i","cat":316010},{"id":18279,"n":"Dés de poulet Tradilège 2x75g","p":2.82,"u":"18,80 €/KG","img":"https://fd2-photos.leclercdrive.fr/image.ashx?id=2984185&use=l&cat=p&typeid=i","cat":316011},{"id":18282,"n":"Saucisse de volaille Tradilège x6 210g","p":1.38,"u":"6,57 €/KG","img":"https://fd2-photos.leclercdrive.fr/image.ashx?id=2616069&use=l&cat=p&typeid=i","cat":316012},{"id":18287,"n":"Céréales Extra Kellogg's Chocolat au lait - 500g","p":3.24,"u":"6,48 €/KG","img":"https://fd2-photos.leclercdrive.fr/image.ashx?id=2692707&use=l&cat=p&typeid=i","cat":309512},{"id":18347,"n":"Porc : Paupiette Férial x6 780g","p":11.17,"u":"14,32 €/KG","img":"https://fd2-photos.leclercdrive.fr/image.ashx?id=2852291&use=l&cat=p&typeid=i","cat":284331},{"id":18351,"n":"Fromage à tartiner Les Croisés Nature - 25%mg - 150g","p":1.24,"u":"8,27 €/KG","img":"https://fd2-photos.leclercdrive.fr/image.ashx?id=1971010&use=l&cat=p&typeid=i","cat":314029},{"id":18353,"n":"Mini viennoiseries 12p","p":3.95,"u":"0,33 €/P","img":"https://fd2-photos.leclercdrive.fr/image.ashx?id=599241&use=l&cat=p&typeid=i","cat":284984},{"id":18362,"n":"Biscuit bébé Blédina 10 mois Boudoir - 120g","p":1.83,"u":"15,25 €/KG","img":"https://fd2-photos.leclercdrive.fr/image.ashx?id=2801114&use=l&cat=p&typeid=i","cat":312227},{"id":18364,"n":"Haricots rouges D'aucy  250g","p":1.07,"u":"4,28 €/KG","img":"https://fd2-photos.leclercdrive.fr/image.ashx?id=2538434&use=l&cat=p&typeid=i","cat":312606},{"id":18408,"n":"Thon entier Pêche Océan Naturel - 140g","p":1.9,"u":"13,57 €/KG","img":"https://fd2-photos.leclercdrive.fr/image.ashx?id=2942187&use=l&cat=p&typeid=i","cat":303867},{"id":18409,"n":"Thon entier Pêche Océan Naturel - 93g","p":1.39,"u":"14,95 €/KG","img":"https://fd2-photos.leclercdrive.fr/image.ashx?id=2943635&use=l&cat=p&typeid=i","cat":303867},{"id":18437,"n":"Allumettes Bacon Tradilège Fumées - 2x100g","p":1.74,"u":"8,70 €/KG","img":"https://fd2-photos.leclercdrive.fr/image.ashx?id=2905952&use=l&cat=p&typeid=i","cat":316011},{"id":18441,"n":"Pur jus de fruits Jafaden Mandarine - 1L","p":2.39,"u":"2,39 €/L","img":"https://fd2-photos.leclercdrive.fr/image.ashx?id=2956044&use=l&cat=p&typeid=i","cat":284915},{"id":18448,"n":"Mousse de canard Tradilège 220g","p":2.29,"u":"10,41 €/KG","img":"https://fd2-photos.leclercdrive.fr/image.ashx?id=2580409&use=l&cat=p&typeid=i","cat":316008},{"id":18577,"n":"Papier toilette Mimosa Blanc - Ultra doux - x24","p":4.33,"u":"0,18 €/P","img":"https://fd2-photos.leclercdrive.fr/image.ashx?id=2796488&use=l&cat=p&typeid=i","cat":284634},{"id":18595,"n":"Saucisse Strasbourg Bio Village bio x4 - 180g","p":2.98,"u":"16,56 €/KG","img":"https://fd2-photos.leclercdrive.fr/image.ashx?id=2362294&use=l&cat=p&typeid=i","cat":316012},{"id":18598,"n":"Yaourts à la Grecque Délisse Mûre Framboise - 4x150g","p":1.99,"u":"3,32 €/KG","img":"https://fd2-photos.leclercdrive.fr/image.ashx?id=2699441&use=l&cat=p&typeid=i","cat":314999},{"id":18669,"n":"Snacks Tokapi 4 saveurs - 100g","p":0.87,"u":"8,70 €/KG","img":"https://fd2-photos.leclercdrive.fr/image.ashx?id=2884234&use=l&cat=p&typeid=i","cat":284449},{"id":18670,"n":"Tuiles Tokapi Bacon - 170g","p":1.39,"u":"8,18 €/KG","img":"https://fd2-photos.leclercdrive.fr/image.ashx?id=2657205&use=l&cat=p&typeid=i","cat":287899},{"id":18671,"n":"Tuiles Tokapi Paprika - 170g","p":1.35,"u":"7,94 €/KG","img":"https://fd2-photos.leclercdrive.fr/image.ashx?id=2632852&use=l&cat=p&typeid=i","cat":287899},{"id":18723,"n":"Boulettes provençale Férial x12 - 300g","p":5.05,"u":"16,83 €/KG","img":"https://fd2-photos.leclercdrive.fr/image.ashx?id=2816627&use=l&cat=p&typeid=i","cat":284332},{"id":18729,"n":"Crêpes fraîches x10 - 420g","p":4.98,"u":"11,86 €/KG","img":"https://fd2-photos.leclercdrive.fr/image.ashx?id=2954878&use=l&cat=p&typeid=i","cat":284494},{"id":18746,"n":"Pavés de boeuf à l'échalote Férial x2 - 240g","p":6.35,"u":"26,46 €/KG","img":"https://fd2-photos.leclercdrive.fr/image.ashx?id=2854273&use=l&cat=p&typeid=i","cat":284328},{"id":18747,"n":"Pavés de boeuf marinés 3 poivre Férial x2 - 240g","p":6.3,"u":"26,25 €/KG","img":"https://fd2-photos.leclercdrive.fr/image.ashx?id=2854276&use=l&cat=p&typeid=i","cat":284328},{"id":18953,"n":"Thon entier Pêche Océan Naturel - 186g","p":2.5,"u":"13,44 €/KG","img":"https://fd2-photos.leclercdrive.fr/image.ashx?id=2942193&use=l&cat=p&typeid=i","cat":303867},{"id":18983,"n":"Crème glacée Eskiss Noix de coco - 494g","p":2.82,"u":"5,71 €/KG","img":"https://fd2-photos.leclercdrive.fr/image.ashx?id=2982607&use=l&cat=p&typeid=i","cat":284263},{"id":18996,"n":"Confiture Bonne Maman 4 fruits rouges - 370g","p":2.35,"u":"6,35 €/KG","img":"https://fd2-photos.leclercdrive.fr/image.ashx?id=2547474&use=l&cat=p&typeid=i","cat":284480},{"id":19022,"n":"Sirop Frucci Orange - 1L","p":4.26,"u":"4,26 €/L","img":"https://fd2-photos.leclercdrive.fr/image.ashx?id=2954070&use=l&cat=p&typeid=i","cat":295020},{"id":19023,"n":"Sirop Frucci Citron - 1L","p":2.04,"u":"2,04 €/L","img":"https://fd2-photos.leclercdrive.fr/image.ashx?id=2955656&use=l&cat=p&typeid=i","cat":295020},{"id":19066,"n":"Vodka Poliakov 37,5%vol - 1L","p":15.82,"u":"15,82 €/L","img":"https://fd2-photos.leclercdrive.fr/image.ashx?id=2576916&use=l&cat=p&typeid=i","cat":284550},{"id":19098,"n":"Cookies gros éclats Granola Chocolat - 184g","p":1.76,"u":"9,57 €/KG","img":"https://fd2-photos.leclercdrive.fr/image.ashx?id=2996413&use=l&cat=p&typeid=i","cat":325066},{"id":19102,"n":"Croquettes chat Purina One Stérilisé-Saumon/Céréales-1,5kg","p":6.81,"u":"4,54 €/KG","img":"https://fd2-photos.leclercdrive.fr/image.ashx?id=2541268&use=l&cat=p&typeid=i","cat":284680},{"id":19110,"n":"Boeuf Bourguignon Côté Table 300g","p":2.05,"u":"6,83 €/KG","img":"https://fd2-photos.leclercdrive.fr/image.ashx?id=2517679&use=l&cat=p&typeid=i","cat":284953},{"id":19116,"n":"Céréales croustillants Bio bjorg  chocolat noir - 500g","p":3.03,"u":"6,06 €/KG","img":"https://fd2-photos.leclercdrive.fr/image.ashx?id=2972967&use=l&cat=p&typeid=i","cat":309512},{"id":19122,"n":"Confiture bio Comtes Provence Fraise - 350g","p":3.47,"u":"9,91 €/KG","img":"https://fd2-photos.leclercdrive.fr/image.ashx?id=2316063&use=l&cat=p&typeid=i","cat":284480},{"id":19138,"n":"Semoule Couscous Bio Village Semi complet Bio - 500g","p":1.95,"u":"3,90 €/KG","img":"https://fd2-photos.leclercdrive.fr/image.ashx?id=2814217&use=l&cat=p&typeid=i","cat":284429},{"id":19146,"n":"Cappelletti bio Céréal Bio tofu et Chèvre express-220g","p":1.85,"u":"8,41 €/KG","img":"https://fd2-photos.leclercdrive.fr/image.ashx?id=2642372&use=l&cat=p&typeid=i","cat":287600},{"id":19150,"n":"Compotes Andros Délice de rhubarbe - 4x100g","p":2.17,"u":"5,43 €/KG","img":"https://fd2-photos.leclercdrive.fr/image.ashx?id=2845461&use=l&cat=p&typeid=i","cat":284416},{"id":19152,"n":"Huile d'olive Bio Soleou Vierge extra fruttato - 75cl","p":9.78,"u":"13,04 €/L","img":"https://fd2-photos.leclercdrive.fr/image.ashx?id=2732614&use=l&cat=p&typeid=i","cat":284453},{"id":19155,"n":"Farine de blé Bio Francine 1kg","p":1.9,"u":"1,90 €/KG","img":"https://fd2-photos.leclercdrive.fr/image.ashx?id=2989117&use=l&cat=p&typeid=i","cat":284503},{"id":19199,"n":"Pain de mie La Boulangère à la  Farine complète Bio - 500g","p":1.96,"u":"3,92 €/KG","img":"https://fd2-photos.leclercdrive.fr/image.ashx?id=2912386&use=l&cat=p&typeid=i","cat":284477},{"id":19202,"n":"Galettes bio Bio Village 4 céréales x17 - 130g","p":0.99,"u":"7,62 €/KG","img":"https://fd2-photos.leclercdrive.fr/image.ashx?id=2816154&use=l&cat=p&typeid=i","cat":318651},{"id":19211,"n":"Lentilles Préparées Cassegrain Tendres et Fondants 265g","p":1.65,"u":"6,23 €/KG","img":"https://fd2-photos.leclercdrive.fr/image.ashx?id=2952460&use=l&cat=p&typeid=i","cat":312609},{"id":19231,"n":"Petit Pois Cassegrain Tendres et Fondants 140g","p":1.3,"u":"9,29 €/KG","img":"https://fd2-photos.leclercdrive.fr/image.ashx?id=2912974&use=l&cat=p&typeid=i","cat":312607},{"id":19232,"n":"Printanière Cassegrain Carotte, Petit Pois, Champignon - 265g","p":2.07,"u":"7,81 €/KG","img":"https://fd2-photos.leclercdrive.fr/image.ashx?id=2913001&use=l&cat=p&typeid=i","cat":312612},{"id":19239,"n":"Fruits au sirop St Mamet Pêches - 475g","p":2.8,"u":"5,89 €/KG","img":"https://fd2-photos.leclercdrive.fr/image.ashx?id=2630217&use=l&cat=p&typeid=i","cat":284507},{"id":19240,"n":"Fruits au sirop St Mamet Poires Williams - 465g","p":3.32,"u":"7,14 €/KG","img":"https://fd2-photos.leclercdrive.fr/image.ashx?id=2630223&use=l&cat=p&typeid=i","cat":284507},{"id":19255,"n":"Croquettes chat Purina One Light Adulte -Poulet/Blé -1,5kg","p":7.15,"u":"4,77 €/KG","img":"https://fd2-photos.leclercdrive.fr/image.ashx?id=2432010&use=l&cat=p&typeid=i","cat":284680},{"id":19256,"n":"Croquettes chat Purina One Adulte d'intérieur-Dinde -1,5kg","p":6.95,"u":"4,63 €/KG","img":"https://fd2-photos.leclercdrive.fr/image.ashx?id=2902271&use=l&cat=p&typeid=i","cat":284680},{"id":19257,"n":"Croquettes chat Purina One Sensible Adulte-Dinde/Riz-450g","p":2.62,"u":"5,82 €/KG","img":"https://fd2-photos.leclercdrive.fr/image.ashx?id=2459658&use=l&cat=p&typeid=i","cat":284680},{"id":19279,"n":"Sucre de canne Daddy En morceaux - 1kg","p":2.09,"u":"2,09 €/KG","img":"https://fd2-photos.leclercdrive.fr/image.ashx?id=2908576&use=l&cat=p&typeid=i","cat":284502},{"id":19284,"n":"Huile pépins de raisin Cauvin 1l","p":7.2,"u":"7,20 €/L","img":"https://fd2-photos.leclercdrive.fr/image.ashx?id=2479234&use=l&cat=p&typeid=i","cat":284453},{"id":19285,"n":"Sauce crudités Rustica Fines herbes - 50cl","p":0.88,"u":"1,76 €/L","img":"https://fd2-photos.leclercdrive.fr/image.ashx?id=1972916&use=l&cat=p&typeid=i","cat":284456},{"id":19293,"n":"Lait céréales bébé Blédiner 12m Carotte pois soir - 2x250ml","p":1.75,"u":"3,50 €/L","img":"https://fd2-photos.leclercdrive.fr/image.ashx?id=2949856&use=l&cat=p&typeid=i","cat":312239},{"id":19296,"n":"Gressins Tokapi Sésame - 125g","p":1.17,"u":"9,36 €/KG","img":"https://fd2-photos.leclercdrive.fr/image.ashx?id=1993574&use=l&cat=p&typeid=i","cat":297000},{"id":19297,"n":"Lait céréales bébé Blédiner 6m Potiron soir - 2x250ml","p":1.79,"u":"3,58 €/L","img":"https://fd2-photos.leclercdrive.fr/image.ashx?id=2960141&use=l&cat=p&typeid=i","cat":312239},{"id":19298,"n":"Gressins Tokapi  Huile d'olive romarin - 125g","p":1.41,"u":"11,28 €/KG","img":"https://fd2-photos.leclercdrive.fr/image.ashx?id=1993577&use=l&cat=p&typeid=i","cat":297000},{"id":19301,"n":"Céréales Tipiak Méditerranéennes 2x200g","p":1.85,"u":"4,63 €/KG","img":"https://fd2-photos.leclercdrive.fr/image.ashx?id=2766253&use=l&cat=p&typeid=i","cat":284429},{"id":19304,"n":"Mini farfalle Turini 500g","p":1.26,"u":"2,52 €/KG","img":"https://fd2-photos.leclercdrive.fr/image.ashx?id=2607494&use=l&cat=p&typeid=i","cat":284427},{"id":19305,"n":"Pâtes Spaghetti Panzani 3 Minutes - 500G","p":1.09,"u":"2,18 €/KG","img":"https://fd2-photos.leclercdrive.fr/image.ashx?id=3008035&use=l&cat=p&typeid=i","cat":284427},{"id":19308,"n":"Epices pour guacamole Old el paso - 20g","p":1.13,"u":"56,50 €/KG","img":"https://fd2-photos.leclercdrive.fr/image.ashx?id=2858168&use=l&cat=p&typeid=i","cat":288993},{"id":19313,"n":"Tartelettes Bonne Maman A la framboise étui 135g","p":1.37,"u":"10,15 €/KG","img":"https://fd2-photos.leclercdrive.fr/image.ashx?id=2984383&use=l&cat=p&typeid=i","cat":284489},{"id":19319,"n":"Cookies Eco+ Pépites de chocolat - 200g","p":0.92,"u":"4,60 €/KG","img":"https://fd2-photos.leclercdrive.fr/image.ashx?id=2821875&use=l&cat=p&typeid=i","cat":325066},{"id":19347,"n":"Allume-feu Silex liquide 1L","p":2.86,"u":"2,86 €/L","img":"https://fd2-photos.leclercdrive.fr/image.ashx?id=1792447&use=l&cat=p&typeid=i","cat":300578},{"id":19353,"n":"Mao Croqui Haribo Sachet bonbons - 250g","p":1.38,"u":"5,52 €/KG","img":"https://fd2-photos.leclercdrive.fr/image.ashx?id=2805192&use=l&cat=p&typeid=i","cat":304250},{"id":19356,"n":"Infusion bio Jardin Bio Thym Menthe - x20 sachets - 30g","p":2.14,"u":"71,33 €/KG","img":"https://fd2-photos.leclercdrive.fr/image.ashx?id=2792654&use=l&cat=p&typeid=i","cat":293234},{"id":19364,"n":"Madeleines extra Ker Cadélac Coquilles moelleuses x24 - 600g","p":3.12,"u":"5,20 €/KG","img":"https://fd2-photos.leclercdrive.fr/image.ashx?id=2939511&use=l&cat=p&typeid=i","cat":284492},{"id":19366,"n":"Barres céréales Grany Chocolat - 125g","p":1.77,"u":"14,16 €/KG","img":"https://fd2-photos.leclercdrive.fr/image.ashx?id=2773613&use=l&cat=p&typeid=i","cat":285869},{"id":19386,"n":"Méli mélo céréales lég Tipiak 330g","p":2.1,"u":"6,36 €/KG","img":"https://fd2-photos.leclercdrive.fr/image.ashx?id=2563715&use=l&cat=p&typeid=i","cat":284429},{"id":19393,"n":"Café moulu Eco+ Décaféiné - 250g","p":2.63,"u":"10,52 €/KG","img":"https://fd2-photos.leclercdrive.fr/image.ashx?id=2124585&use=l&cat=p&typeid=i","cat":284750},{"id":19408,"n":"Soupe Velouté Bio Village Bio Légumes verts - 1L","p":2.42,"u":"2,42 €/L","img":"https://fd2-photos.leclercdrive.fr/image.ashx?id=2352237&use=l&cat=p&typeid=i","cat":284462},{"id":19411,"n":"Compote Allégée en sucres Eco+ Coupelle pomme - 4x100g","p":0.55,"u":"1,38 €/KG","img":"https://fd2-photos.leclercdrive.fr/image.ashx?id=2953188&use=l&cat=p&typeid=i","cat":284508},{"id":19418,"n":"Pâtes serpentini Turini 500g","p":0.84,"u":"1,68 €/KG","img":"https://fd2-photos.leclercdrive.fr/image.ashx?id=2744231&use=l&cat=p&typeid=i","cat":284427},{"id":19420,"n":"Pâtes Torsades Turini Nature tomate épinard - 500g","p":1.1,"u":"2,20 €/KG","img":"https://fd2-photos.leclercdrive.fr/image.ashx?id=2607485&use=l&cat=p&typeid=i","cat":284427},{"id":19424,"n":"Spaghetti Turini Au blé complet - 500g","p":0.95,"u":"1,90 €/KG","img":"https://fd2-photos.leclercdrive.fr/image.ashx?id=2607497&use=l&cat=p&typeid=i","cat":284427},{"id":19427,"n":"Pâtes penne Turini Blé complet - 500g","p":1.0,"u":"2,00 €/KG","img":"https://fd2-photos.leclercdrive.fr/image.ashx?id=2607500&use=l&cat=p&typeid=i","cat":284427},{"id":19432,"n":"Pains au chocolat Eco+ x10 - 450g","p":1.55,"u":"3,44 €/KG","img":"https://fd2-photos.leclercdrive.fr/image.ashx?id=2927833&use=l&cat=p&typeid=i","cat":296366},{"id":19433,"n":"Pain au lait Eco+ x10 - 400g","p":1.03,"u":"2,58 €/KG","img":"https://fd2-photos.leclercdrive.fr/image.ashx?id=2643578&use=l&cat=p&typeid=i","cat":293505},{"id":19435,"n":"Barres de céréales Special K Kellogg's Chocolat lait - 6x20g","p":2.14,"u":"17,83 €/KG","img":"https://fd2-photos.leclercdrive.fr/image.ashx?id=2306366&use=l&cat=p&typeid=i","cat":285869},{"id":19459,"n":"Flageolets cuisinés Roquelaure A l'auvergnate - 820g","p":2.12,"u":"2,59 €/KG","img":"https://fd2-photos.leclercdrive.fr/image.ashx?id=2928399&use=l&cat=p&typeid=i","cat":312606},{"id":19463,"n":"Sticks dentaires Lydog Moyen chien - x7 - 180g","p":1.39,"u":"7,72 €/KG","img":"https://fd2-photos.leclercdrive.fr/image.ashx?id=1878598&use=l&cat=p&typeid=i","cat":294527},{"id":19471,"n":"Mélange Le Sélect Vico Graines variées - 100g","p":2.09,"u":"20,90 €/KG","img":"https://fd2-photos.leclercdrive.fr/image.ashx?id=2569839&use=l&cat=p&typeid=i","cat":284448},{"id":19473,"n":"Assiettes rondes Homeside Biodégradables 23cm x25","p":3.3,"img":"https://fd2-photos.leclercdrive.fr/image.ashx?id=1659687&use=l&cat=p&typeid=i","cat":334134},{"id":19487,"n":"Cassoulet Toulousain   Raynal Et Roquelaure - 840g","p":4.27,"u":"5,08 €/KG","img":"https://fd2-photos.leclercdrive.fr/image.ashx?id=2928387&use=l&cat=p&typeid=i","cat":284440},{"id":19491,"n":"Couscous tunisien Côté Table Kefta merguez - 300g","p":2.19,"u":"7,30 €/KG","img":"https://fd2-photos.leclercdrive.fr/image.ashx?id=2499498&use=l&cat=p&typeid=i","cat":284953},{"id":19493,"n":"Colin d'alaska Côté Table Barquette micro-ondable 300g","p":1.99,"u":"6,63 €/KG","img":"https://fd2-photos.leclercdrive.fr/image.ashx?id=2770311&use=l&cat=p&typeid=i","cat":284953},{"id":19496,"n":"Saumon et riz individuel William Saurin - 300g","p":3.15,"u":"10,50 €/KG","img":"https://fd2-photos.leclercdrive.fr/image.ashx?id=2906283&use=l&cat=p&typeid=i","cat":284953},{"id":19542,"n":"Filets de saumon rose Findus Pacifique - MSC - x4 - 400g","p":10.49,"u":"26,23 €/KG","img":"https://fd2-photos.leclercdrive.fr/image.ashx?id=2735326&use=l&cat=p&typeid=i","cat":319786},{"id":19575,"n":"Lait démaquillant Inell Douceur 250ml","p":1.59,"u":"6,36 €/L","img":"https://fd2-photos.leclercdrive.fr/image.ashx?id=2691622&use=l&cat=p&typeid=i","cat":284603},{"id":19622,"n":"Soupe Minestrone Régal Soupe Déshydratée - 104g","p":0.68,"u":"6,54 €/KG","img":"https://fd2-photos.leclercdrive.fr/image.ashx?id=2663275&use=l&cat=p&typeid=i","cat":284463},{"id":19625,"n":"Mini goûters P'tit Déli Fraise 168g","p":1.13,"u":"6,73 €/KG","img":"https://fd2-photos.leclercdrive.fr/image.ashx?id=2310498&use=l&cat=p&typeid=i","cat":284489},{"id":19633,"n":"Soufflés Tornades Tokapi Nature - 85g","p":0.69,"u":"8,12 €/KG","img":"https://fd2-photos.leclercdrive.fr/image.ashx?id=1855969&use=l&cat=p&typeid=i","cat":284449},{"id":19635,"n":"Soufflés Tornades Tokapi Bacon - 85g","p":0.68,"u":"8,00 €/KG","img":"https://fd2-photos.leclercdrive.fr/image.ashx?id=1855966&use=l&cat=p&typeid=i","cat":284449},{"id":19645,"n":"Mini-crêpes fourrées Tokapi Cheddar - 65g","p":1.99,"u":"30,62 €/KG","img":"https://fd2-photos.leclercdrive.fr/image.ashx?id=2499082&use=l&cat=p&typeid=i","cat":297000},{"id":19660,"n":"Cordons bleus Pic'Express Au poulet 4x100g","p":3.63,"u":"9,08 €/KG","img":"https://fd2-photos.leclercdrive.fr/image.ashx?id=2852949&use=l&cat=p&typeid=i","cat":319780},{"id":19684,"n":"tofu nature bio bjorg  - 2x200g","p":2.59,"u":"6,48 €/KG","img":"https://fd2-photos.leclercdrive.fr/image.ashx?id=2907979&use=l&cat=p&typeid=i","cat":284953},{"id":19699,"n":"Sucre pure canne blond Beghin Say - 1kg","p":2.99,"u":"2,99 €/KG","img":"https://fd2-photos.leclercdrive.fr/image.ashx?id=2977321&use=l&cat=p&typeid=i","cat":284502},{"id":19700,"n":"Sucre spécial confiture Daddy 1kg","p":1.83,"u":"1,83 €/KG","img":"https://fd2-photos.leclercdrive.fr/image.ashx?id=2975858&use=l&cat=p&typeid=i","cat":284502},{"id":19702,"n":"Sucre en poudre Béghin Say 750g","p":1.72,"u":"2,29 €/KG","img":"https://fd2-photos.leclercdrive.fr/image.ashx?id=2866352&use=l&cat=p&typeid=i","cat":284502},{"id":19715,"n":"Tarama oeufs de cabillaud Blini 100g","p":1.32,"u":"13,20 €/KG","img":"https://fd2-photos.leclercdrive.fr/image.ashx?id=2640479&use=l&cat=p&typeid=i","cat":316032},{"id":19719,"n":"Yaourts Lait entier Bio Village Bio Vanille - 4x125g","p":1.27,"u":"2,54 €/KG","img":"https://fd2-photos.leclercdrive.fr/image.ashx?id=2702336&use=l&cat=p&typeid=i","cat":286006},{"id":19729,"n":"Biscuit P'tit Déli Palmiers Chocolat au lait 110g","p":1.25,"u":"11,36 €/KG","img":"https://fd2-photos.leclercdrive.fr/image.ashx?id=2573403&use=l&cat=p&typeid=i","cat":284488},{"id":19732,"n":"Les p'tites spirales P'tit Déli Chocolat  x6 - 150g","p":1.35,"u":"9,00 €/KG","img":"https://fd2-photos.leclercdrive.fr/image.ashx?id=2660422&use=l&cat=p&typeid=i","cat":284495},{"id":19743,"n":"Déodorant atomiseur Carré Homme Musc 200ml","p":1.35,"u":"6,75 €/L","img":"https://fd2-photos.leclercdrive.fr/image.ashx?id=2375998&use=l&cat=p&typeid=i","cat":284618},{"id":19744,"n":"Déodorant atomiseur Carré Homme Marine 200ml","p":1.35,"u":"6,75 €/L","img":"https://fd2-photos.leclercdrive.fr/image.ashx?id=2390707&use=l&cat=p&typeid=i","cat":284618},{"id":19758,"n":"Essuie-tout Bobine Uni Vert Compact - 500 feuilles x1","p":4.5,"img":"https://fd2-photos.leclercdrive.fr/image.ashx?id=2684826&use=l&cat=p&typeid=i","cat":284635},{"id":19796,"n":"Papier aluminium Elembal 30m","p":2.76,"img":"https://fd2-photos.leclercdrive.fr/image.ashx?id=2940905&use=l&cat=p&typeid=i","cat":334134},{"id":19856,"n":"Pâtes Barilla Coquillettes - 1kg","p":1.8,"u":"1,80 €/KG","img":"https://fd2-photos.leclercdrive.fr/image.ashx?id=2392230&use=l&cat=p&typeid=i","cat":284427},{"id":19868,"n":"Gâteau de riz Délisse 500g","p":1.79,"u":"3,58 €/KG","img":"https://fd2-photos.leclercdrive.fr/image.ashx?id=2938415&use=l&cat=p&typeid=i","cat":284418},{"id":19870,"n":"Riz au lait la Laitière Saveur vanille - 500g","p":1.75,"u":"3,50 €/KG","img":"https://fd2-photos.leclercdrive.fr/image.ashx?id=2692716&use=l&cat=p&typeid=i","cat":284418},{"id":19874,"n":"Clafoutis La Laitière Aux cerises - 4x85g","p":2.49,"u":"7,32 €/KG","img":"https://fd2-photos.leclercdrive.fr/image.ashx?id=2628230&use=l&cat=p&typeid=i","cat":284419},{"id":19875,"n":"Clafoutis La Laitière Aux abricots - 4x85g","p":2.66,"u":"7,82 €/KG","img":"https://fd2-photos.leclercdrive.fr/image.ashx?id=3007975&use=l&cat=p&typeid=i","cat":284419},{"id":19877,"n":"Mozzarella Spécial Cuisine Les Croisés - 400g","p":2.94,"u":"7,35 €/KG","img":"https://fd2-photos.leclercdrive.fr/image.ashx?id=2992531&use=l&cat=p&typeid=i","cat":314026},{"id":19879,"n":"Liégois Délisse Framboise - 4x100g","p":1.69,"u":"4,23 €/KG","img":"https://fd2-photos.leclercdrive.fr/image.ashx?id=2694280&use=l&cat=p&typeid=i","cat":285042},{"id":19881,"n":"Dés Salakis herbes de Provence Fromage brebis - 300g","p":3.35,"u":"11,17 €/KG","img":"https://fd2-photos.leclercdrive.fr/image.ashx?id=2729686&use=l&cat=p&typeid=i","cat":314026},{"id":19909,"n":"Yaourts Lait entier Bio Village Bio Vanille - 12x125g","p":3.27,"u":"2,18 €/KG","img":"https://fd2-photos.leclercdrive.fr/image.ashx?id=2032376&use=l&cat=p&typeid=i","cat":286006},{"id":19913,"n":"Mousse liégeoise Viennois  Chocolat - 4x90g","p":1.65,"u":"4,58 €/KG","img":"https://fd2-photos.leclercdrive.fr/image.ashx?id=2785172&use=l&cat=p&typeid=i","cat":285042},{"id":19933,"n":"Pizza Crousti-moelleuse Marie Royale - 3x400g","p":6.89,"u":"5,74 €/KG","img":"https://fd2-photos.leclercdrive.fr/image.ashx?id=2996800&use=l&cat=p&typeid=i","cat":284256},{"id":19935,"n":"Pizza Crousti-moelleuse Marie 4 fromages - 3x390g","p":6.31,"u":"5,39 €/KG","img":"https://fd2-photos.leclercdrive.fr/image.ashx?id=2996803&use=l&cat=p&typeid=i","cat":284256},{"id":19941,"n":"Pur jus d'orange Jafaden Avec pulpe - 1L","p":2.45,"u":"2,45 €/L","img":"https://fd2-photos.leclercdrive.fr/image.ashx?id=2395258&use=l&cat=p&typeid=i","cat":285435},{"id":19960,"n":"Purée carottes Notre Jardin Nature 750g","p":2.43,"u":"3,24 €/KG","img":"https://fd2-photos.leclercdrive.fr/image.ashx?id=2856166&use=l&cat=p&typeid=i","cat":319805},{"id":19991,"n":"Fromage frais Délisse Fruits panachés - 6x100g","p":2.56,"u":"4,27 €/KG","img":"https://fd2-photos.leclercdrive.fr/image.ashx?id=2913669&use=l&cat=p&typeid=i","cat":284414},{"id":19993,"n":"Crème dessert Délisse Vanille sur lit chocolat 4x125g","p":1.42,"u":"2,84 €/KG","img":"https://fd2-photos.leclercdrive.fr/image.ashx?id=2841950&use=l&cat=p&typeid=i","cat":285041},{"id":20010,"n":"Yaourts lait entier nature Bio  Bio village - 12x125g","p":2.46,"u":"1,64 €/KG","img":"https://fd2-photos.leclercdrive.fr/image.ashx?id=2841962&use=l&cat=p&typeid=i","cat":284409},{"id":20013,"n":"Compote Charles & Alice Pommes Abricots - 4x100g","p":1.38,"u":"3,45 €/KG","img":"https://fd2-photos.leclercdrive.fr/image.ashx?id=2757350&use=l&cat=p&typeid=i","cat":284416},{"id":20015,"n":"Compote Charles & Alice Pommes Pêches - 4x100g","p":1.37,"u":"3,43 €/KG","img":"https://fd2-photos.leclercdrive.fr/image.ashx?id=2757680&use=l&cat=p&typeid=i","cat":284416},{"id":20024,"n":"Camembert J.Gillot noir AOP 45%mg - 250g","p":3.86,"u":"15,44 €/KG","img":"https://fd2-photos.leclercdrive.fr/image.ashx?id=2914504&use=l&cat=p&typeid=i","cat":314033},{"id":20032,"n":"Whisky Jack Daniel's Old N°7 1L","p":28.5,"pp":25.65,"u":"25,65 €/L","img":"https://fd2-photos.leclercdrive.fr/image.ashx?id=2805189&use=l&cat=p&typeid=i","cat":284547},{"id":20038,"n":"Crème aux œufs La Laitière lit de caramel - 4x100g","p":1.79,"u":"4,48 €/KG","img":"https://fd2-photos.leclercdrive.fr/image.ashx?id=2744593&use=l&cat=p&typeid=i","cat":284419},{"id":20043,"n":"Gâteaux de riz La Laitière   Caramel - 4x100g","p":2.41,"u":"6,03 €/KG","img":"https://fd2-photos.leclercdrive.fr/image.ashx?id=2630202&use=l&cat=p&typeid=i","cat":284418},{"id":20044,"n":"Bière Leffe Ruby 5% - 75cl","p":2.92,"u":"3,89 €/L","img":"https://fd2-photos.leclercdrive.fr/image.ashx?id=1589629&use=l&cat=p&typeid=i","cat":334878},{"id":20050,"n":"Bière belge Duvel 8,5%vol. - 33cl","p":1.75,"u":"5,30 €/L","img":"https://fd2-photos.leclercdrive.fr/image.ashx?id=2389304&use=l&cat=p&typeid=i","cat":334872},{"id":20060,"n":"Biscuits Gouda Delacre Canasta  Fourrés fromage - 75g","p":1.55,"u":"20,67 €/KG","img":"https://fd2-photos.leclercdrive.fr/image.ashx?id=2661841&use=l&cat=p&typeid=i","cat":297000},{"id":20075,"n":"Corned beef Hereford 340g","p":3.45,"u":"10,15 €/KG","img":"https://fd2-photos.leclercdrive.fr/image.ashx?id=2896946&use=l&cat=p&typeid=i","cat":305149},{"id":20085,"n":"Bière bleue Chimay Brune - 9%vol. - 33cl","p":1.69,"u":"5,12 €/L","img":"https://fd2-photos.leclercdrive.fr/image.ashx?id=1758849&use=l&cat=p&typeid=i","cat":334872},{"id":20099,"n":"Boules Démanquillantes Inell x100","p":1.4,"u":"0,01 €/P","img":"https://fd2-photos.leclercdrive.fr/image.ashx?id=2558802&use=l&cat=p&typeid=i","cat":285593},{"id":20109,"n":"Whisky Bourbon John Davon's 40%vol. - 70cl","p":13.15,"u":"18,79 €/L","img":"https://fd2-photos.leclercdrive.fr/image.ashx?id=2907177&use=l&cat=p&typeid=i","cat":284547},{"id":20110,"n":"Jus d'orange Jafaden A base de concentré  - 6x1L","p":10.56,"u":"1,76 €/L","img":"https://fd2-photos.leclercdrive.fr/image.ashx?id=2751895&use=l&cat=p&typeid=i","cat":284521},{"id":20134,"n":"Beurre Tendre Elle&Vire Demi-Sel - 80% MG - 250g","p":3.01,"u":"12,04 €/KG","img":"https://fd2-photos.leclercdrive.fr/image.ashx?id=2587701&use=l&cat=p&typeid=i","cat":284379},{"id":20138,"n":"Chips Pom'Lisse Nature - 200g","p":1.19,"u":"5,95 €/KG","img":"https://fd2-photos.leclercdrive.fr/image.ashx?id=2494148&use=l&cat=p&typeid=i","cat":284447},{"id":20146,"n":"Brique de brebis Les Croisés 150g","p":2.45,"u":"16,33 €/KG","img":"https://fd2-photos.leclercdrive.fr/image.ashx?id=2645903&use=l&cat=p&typeid=i","cat":314031},{"id":20172,"n":"Petits pots bébé P'TIT SOUPER Aubergine pâtes 8M+ - 2x200g","p":2.26,"u":"5,65 €/KG","img":"https://fd2-photos.leclercdrive.fr/image.ashx?id=2526511&use=l&cat=p&typeid=i","cat":312239},{"id":20175,"n":"Petits pots bébé P'TIT SOUPER  7 légumes 8M+ - 2x200g","p":1.7,"u":"4,25 €/KG","img":"https://fd2-photos.leclercdrive.fr/image.ashx?id=2526508&use=l&cat=p&typeid=i","cat":312239},{"id":20179,"n":"Crème UHT Elle&Vire Fluide Légère - 12% MG - 3x20cl","p":3.32,"u":"5,53 €/L","img":"https://fd2-photos.leclercdrive.fr/image.ashx?id=2810771&use=l&cat=p&typeid=i","cat":284381},{"id":20180,"n":"Crème Fraîche Elle&Vire Epaisse Légère - 12% MG - 33cl","p":1.68,"u":"5,09 €/L","img":"https://fd2-photos.leclercdrive.fr/image.ashx?id=2871949&use=l&cat=p&typeid=i","cat":284381},{"id":20183,"n":"Emmental français Entremont 45%mg - 250g","p":2.81,"u":"11,24 €/KG","img":"https://fd2-photos.leclercdrive.fr/image.ashx?id=2983138&use=l&cat=p&typeid=i","cat":314034},{"id":20195,"n":"Camembert Isigny Ste Mère Au lait cru - 250g","p":3.36,"u":"13,44 €/KG","img":"https://fd2-photos.leclercdrive.fr/image.ashx?id=2284415&use=l&cat=p&typeid=i","cat":314033},{"id":20198,"n":"Yaourts au lait entier Malo Vanille - 4x125g","p":1.77,"u":"3,54 €/KG","img":"https://fd2-photos.leclercdrive.fr/image.ashx?id=2684707&use=l&cat=p&typeid=i","cat":286006},{"id":20213,"n":"Camembert Cœur de Lion  8 portions - 240g","p":2.34,"u":"9,75 €/KG","img":"https://fd2-photos.leclercdrive.fr/image.ashx?id=2767962&use=l&cat=p&typeid=i","cat":314033},{"id":20214,"n":"Mousse Délisse Caramel beurre salé - 4x60g","p":1.44,"u":"6,00 €/KG","img":"https://fd2-photos.leclercdrive.fr/image.ashx?id=3009511&use=l&cat=p&typeid=i","cat":284417},{"id":20217,"n":"Préparation pour crème brûlée Délisse - 2x100g","p":1.45,"u":"7,25 €/KG","img":"https://fd2-photos.leclercdrive.fr/image.ashx?id=3001205&use=l&cat=p&typeid=i","cat":284419},{"id":20218,"n":"Mozzarella vache Casa Azzurra Boule - 125g","p":0.96,"u":"7,68 €/KG","img":"https://fd2-photos.leclercdrive.fr/image.ashx?id=2904302&use=l&cat=p&typeid=i","cat":314026},{"id":20221,"n":"Mascarpone Casa Azzurra 250g","p":2.29,"u":"9,16 €/KG","img":"https://fd2-photos.leclercdrive.fr/image.ashx?id=2290266&use=l&cat=p&typeid=i","cat":314026},{"id":20222,"n":"Ricotta Casa Azzurra 250g","p":1.43,"u":"5,72 €/KG","img":"https://fd2-photos.leclercdrive.fr/image.ashx?id=1849630&use=l&cat=p&typeid=i","cat":314026},{"id":20223,"n":"Riz au lait Délisse  Nature - 4x115g","p":1.42,"u":"3,09 €/KG","img":"https://fd2-photos.leclercdrive.fr/image.ashx?id=2595104&use=l&cat=p&typeid=i","cat":284418},{"id":20228,"n":"Crème aux oeufs Délisse Lit caramel - 4x100g","p":1.59,"u":"3,98 €/KG","img":"https://fd2-photos.leclercdrive.fr/image.ashx?id=2340003&use=l&cat=p&typeid=i","cat":284419},{"id":20230,"n":"Semoule au lait Délisse Vanille - 8x115g","p":2.16,"u":"2,35 €/KG","img":"https://fd2-photos.leclercdrive.fr/image.ashx?id=2558380&use=l&cat=p&typeid=i","cat":284418},{"id":20239,"n":"Gâteaux fourrés P'tit Déli Chocolat x7 - 189g","p":2.18,"u":"11,53 €/KG","img":"https://fd2-photos.leclercdrive.fr/image.ashx?id=2554517&use=l&cat=p&typeid=i","cat":284495},{"id":20244,"n":"Compotes Pom'Potes Gourdes BIO  Pomme Nature - 12x90g","p":5.77,"u":"5,34 €/KG","img":"https://fd2-photos.leclercdrive.fr/image.ashx?id=2901608&use=l&cat=p&typeid=i","cat":284508},{"id":20247,"n":"Lait écrémé Bio Village Bio - UHT - Bouteille : 1L","p":1.1,"u":"1,10 €/L","img":"https://fd2-photos.leclercdrive.fr/image.ashx?id=2981915&use=l&cat=p&typeid=i","cat":284949},{"id":20252,"n":"Persil plat Florette 11g","p":1.53,"u":"139,09 €/KG","img":"https://fd2-photos.leclercdrive.fr/image.ashx?id=2645831&use=l&cat=p&typeid=i","cat":293607},{"id":20258,"n":"Biscuit bio Céréal Bio  Chocolat Noir intense - 132g","p":1.55,"u":"11,74 €/KG","img":"https://fd2-photos.leclercdrive.fr/image.ashx?id=2574278&use=l&cat=p&typeid=i","cat":284487},{"id":20267,"n":"Compote bio Bio Village Coupelle pomme poire - 4x100g","p":2.29,"u":"5,73 €/KG","img":"https://fd2-photos.leclercdrive.fr/image.ashx?id=2442710&use=l&cat=p&typeid=i","cat":284508},{"id":20288,"n":"Soufflés Snack's Tokapi Cacahuète - 55g","p":0.39,"u":"7,09 €/KG","img":"https://fd2-photos.leclercdrive.fr/image.ashx?id=2844517&use=l&cat=p&typeid=i","cat":284449},{"id":20292,"n":"Déodorant bille Manava Anti traces 50ml","p":0.69,"u":"13,80 €/L","img":"https://fd2-photos.leclercdrive.fr/image.ashx?id=2481216&use=l&cat=p&typeid=i","cat":284595},{"id":20300,"n":"Tarte Tomates Chèvre Courgette Côté Table - 400g","p":2.81,"u":"7,03 €/KG","img":"https://fd2-photos.leclercdrive.fr/image.ashx?id=2791767&use=l&cat=p&typeid=i","cat":284257},{"id":20306,"n":"Rillettes crabe Ronde des Mers 150g","p":1.99,"u":"13,27 €/KG","img":"https://fd2-photos.leclercdrive.fr/image.ashx?id=2981876&use=l&cat=p&typeid=i","cat":285191},{"id":20307,"n":"Crème glacée Bio Bio Village Vanille - Bac 450g","p":2.85,"u":"6,33 €/KG","img":"https://fd2-photos.leclercdrive.fr/image.ashx?id=2902570&use=l&cat=p&typeid=i","cat":284263},{"id":20309,"n":"Jambon supérieur Tradilège -25% de sel - Découenné x4-160g","p":1.95,"u":"12,19 €/KG","img":"https://fd2-photos.leclercdrive.fr/image.ashx?id=2153186&use=l&cat=p&typeid=i","cat":316009},{"id":20375,"n":"Saucisson Justin Bridou Bâton de Berger Noisette - 250g","p":3.59,"u":"14,36 €/KG","img":"https://fd2-photos.leclercdrive.fr/image.ashx?id=2948054&use=l&cat=p&typeid=i","cat":316006},{"id":20376,"n":"Colin d'Alaska Marie Beurre citron thym - 400g","p":4.21,"u":"10,53 €/KG","img":"https://fd2-photos.leclercdrive.fr/image.ashx?id=2996809&use=l&cat=p&typeid=i","cat":319786},{"id":20380,"n":"Jambon cru 6 tranches Aoste sans conservateur - 165g","p":4.64,"u":"28,12 €/KG","img":"https://fd2-photos.leclercdrive.fr/image.ashx?id=2950285&use=l&cat=p&typeid=i","cat":316007},{"id":20385,"n":"Poêlée de riz Côté Table Saint jacques, crevettes - 600g","p":6.49,"u":"10,82 €/KG","img":"https://fd2-photos.leclercdrive.fr/image.ashx?id=2483614&use=l&cat=p&typeid=i","cat":284254},{"id":20397,"n":"Tagliatelles Weight Watchers Poulet champignons 300g","p":2.8,"u":"9,33 €/KG","img":"https://fd2-photos.leclercdrive.fr/image.ashx?id=2960759&use=l&cat=p&typeid=i","cat":333665},{"id":20408,"n":"Déodorant bille Carré homme Anti traces et transpirant 50ml","p":0.69,"u":"13,80 €/L","img":"https://fd2-photos.leclercdrive.fr/image.ashx?id=2596772&use=l&cat=p&typeid=i","cat":284618},{"id":20413,"n":"Petites gambas fettucine Marie Au pesto tomates confites 280g","p":2.62,"u":"9,36 €/KG","img":"https://fd2-photos.leclercdrive.fr/image.ashx?id=2921537&use=l&cat=p&typeid=i","cat":333665},{"id":20418,"n":"Cabillaud au citron Marie Printanière de légumes - 290g","p":3.32,"u":"11,45 €/KG","img":"https://fd2-photos.leclercdrive.fr/image.ashx?id=2317417&use=l&cat=p&typeid=i","cat":333665},{"id":20423,"n":"Emincé poulet farfalles Marie Aux champignons 280g","p":3.05,"u":"10,89 €/KG","img":"https://fd2-photos.leclercdrive.fr/image.ashx?id=2317411&use=l&cat=p&typeid=i","cat":333665},{"id":20429,"n":"Clafoutis aux cerises Délisse 4x85g","p":2.25,"u":"6,62 €/KG","img":"https://fd2-photos.leclercdrive.fr/image.ashx?id=2891776&use=l&cat=p&typeid=i","cat":284419},{"id":20447,"n":"Chips Pom'lisse Nature - 350g","p":1.89,"u":"5,40 €/KG","img":"https://fd2-photos.leclercdrive.fr/image.ashx?id=2498596&use=l&cat=p&typeid=i","cat":284447},{"id":20452,"n":"Paëlla Valenciana Fleury Michon 400g","p":2.93,"u":"7,33 €/KG","img":"https://fd2-photos.leclercdrive.fr/image.ashx?id=2656739&use=l&cat=p&typeid=i","cat":333665},{"id":20465,"n":"Poulet et purée Fleury Michon courgettes et tomates - 300g","p":2.03,"u":"6,77 €/KG","img":"https://fd2-photos.leclercdrive.fr/image.ashx?id=3003284&use=l&cat=p&typeid=i","cat":333665},{"id":20468,"n":"Blanc de poulet Fleury Michon -25% de sel - x2 - 80g","p":1.29,"u":"16,13 €/KG","img":"https://fd2-photos.leclercdrive.fr/image.ashx?id=2885971&use=l&cat=p&typeid=i","cat":316010},{"id":20484,"n":"AOP Cabernet d'Anjou rosé Plessis-Duval - 75cl","p":5.64,"u":"7,52 €/L","img":"https://fd2-photos.leclercdrive.fr/image.ashx?id=2941035&use=l&cat=p&typeid=i","cat":289558},{"id":20493,"n":"Poêlée maraîchère Paysan Breton 1kg","p":3.21,"u":"3,21 €/KG","img":"https://fd2-photos.leclercdrive.fr/image.ashx?id=2882385&use=l&cat=p&typeid=i","cat":319823},{"id":20495,"n":"Boisson Jafaden Cranberry Light - 1L","p":1.59,"u":"1,59 €/L","img":"https://fd2-photos.leclercdrive.fr/image.ashx?id=2584014&use=l&cat=p&typeid=i","cat":284915},{"id":20501,"n":"Yaourts aux fruits Délisse Fruits Jaunes - 8x125g","p":2.29,"u":"2,29 €/KG","img":"https://fd2-photos.leclercdrive.fr/image.ashx?id=2533319&use=l&cat=p&typeid=i","cat":284410},{"id":20545,"n":"Haricots verts Bio Bio Village 600g","p":1.46,"u":"2,43 €/KG","img":"https://fd2-photos.leclercdrive.fr/image.ashx?id=2891812&use=l&cat=p&typeid=i","cat":319805},{"id":20605,"n":"Compote bio Bio Village Coupelle pomme - 4x100g","p":1.67,"u":"4,18 €/KG","img":"https://fd2-photos.leclercdrive.fr/image.ashx?id=2085275&use=l&cat=p&typeid=i","cat":284508},{"id":20612,"n":"Thon Pêche Océan A la catalane - 2x135g","p":1.87,"u":"6,93 €/KG","img":"https://fd2-photos.leclercdrive.fr/image.ashx?id=2941432&use=l&cat=p&typeid=i","cat":303867},{"id":20635,"n":"Litière agglomérante Catsan  Pour chat - 5L","p":5.01,"u":"Dont 0,01 € d'éco-part.","img":"https://fd2-photos.leclercdrive.fr/image.ashx?id=2681925&use=l&cat=p&typeid=i","cat":284683},{"id":20646,"n":"Filtre à thé Britley x30","p":1.6,"u":"0,05 €/P","img":"https://fd2-photos.leclercdrive.fr/image.ashx?id=2755058&use=l&cat=p&typeid=i","cat":293233},{"id":20648,"n":"Maquereaux Pêche Océan Moutarde à l'ancienne - 169g","p":1.66,"u":"9,82 €/KG","img":"https://fd2-photos.leclercdrive.fr/image.ashx?id=2515676&use=l&cat=p&typeid=i","cat":303868},{"id":20653,"n":"Lait démaquillant Inell Peaux normales et mixtes 250ml","p":1.89,"u":"7,56 €/L","img":"https://fd2-photos.leclercdrive.fr/image.ashx?id=2691619&use=l&cat=p&typeid=i","cat":284603},{"id":20683,"n":"Pommes duchesse Pom'lisse 750g","p":1.29,"u":"1,72 €/KG","img":"https://fd2-photos.leclercdrive.fr/image.ashx?id=2851577&use=l&cat=p&typeid=i","cat":319792},{"id":20684,"n":"Cordon bleu de poulet Eco+ 800g","p":3.9,"u":"4,88 €/KG","img":"https://fd2-photos.leclercdrive.fr/image.ashx?id=2779871&use=l&cat=p&typeid=i","cat":319780},{"id":20685,"n":"Purée 4 légumes Notre Jardin 750g","p":2.24,"u":"2,99 €/KG","img":"https://fd2-photos.leclercdrive.fr/image.ashx?id=2856160&use=l&cat=p&typeid=i","cat":319805},{"id":20686,"n":"Haricots plats Notre Jardin 1kg","p":1.79,"u":"1,79 €/KG","img":"https://fd2-photos.leclercdrive.fr/image.ashx?id=2431122&use=l&cat=p&typeid=i","cat":319805},{"id":20688,"n":"Tagliatelles carbonara Marie 330g","p":2.49,"u":"7,55 €/KG","img":"https://fd2-photos.leclercdrive.fr/image.ashx?id=2980920&use=l&cat=p&typeid=i","cat":333665},{"id":20692,"n":"Filet de saumon Fleury Michon purée de brocolis - 300g","p":3.16,"u":"10,53 €/KG","img":"https://fd2-photos.leclercdrive.fr/image.ashx?id=3003278&use=l&cat=p&typeid=i","cat":333665},{"id":20696,"n":"Sandwich Club Sodebo Simple&Bon  Jambon Emmental - 145g","p":1.44,"u":"9,93 €/KG","img":"https://fd2-photos.leclercdrive.fr/image.ashx?id=2851497&use=l&cat=p&typeid=i","cat":333658},{"id":20697,"n":"Sandwich Suédois Sodebo Jambon Cheddar 135g","p":1.65,"u":"12,22 €/KG","img":"https://fd2-photos.leclercdrive.fr/image.ashx?id=2912095&use=l&cat=p&typeid=i","cat":333658},{"id":20700,"n":"Macaroni sauce tomate Marie Boulettes de viande 280g","p":2.37,"u":"8,46 €/KG","img":"https://fd2-photos.leclercdrive.fr/image.ashx?id=2980968&use=l&cat=p&typeid=i","cat":333665},{"id":20717,"n":"Sirop Frucci Cassis - 1L","p":3.11,"u":"3,11 €/L","img":"https://fd2-photos.leclercdrive.fr/image.ashx?id=2954079&use=l&cat=p&typeid=i","cat":295020},{"id":20724,"n":"Cheeseburger Charal 6x140g - 840g","p":9.13,"u":"10,87 €/KG","img":"https://fd2-photos.leclercdrive.fr/image.ashx?id=2741952&use=l&cat=p&typeid=i","cat":319822},{"id":20727,"n":"Yaourts Malo Vanille Bio - 4x125g","p":2.07,"u":"4,14 €/KG","img":"https://fd2-photos.leclercdrive.fr/image.ashx?id=2908633&use=l&cat=p&typeid=i","cat":286006},{"id":20729,"n":"Yaourt sucré Malo 16x125g","p":4.28,"u":"2,14 €/KG","img":"https://fd2-photos.leclercdrive.fr/image.ashx?id=2684704&use=l&cat=p&typeid=i","cat":284409},{"id":20744,"n":"Philadelphia Nature - 150g","p":1.69,"u":"11,27 €/KG","img":"https://fd2-photos.leclercdrive.fr/image.ashx?id=1586142&use=l&cat=p&typeid=i","cat":314029},{"id":20753,"n":"Mouchoirs The Original Kleenex® Etuis mini x24","p":2.84,"u":"0,12 €/P","img":"https://fd2-photos.leclercdrive.fr/image.ashx?id=2840301&use=l&cat=p&typeid=i","cat":284638},{"id":20758,"n":"Riz cantonais Tables du Monde 900g","p":3.99,"u":"4,43 €/KG","img":"https://fd2-photos.leclercdrive.fr/image.ashx?id=2903953&use=l&cat=p&typeid=i","cat":284254},{"id":20759,"n":"Purée de céleris Notre Jardin Nature 750g","p":1.88,"u":"2,51 €/KG","img":"https://fd2-photos.leclercdrive.fr/image.ashx?id=2856169&use=l&cat=p&typeid=i","cat":319805},{"id":20760,"n":"Légumes vapeurs Notre Jardin 2x200g","p":2.47,"u":"6,18 €/KG","img":"https://fd2-photos.leclercdrive.fr/image.ashx?id=2900106&use=l&cat=p&typeid=i","cat":319805},{"id":20762,"n":"Légumes vapeurs Notre Jardin Méditerranéens 2x200g","p":1.8,"u":"4,50 €/KG","img":"https://fd2-photos.leclercdrive.fr/image.ashx?id=2916689&use=l&cat=p&typeid=i","cat":319805},{"id":20773,"n":"Anneaux d'encornets Pêche Océan 500g","p":6.55,"u":"13,10 €/KG","img":"https://fd2-photos.leclercdrive.fr/image.ashx?id=3012391&use=l&cat=p&typeid=i","cat":319787},{"id":20785,"n":"Graisse de canard Montfort 320g","p":3.46,"u":"10,81 €/KG","img":"https://fd2-photos.leclercdrive.fr/image.ashx?id=2896156&use=l&cat=p&typeid=i","cat":316008},{"id":20792,"n":"Cire Institut Siliss Professionnelle - 400g","p":5.6,"u":"14,00 €/KG","img":"https://fd2-photos.leclercdrive.fr/image.ashx?id=2699684&use=l&cat=p&typeid=i","cat":325351},{"id":20811,"n":"Couronne de crevettes Delpierre ASC Sauce cocktail - 130g","p":3.75,"u":"28,85 €/KG","img":"https://fd2-photos.leclercdrive.fr/image.ashx?id=2958851&use=l&cat=p&typeid=i","cat":327284},{"id":20819,"n":"Café moulu Coïc Matin breton - 250g","p":4.45,"pp":4.05,"u":"16,20 €/KG","img":"https://fd2-photos.leclercdrive.fr/image.ashx?id=2768198&use=l&cat=p&typeid=i","cat":284750},{"id":20821,"n":"Café moulu Coïc Escale bretonne - 250g","p":4.45,"pp":4.05,"u":"16,20 €/KG","img":"https://fd2-photos.leclercdrive.fr/image.ashx?id=2471229&use=l&cat=p&typeid=i","cat":284750},{"id":20824,"n":"Soda Breizh Cola sans sucre Bouteille - 6x33cl","p":3.0,"u":"1,52 €/L","img":"https://fd2-photos.leclercdrive.fr/image.ashx?id=1971659&use=l&cat=p&typeid=i","cat":284530},{"id":20827,"n":"100% Jus d'orange Bio Plein Fruit - 1L","p":2.71,"u":"2,71 €/L","img":"https://fd2-photos.leclercdrive.fr/image.ashx?id=1984212&use=l&cat=p&typeid=i","cat":284521},{"id":20829,"n":"AOP Cabernet d'Anjou rosé Domaine des Forges - 75cl","p":4.36,"u":"5,81 €/L","img":"https://fd2-photos.leclercdrive.fr/image.ashx?id=2180115&use=l&cat=p&typeid=i","cat":289558},{"id":20834,"n":"AOP Saumur Champigny rouge Charles de Villeneuve - 75cl","p":5.95,"pp":4.46,"u":"5,95 €/L","img":"https://fd2-photos.leclercdrive.fr/image.ashx?id=2859275&use=l&cat=p&typeid=i","cat":289556},{"id":20838,"n":"Fromage frais Malo Panaché de fruits - 8x100g","p":2.95,"pp":2.06,"u":"2,58 €/KG","img":"https://fd2-photos.leclercdrive.fr/image.ashx?id=2459270&use=l&cat=p&typeid=i","cat":284410},{"id":20840,"n":"Yaourts Mamie Nova Panaché de fruits - 6x150g","p":3.44,"u":"3,82 €/KG","img":"https://fd2-photos.leclercdrive.fr/image.ashx?id=2886954&use=l&cat=p&typeid=i","cat":284410},{"id":20856,"n":"Chipolatas aux herbes Férial 330g","p":3.55,"u":"10,76 €/KG","img":"https://fd2-photos.leclercdrive.fr/image.ashx?id=2590529&use=l&cat=p&typeid=i","cat":284334},{"id":20858,"n":"Saucisses de Toulouse Férial x4 - 500g","p":4.99,"u":"9,98 €/KG","img":"https://fd2-photos.leclercdrive.fr/image.ashx?id=3004669&use=l&cat=p&typeid=i","cat":284334},{"id":20862,"n":"Sauce Provençale Turini 190g","p":0.59,"u":"3,11 €/KG","img":"https://fd2-photos.leclercdrive.fr/image.ashx?id=2386152&use=l&cat=p&typeid=i","cat":287599},{"id":20863,"n":"Allumettes de bacon Herta Fumées 200g","p":2.13,"u":"10,65 €/KG","img":"https://fd2-photos.leclercdrive.fr/image.ashx?id=2876242&use=l&cat=p&typeid=i","cat":316011},{"id":20880,"n":"Le Parmentier de saumon Maison Briau - 750g","p":7.85,"u":"10,47 €/KG","img":"https://fd2-photos.leclercdrive.fr/image.ashx?id=2850605&use=l&cat=p&typeid=i","cat":333666},{"id":20882,"n":"Colin pané Alaska Cité Marine MSC - 200g","p":2.41,"u":"12,05 €/KG","img":"https://fd2-photos.leclercdrive.fr/image.ashx?id=2844142&use=l&cat=p&typeid=i","cat":284344},{"id":20986,"n":"Sauce Napolitaine Turini 190g","p":0.85,"u":"4,47 €/KG","img":"https://fd2-photos.leclercdrive.fr/image.ashx?id=2552430&use=l&cat=p&typeid=i","cat":287599},{"id":21017,"n":"Poisson Pané Findus  Colin d'Alaska - x10 - 510g","p":3.99,"u":"7,82 €/KG","img":"https://fd2-photos.leclercdrive.fr/image.ashx?id=2735332&use=l&cat=p&typeid=i","cat":319788},{"id":21027,"n":"Sauce bolognaise Turini 190g","p":0.85,"u":"4,47 €/KG","img":"https://fd2-photos.leclercdrive.fr/image.ashx?id=2634869&use=l&cat=p&typeid=i","cat":287599},{"id":21081,"n":"Bière blonde Rince Cochon 50cl","p":1.91,"u":"3,82 €/L","img":"https://fd2-photos.leclercdrive.fr/image.ashx?id=2021232&use=l&cat=p&typeid=i","cat":334853},{"id":21115,"n":"Lambrusco Rosato Vilaveroni 75cl","p":4.23,"u":"5,64 €/L","img":"https://fd2-photos.leclercdrive.fr/image.ashx?id=2333030&use=l&cat=p&typeid=i","cat":289558},{"id":21169,"n":"Crêpes de froment Coataudon x6 - 250g","p":2.95,"u":"11,80 €/KG","img":"https://fd2-photos.leclercdrive.fr/image.ashx?id=2954875&use=l&cat=p&typeid=i","cat":284494},{"id":21241,"n":"Spirales Insectivor Anti-moustiques - x10","p":1.73,"u":"0,17 €/P","img":"https://fd2-photos.leclercdrive.fr/image.ashx?id=789024&use=l&cat=p&typeid=i","cat":298368},{"id":21244,"n":"Pièges anti-fourmis Insectivor x2","p":3.34,"u":"1,67 €/P","img":"https://fd2-photos.leclercdrive.fr/image.ashx?id=2302725&use=l&cat=p&typeid=i","cat":298368},{"id":21337,"n":"IGP Comté Tolosan rosé Terreo 11.5% - 75cl","p":3.62,"u":"4,83 €/L","img":"https://fd2-photos.leclercdrive.fr/image.ashx?id=2602215&use=l&cat=p&typeid=i","cat":289558},{"id":21373,"n":"Jambon fumé grill Petitgas À poêler 3 tranches 300g","p":4.95,"u":"16,50 €/KG","img":"https://fd2-photos.leclercdrive.fr/image.ashx?id=1730010&use=l&cat=p&typeid=i","cat":316009},{"id":21490,"n":"Vin mousseux Charles Volner Rosé 12%vol. 75cl","p":4.23,"u":"5,64 €/L","img":"https://fd2-photos.leclercdrive.fr/image.ashx?id=1592043&use=l&cat=p&typeid=i","cat":284544},{"id":21572,"n":"Baguette La Boulangère Viennoise fendue 340g","p":1.42,"u":"4,18 €/KG","img":"https://fd2-photos.leclercdrive.fr/image.ashx?id=2912392&use=l&cat=p&typeid=i","cat":284985},{"id":21573,"n":"Bonbons LUTTI Arlequin Original 250g","p":1.43,"u":"5,72 €/KG","img":"https://fd2-photos.leclercdrive.fr/image.ashx?id=2817422&use=l&cat=p&typeid=i","cat":304252},{"id":21592,"n":"Filets de cabillaud Findus MSC - x10 - 510g","p":7.25,"u":"14,22 €/KG","img":"https://fd2-photos.leclercdrive.fr/image.ashx?id=2735329&use=l&cat=p&typeid=i","cat":319788},{"id":21606,"n":"Cornichons Maille extra fins 380g","p":3.01,"u":"7,92 €/KG","img":"https://fd2-photos.leclercdrive.fr/image.ashx?id=2945826&use=l&cat=p&typeid=i","cat":284458},{"id":21609,"n":"Cornichons Extra-Fins MAILLE 220g","p":2.34,"u":"10,64 €/KG","img":"https://fd2-photos.leclercdrive.fr/image.ashx?id=2945823&use=l&cat=p&typeid=i","cat":284458},{"id":21610,"n":"Lotion fraîcheur Inell Tonique - 250ml","p":1.53,"u":"6,12 €/L","img":"https://fd2-photos.leclercdrive.fr/image.ashx?id=2694172&use=l&cat=p&typeid=i","cat":284603},{"id":21642,"n":"Brioche tressée La Boulangère 800g","p":5.01,"u":"6,26 €/KG","img":"https://fd2-photos.leclercdrive.fr/image.ashx?id=2926401&use=l&cat=p&typeid=i","cat":284478},{"id":21652,"n":"Biscuits P'tit Déli Galettes Suédoise chocolat 150g","p":2.38,"u":"15,87 €/KG","img":"https://fd2-photos.leclercdrive.fr/image.ashx?id=1951046&use=l&cat=p&typeid=i","cat":284490},{"id":21655,"n":"Boîtes chiens Lydog Mitonnées Agneau poulet veau - 3x410g","p":3.9,"u":"3,17 €/KG","img":"https://fd2-photos.leclercdrive.fr/image.ashx?id=2710488&use=l&cat=p&typeid=i","cat":288578},{"id":21662,"n":"Boîte chiens Lydog Bouchées Poulet légumes - 1,2kg","p":1.98,"u":"1,65 €/KG","img":"https://fd2-photos.leclercdrive.fr/image.ashx?id=2548100&use=l&cat=p&typeid=i","cat":288578},{"id":21663,"n":"Bouchées au poulet foie et  aux carottes Lydog - 1.23kg","p":2.39,"u":"1,94 €/KG","img":"https://fd2-photos.leclercdrive.fr/image.ashx?id=2691225&use=l&cat=p&typeid=i","cat":288578},{"id":21676,"n":"Bûche de chèvre Ste Maure Sélection Soignon - 200g","p":2.72,"u":"13,60 €/KG","img":"https://fd2-photos.leclercdrive.fr/image.ashx?id=2799925&use=l&cat=p&typeid=i","cat":314031},{"id":21678,"n":"AOP Munster Ermitage 50%mg - 200g","p":3.27,"u":"16,35 €/KG","img":"https://fd2-photos.leclercdrive.fr/image.ashx?id=2311279&use=l&cat=p&typeid=i","cat":329558},{"id":21685,"n":"Nuggets de poulet Côté Croc x20 - 400g","p":3.0,"u":"7,50 €/KG","img":"https://fd2-photos.leclercdrive.fr/image.ashx?id=2837045&use=l&cat=p&typeid=i","cat":333684},{"id":21686,"n":"Saucisson sec Saint Azay Spécialité 200g","p":2.99,"u":"14,95 €/KG","img":"https://fd2-photos.leclercdrive.fr/image.ashx?id=2472053&use=l&cat=p&typeid=i","cat":316006},{"id":21687,"n":"Fromage Cheddar Burger Les Croisés 10 Tranches - 200g","p":1.25,"u":"6,25 €/KG","img":"https://fd2-photos.leclercdrive.fr/image.ashx?id=2946835&use=l&cat=p&typeid=i","cat":314028},{"id":21688,"n":"Fromage Emmental Croque Les Croisés 10 Tranches - 200g","p":1.19,"u":"5,95 €/KG","img":"https://fd2-photos.leclercdrive.fr/image.ashx?id=2893316&use=l&cat=p&typeid=i","cat":314028},{"id":21696,"n":"Fromage Gruyère NRT IGP 250g","p":3.99,"u":"15,96 €/KG","img":"https://fd2-photos.leclercdrive.fr/image.ashx?id=2466229&use=l&cat=p&typeid=i","cat":314034},{"id":21699,"n":"Crème fraîche Eco  Epaisse - 30% MG - 50cl","p":1.89,"u":"3,78 €/L","img":"https://fd2-photos.leclercdrive.fr/image.ashx?id=2981445&use=l&cat=p&typeid=i","cat":284381},{"id":21701,"n":"Glace Eco+ Vanille - 500g","p":1.25,"u":"2,50 €/KG","img":"https://fd2-photos.leclercdrive.fr/image.ashx?id=2711580&use=l&cat=p&typeid=i","cat":284263},{"id":21702,"n":"Haricots verts Eco+ Très fins - 1kg","p":1.39,"u":"1,39 €/KG","img":"https://fd2-photos.leclercdrive.fr/image.ashx?id=2847934&use=l&cat=p&typeid=i","cat":319805},{"id":21703,"n":"Fromage frais Eco+ Nature 20%MG - 1kg","p":1.79,"u":"1,79 €/KG","img":"https://fd2-photos.leclercdrive.fr/image.ashx?id=2699919&use=l&cat=p&typeid=i","cat":284409},{"id":21711,"n":"Brandade de morue Pêcheries Basques parmentière - 900g","p":6.36,"u":"7,07 €/KG","img":"https://fd2-photos.leclercdrive.fr/image.ashx?id=2608259&use=l&cat=p&typeid=i","cat":285094},{"id":21809,"n":"Boules chocolat Jacquot Praliné noir - 1kg","p":12.5,"u":"12,50 €/KG","img":"https://fd2-photos.leclercdrive.fr/image.ashx?id=2303303&use=l&cat=p&typeid=i","cat":327595},{"id":21877,"n":"Purée surgelée Pom'lisse Pommes de terre 750g","p":2.04,"u":"2,72 €/KG","img":"https://fd2-photos.leclercdrive.fr/image.ashx?id=2759777&use=l&cat=p&typeid=i","cat":319793},{"id":21878,"n":"Jambon cru Aoste Grandes tranches - 55g","p":2.05,"u":"37,27 €/KG","img":"https://fd2-photos.leclercdrive.fr/image.ashx?id=2555610&use=l&cat=p&typeid=i","cat":316007},{"id":21911,"n":"Tomato Ketchup Heinz - 342g","p":1.36,"u":"3,98 €/KG","img":"https://fd2-photos.leclercdrive.fr/image.ashx?id=2955288&use=l&cat=p&typeid=i","cat":284455},{"id":22033,"n":"Gin Brighton's London Dry 37.5%vol - 70cl","p":9.99,"u":"14,27 €/L","img":"https://fd2-photos.leclercdrive.fr/image.ashx?id=2907183&use=l&cat=p&typeid=i","cat":284550},{"id":22087,"n":"Sucettes Chupa Chups Mini Assortiment x30 180g","p":1.85,"u":"10,28 €/KG","img":"https://fd2-photos.leclercdrive.fr/image.ashx?id=2647606&use=l&cat=p&typeid=i","cat":304250},{"id":22112,"n":"Vodka Sobieski 37.5%vol - 70cl","p":11.12,"u":"15,89 €/L","img":"https://fd2-photos.leclercdrive.fr/image.ashx?id=2948474&use=l&cat=p&typeid=i","cat":284550},{"id":22114,"n":"Thon Pêche Océan Mayonnaise - 2x135g","p":1.78,"u":"6,59 €/KG","img":"https://fd2-photos.leclercdrive.fr/image.ashx?id=2943650&use=l&cat=p&typeid=i","cat":303867},{"id":22115,"n":"Cidre brut Les Goelleries Bretagne 4.5%vol. - 1,5L","p":1.87,"u":"1,25 €/L","img":"https://fd2-photos.leclercdrive.fr/image.ashx?id=2842274&use=l&cat=p&typeid=i","cat":334880},{"id":22116,"n":"Pain de mie complet Epi d'Or Grandes tranches - 550g","p":1.22,"u":"2,22 €/KG","img":"https://fd2-photos.leclercdrive.fr/image.ashx?id=2861292&use=l&cat=p&typeid=i","cat":284477},{"id":22117,"n":"Pain de mie complet Epi d'Or Grandes tranches - 825g","p":1.78,"u":"2,16 €/KG","img":"https://fd2-photos.leclercdrive.fr/image.ashx?id=2860736&use=l&cat=p&typeid=i","cat":284477},{"id":22140,"n":"Crème anglaise Délisse 3x20cl","p":2.65,"u":"4,42 €/L","img":"https://fd2-photos.leclercdrive.fr/image.ashx?id=3002590&use=l&cat=p&typeid=i","cat":284382},{"id":22141,"n":"Riz Basmati Comptoir du grain Sélection Riz long - 5x90g","p":1.81,"u":"4,02 €/KG","img":"https://fd2-photos.leclercdrive.fr/image.ashx?id=2076685&use=l&cat=p&typeid=i","cat":284428},{"id":22142,"n":"Terrines chats Tous mes amis Spécial chaton - 4x400g","p":4.86,"u":"3,04 €/KG","img":"https://fd2-photos.leclercdrive.fr/image.ashx?id=2865194&use=l&cat=p&typeid=i","cat":285601},{"id":22143,"n":"Emincés Tous Mes Amis En sauce - 4x400g","p":4.39,"u":"2,74 €/KG","img":"https://fd2-photos.leclercdrive.fr/image.ashx?id=776773&use=l&cat=p&typeid=i","cat":285601},{"id":22207,"n":"Blanc de Poulet Tradilège -25% de sel - 4 Tranches - 160g","p":1.92,"u":"12,00 €/KG","img":"https://fd2-photos.leclercdrive.fr/image.ashx?id=2974969&use=l&cat=p&typeid=i","cat":316010},{"id":22208,"n":"Lait écrémé Bio Bio Village UHT - Bouteille : 6x1L","p":6.6,"u":"1,10 €/L","img":"https://fd2-photos.leclercdrive.fr/image.ashx?id=2970012&use=l&cat=p&typeid=i","cat":284949},{"id":22209,"n":"Lait entier UHT Bio Bio village Bouteille - 6x1L","p":8.94,"u":"1,49 €/L","img":"https://fd2-photos.leclercdrive.fr/image.ashx?id=2970021&use=l&cat=p&typeid=i","cat":285610},{"id":22212,"n":"Vin de l'Union Européenne rouge Vieux Papes - BIB 5L","p":11.37,"u":"2,27 €/L","img":"https://fd2-photos.leclercdrive.fr/image.ashx?id=2136139&use=l&cat=p&typeid=i","cat":289556},{"id":22249,"n":"Sandwich Baguette Mega Viennois  Sodebo Thon Oeuf - 270g","p":1.83,"u":"6,78 €/KG","img":"https://fd2-photos.leclercdrive.fr/image.ashx?id=2694596&use=l&cat=p&typeid=i","cat":333658},{"id":22253,"n":"Le Cheesecake Gü  Citron - 2x90g","p":3.62,"u":"40,22 €/KG","img":"https://fd2-photos.leclercdrive.fr/image.ashx?id=2516905&use=l&cat=p&typeid=i","cat":284419},{"id":22373,"n":"Carré pour la vaisselle Mamison x5","p":1.35,"img":"https://fd2-photos.leclercdrive.fr/image.ashx?id=1947483&use=l&cat=p&typeid=i","cat":284667},{"id":22374,"n":"Chiffons secs Clair Dépouissiérants x20","p":1.97,"img":"https://fd2-photos.leclercdrive.fr/image.ashx?id=2819926&use=l&cat=p&typeid=i","cat":325364},{"id":22388,"n":"IGP Ile de Beauté vin rosé Terres Ocrées 11.5%vol - BIB 3L","p":12.99,"u":"4,33 €/L","img":"https://fd2-photos.leclercdrive.fr/image.ashx?id=2863036&use=l&cat=p&typeid=i","cat":289560},{"id":22487,"n":"IGP Pays d'Oc rosé Roche Mazet Grenache Cinsault - BIB 3L","p":10.16,"u":"3,39 €/L","img":"https://fd2-photos.leclercdrive.fr/image.ashx?id=2597118&use=l&cat=p&typeid=i","cat":289560},{"id":22488,"n":"IGP Pays d'Oc rouge Roche Mazet Cabernet Sauvignon 12.5% BIB 3L","p":10.27,"u":"3,42 €/L","img":"https://fd2-photos.leclercdrive.fr/image.ashx?id=2597121&use=l&cat=p&typeid=i","cat":289560},{"id":22489,"n":"IGP Pays d'oc blancRoche Mazet Sauvignon - BIB 3L","p":10.76,"u":"3,59 €/L","img":"https://fd2-photos.leclercdrive.fr/image.ashx?id=2597124&use=l&cat=p&typeid=i","cat":289557},{"id":22506,"n":"Yaourts aromatisés Délisse 4 saveurs - 8x125g","p":2.79,"u":"2,79 €/KG","img":"https://fd2-photos.leclercdrive.fr/image.ashx?id=2758713&use=l&cat=p&typeid=i","cat":286006},{"id":22512,"n":"Compote Douceur du Verger  Pomme Abricot - 4x100g","p":1.09,"u":"2,73 €/KG","img":"https://fd2-photos.leclercdrive.fr/image.ashx?id=3012400&use=l&cat=p&typeid=i","cat":284416},{"id":22515,"n":"Boisson énergisante X-tense Canette - 6x25cl","p":2.34,"u":"1,56 €/L","img":"https://fd2-photos.leclercdrive.fr/image.ashx?id=2956062&use=l&cat=p&typeid=i","cat":284533},{"id":22516,"n":"Rhum blanc Charrette 49%vol. - 1.5L","p":22.5,"u":"15,00 €/L","img":"https://fd2-photos.leclercdrive.fr/image.ashx?id=1946420&use=l&cat=p&typeid=i","cat":284550},{"id":22556,"n":"AOC Bergerac vin rouge Terrasses d'Autan - BIB 3L","p":9.49,"u":"3,16 €/L","img":"https://fd2-photos.leclercdrive.fr/image.ashx?id=2659194&use=l&cat=p&typeid=i","cat":289560},{"id":22565,"n":"Yaourt Malo Vanille lait entier 4x125g","p":1.69,"u":"3,38 €/KG","img":"https://fd2-photos.leclercdrive.fr/image.ashx?id=2908021&use=l&cat=p&typeid=i","cat":286006},{"id":22566,"n":"Yaourts Malo Nature - 4x125g","p":1.4,"u":"2,80 €/KG","img":"https://fd2-photos.leclercdrive.fr/image.ashx?id=2908018&use=l&cat=p&typeid=i","cat":284409},{"id":22568,"n":"Yaourt nature Malo 8x125g","p":3.86,"u":"3,86 €/KG","img":"https://fd2-photos.leclercdrive.fr/image.ashx?id=2732998&use=l&cat=p&typeid=i","cat":284409},{"id":22569,"n":"Yaourts au lait entier Malo Citron - 4x125g","p":1.51,"u":"3,02 €/KG","img":"https://fd2-photos.leclercdrive.fr/image.ashx?id=2682240&use=l&cat=p&typeid=i","cat":286006},{"id":22572,"n":"Fromage frais Malo 7%MG Aux Fruits - 4x100g","p":1.4,"u":"3,50 €/KG","img":"https://fd2-photos.leclercdrive.fr/image.ashx?id=2504755&use=l&cat=p&typeid=i","cat":284410},{"id":22577,"n":"Yaourt aux fruits Malo Fraise Framboise - 4x125g","p":2.29,"u":"4,58 €/KG","img":"https://fd2-photos.leclercdrive.fr/image.ashx?id=2892652&use=l&cat=p&typeid=i","cat":284410},{"id":22587,"n":"IGP Côtés de Gascogne vin blanc Terrasses d'Autan 11.5% BIB 3L","p":8.49,"u":"2,83 €/L","img":"https://fd2-photos.leclercdrive.fr/image.ashx?id=2872700&use=l&cat=p&typeid=i","cat":289560},{"id":22588,"n":"IGP Pays d'Oc Chardonnay Blanc Vieux Carion 12% vol BIB 3L","p":8.99,"u":"3,00 €/L","img":"https://fd2-photos.leclercdrive.fr/image.ashx?id=2591397&use=l&cat=p&typeid=i","cat":289560},{"id":22589,"n":"Fromage Petit Munster AOP  Nos Régions ont du Talent 200g","p":3.55,"u":"17,75 €/KG","img":"https://fd2-photos.leclercdrive.fr/image.ashx?id=2546098&use=l&cat=p&typeid=i","cat":329558},{"id":22621,"n":"AOC Côtes du Rhône vin rosé Grégoire XI - 75 cl","p":2.99,"u":"3,99 €/L","img":"https://fd2-photos.leclercdrive.fr/image.ashx?id=1943376&use=l&cat=p&typeid=i","cat":289558},{"id":22653,"n":"Crème entière fluide UHT Bio Bio Village 30% MG - 25cl","p":1.85,"u":"7,40 €/L","img":"https://fd2-photos.leclercdrive.fr/image.ashx?id=2801795&use=l&cat=p&typeid=i","cat":284381},{"id":22654,"n":"Fromage St Nectaire NRT AOP  600g","p":8.67,"u":"14,45 €/KG","img":"https://fd2-photos.leclercdrive.fr/image.ashx?id=2550854&use=l&cat=p&typeid=i","cat":329184},{"id":22659,"n":"Cancoillotte nature NRT IGP 250g","p":1.97,"u":"7,88 €/KG","img":"https://fd2-photos.leclercdrive.fr/image.ashx?id=2663845&use=l&cat=p&typeid=i","cat":314037},{"id":22689,"n":"Confiture extra bio Bio Village Fraises - 370g","p":1.79,"u":"4,84 €/KG","img":"https://fd2-photos.leclercdrive.fr/image.ashx?id=2965626&use=l&cat=p&typeid=i","cat":284480},{"id":22690,"n":"Confiture extra bio Bio Village Abricots - 370g","p":1.79,"u":"4,84 €/KG","img":"https://fd2-photos.leclercdrive.fr/image.ashx?id=2965629&use=l&cat=p&typeid=i","cat":284480},{"id":22703,"n":"Chocolat au lait Bio Ethiquable  Riz soufflé - 100g","p":2.36,"u":"23,60 €/KG","img":"https://fd2-photos.leclercdrive.fr/image.ashx?id=2870869&use=l&cat=p&typeid=i","cat":284497},{"id":22754,"n":"Bière blonde Leffe 6,6% - format promo 24x25cl","p":13.99,"u":"2,33 €/L","img":"https://fd2-photos.leclercdrive.fr/image.ashx?id=2111076&use=l&cat=p&typeid=i","cat":334852},{"id":22786,"n":"Desserts lactés Délisse Chocolat caramel - 6x60g","p":1.36,"u":"3,78 €/KG","img":"https://fd2-photos.leclercdrive.fr/image.ashx?id=2318420&use=l&cat=p&typeid=i","cat":285041},{"id":22787,"n":"Saumon Ronde des Mers Petites tranches - 100g","p":3.69,"u":"36,90 €/KG","img":"https://fd2-photos.leclercdrive.fr/image.ashx?id=2966243&use=l&cat=p&typeid=i","cat":285188},{"id":22799,"n":"Mayonnaise Lesieur 710g","p":3.22,"u":"4,54 €/KG","img":"https://fd2-photos.leclercdrive.fr/image.ashx?id=2917693&use=l&cat=p&typeid=i","cat":298295},{"id":22803,"n":"Brioche tranchée Epi d'Or Nature - 700g","p":2.22,"u":"3,17 €/KG","img":"https://fd2-photos.leclercdrive.fr/image.ashx?id=2860733&use=l&cat=p&typeid=i","cat":284478},{"id":22804,"n":"Boisson végétale Bio Village Soja nature bio - 1l","p":0.88,"u":"0,88 €/L","img":"https://fd2-photos.leclercdrive.fr/image.ashx?id=2372350&use=l&cat=p&typeid=i","cat":316067},{"id":22805,"n":"Boisson végétale Bio Village Soja vanille bio - 1l","p":1.42,"u":"1,42 €/L","img":"https://fd2-photos.leclercdrive.fr/image.ashx?id=2357707&use=l&cat=p&typeid=i","cat":316067},{"id":22845,"n":"Nems Marie Tradition d'Asie Porc sauce nuoc x4 - 280g","p":2.14,"u":"7,64 €/KG","img":"https://fd2-photos.leclercdrive.fr/image.ashx?id=2985216&use=l&cat=p&typeid=i","cat":333673},{"id":22887,"n":"Beurre Bio Grand Fermage Doux - 82% MG - 250g","p":3.52,"u":"14,08 €/KG","img":"https://fd2-photos.leclercdrive.fr/image.ashx?id=2951842&use=l&cat=p&typeid=i","cat":284379},{"id":22893,"n":"Cidre doux Les Goelleries 2%vol. - 1,5L","p":2.09,"u":"1,39 €/L","img":"https://fd2-photos.leclercdrive.fr/image.ashx?id=2843791&use=l&cat=p&typeid=i","cat":334880},{"id":22894,"n":"Nettoyant spray Clair Ultra dégraissant - 750ml","p":1.18,"u":"1,57 €/L","img":"https://fd2-photos.leclercdrive.fr/image.ashx?id=2840386&use=l&cat=p&typeid=i","cat":325357},{"id":22895,"n":"Nettoyant spray Clair javel Salle de bains 750ml","p":1.46,"u":"1,95 €/L","img":"https://fd2-photos.leclercdrive.fr/image.ashx?id=2840473&use=l&cat=p&typeid=i","cat":325357},{"id":22898,"n":"Nettoyant Silex vitres d'insert Barbecue ultra décapante 750ml","p":3.99,"u":"5,32 €/L","img":"https://fd2-photos.leclercdrive.fr/image.ashx?id=2657087&use=l&cat=p&typeid=i","cat":325363},{"id":22902,"n":"Savon de Marseille Epsil Textiles délicats 400g","p":1.72,"u":"4,30 €/KG","img":"https://fd2-photos.leclercdrive.fr/image.ashx?id=2034938&use=l&cat=p&typeid=i","cat":284651},{"id":22907,"n":"Bière blonde Abbaye Alveringem Canette - 6.2%vol. - 50cl","p":1.39,"u":"2,78 €/L","img":"https://fd2-photos.leclercdrive.fr/image.ashx?id=2637898&use=l&cat=p&typeid=i","cat":334852},{"id":22960,"n":"Gants de ménage Mamison Taille M 1 paire","p":1.01,"img":"https://fd2-photos.leclercdrive.fr/image.ashx?id=2635679&use=l&cat=p&typeid=i","cat":284668},{"id":22961,"n":"Gants Mamison spécial vaisselle Taille M 1 paire","p":1.01,"u":"0,51 €/P","img":"https://fd2-photos.leclercdrive.fr/image.ashx?id=2595098&use=l&cat=p&typeid=i","cat":284668},{"id":22962,"n":"Gants Mamison spécial vaisselle Taille L 1 paire","p":1.01,"u":"50,50 €/L","img":"https://fd2-photos.leclercdrive.fr/image.ashx?id=2946172&use=l&cat=p&typeid=i","cat":284668},{"id":22967,"n":"Tampon à récurer Mamison Surfaces fragiles xs","p":1.32,"u":"0,66 €/P","img":"https://fd2-photos.leclercdrive.fr/image.ashx?id=2669699&use=l&cat=p&typeid=i","cat":284667},{"id":22968,"n":"Eponges grattantes Mamison Surfaces délicates x2","p":1.49,"u":"0,75 €/P","img":"https://fd2-photos.leclercdrive.fr/image.ashx?id=2202392&use=l&cat=p&typeid=i","cat":284667},{"id":22975,"n":"Crème visage hydrante  Inell Peau normale - 50ml","p":1.96,"u":"39,20 €/L","img":"https://fd2-photos.leclercdrive.fr/image.ashx?id=1665784&use=l&cat=p&typeid=i","cat":325345},{"id":22996,"n":"Nettoyant détachant Clair Tapis moquettes 600ml","p":2.16,"u":"3,60 €/L","img":"https://fd2-photos.leclercdrive.fr/image.ashx?id=2242721&use=l&cat=p&typeid=i","cat":284907},{"id":23000,"n":"Smoothie innocent fraise banane 750ml","p":2.54,"u":"3,39 €/L","img":"https://fd2-photos.leclercdrive.fr/image.ashx?id=2891241&use=l&cat=p&typeid=i","cat":285435},{"id":23012,"n":"Huile d'Argan Floressance Pure Argan Bio - 50ml","p":8.44,"u":"168,80 €/L","img":"https://fd2-photos.leclercdrive.fr/image.ashx?id=2990688&use=l&cat=p&typeid=i","cat":325349},{"id":23040,"n":"Café moulu Méo L'original Bio - 500g","p":8.41,"u":"16,82 €/KG","img":"https://fd2-photos.leclercdrive.fr/image.ashx?id=2571287&use=l&cat=p&typeid=i","cat":284750},{"id":23122,"n":"Fromage enfant Ficello Emmental à effilocher x4 - 84g","p":1.8,"u":"21,43 €/KG","img":"https://fd2-photos.leclercdrive.fr/image.ashx?id=2409553&use=l&cat=p&typeid=i","cat":314030},{"id":23123,"n":"Fromage enfant Ficello Nature à effilocher x4 -84g","p":1.8,"u":"21,43 €/KG","img":"https://fd2-photos.leclercdrive.fr/image.ashx?id=2375373&use=l&cat=p&typeid=i","cat":314030},{"id":23133,"n":"Pâte brisée Tablier Blanc Epaisse - 280g","p":1.65,"u":"5,89 €/KG","img":"https://fd2-photos.leclercdrive.fr/image.ashx?id=2635913&use=l&cat=p&typeid=i","cat":333681},{"id":23154,"n":"AOP Crémant Wolfberger Demi-sec d'Alsace - 75cl","p":7.52,"u":"10,03 €/L","img":"https://fd2-photos.leclercdrive.fr/image.ashx?id=2764197&use=l&cat=p&typeid=i","cat":284545},{"id":23157,"n":"AOP Champagne Brut Nicolas Feuillatte - 75cl","p":26.5,"pp":22.52,"u":"30,03 €/L","img":"https://fd2-photos.leclercdrive.fr/image.ashx?id=2962791&use=l&cat=p&typeid=i","cat":284542},{"id":23158,"n":"AOC Crémant de Bourgogne  Veuve Ambal Brut - 75cl","p":7.99,"pp":5.99,"u":"7,99 €/L","img":"https://fd2-photos.leclercdrive.fr/image.ashx?id=1737205&use=l&cat=p&typeid=i","cat":284545},{"id":23168,"n":"Beurre léger Les Croisés Doux - 40% MG - 250g","p":1.75,"u":"7,00 €/KG","img":"https://fd2-photos.leclercdrive.fr/image.ashx?id=2839909&use=l&cat=p&typeid=i","cat":284379},{"id":23170,"n":"Papier toilette Mimosa Décoré - Ultra Confort - x6","p":3.06,"u":"0,51 €/P","img":"https://fd2-photos.leclercdrive.fr/image.ashx?id=2434239&use=l&cat=p&typeid=i","cat":284634},{"id":23176,"n":"Pur jus de tomate Bio Village Bio - 1L","p":2.77,"u":"2,77 €/L","img":"https://fd2-photos.leclercdrive.fr/image.ashx?id=2954115&use=l&cat=p&typeid=i","cat":284523},{"id":23179,"n":"Pur jus 7 fruits Bio Village Bio - 1L","p":2.78,"u":"2,78 €/L","img":"https://fd2-photos.leclercdrive.fr/image.ashx?id=2901530&use=l&cat=p&typeid=i","cat":284917},{"id":23188,"n":"Tomato Ketchup Heinz - 250g","p":1.12,"u":"4,48 €/KG","img":"https://fd2-photos.leclercdrive.fr/image.ashx?id=2943801&use=l&cat=p&typeid=i","cat":284455},{"id":23190,"n":"Mayonnaise AMORA Recette Fouettée - 398g","p":2.1,"u":"5,28 €/KG","img":"https://fd2-photos.leclercdrive.fr/image.ashx?id=2598684&use=l&cat=p&typeid=i","cat":298295},{"id":23212,"n":"Compote Douceur du Verger Coupelle pomme framboise-4x100g","p":1.63,"u":"4,08 €/KG","img":"https://fd2-photos.leclercdrive.fr/image.ashx?id=2663494&use=l&cat=p&typeid=i","cat":284508},{"id":23219,"n":"Sauce Pesto Turini Basilic - 185g","p":1.3,"u":"7,03 €/KG","img":"https://fd2-photos.leclercdrive.fr/image.ashx?id=2546248&use=l&cat=p&typeid=i","cat":287599},{"id":23220,"n":"Chips Pom'Lisse Légumes - 100g","p":1.99,"u":"19,90 €/KG","img":"https://fd2-photos.leclercdrive.fr/image.ashx?id=2919610&use=l&cat=p&typeid=i","cat":284447},{"id":23221,"n":"Sauce Tomates Turini Basilic - 420g","p":1.15,"u":"2,74 €/KG","img":"https://fd2-photos.leclercdrive.fr/image.ashx?id=2487458&use=l&cat=p&typeid=i","cat":287599},{"id":23225,"n":"Compote bio Bio Village Coupelle pomme fraise - 4x100g","p":2.22,"u":"5,55 €/KG","img":"https://fd2-photos.leclercdrive.fr/image.ashx?id=2475179&use=l&cat=p&typeid=i","cat":284508},{"id":23226,"n":"Madeleines bio Bio Village Coquilles - 250g","p":1.88,"u":"7,52 €/KG","img":"https://fd2-photos.leclercdrive.fr/image.ashx?id=1947522&use=l&cat=p&typeid=i","cat":284492},{"id":23227,"n":"Chips Bio Village Bio - Nature - 125g","p":1.99,"u":"15,92 €/KG","img":"https://fd2-photos.leclercdrive.fr/image.ashx?id=2743834&use=l&cat=p&typeid=i","cat":284447},{"id":23235,"n":"Papillotes Préparation Maggi Côtes de porc au barbecue - 18g","p":0.7,"u":"38,89 €/KG","img":"https://fd2-photos.leclercdrive.fr/image.ashx?id=2953971&use=l&cat=p&typeid=i","cat":288380},{"id":23244,"n":"Désodorisant frigo Bien Air Sans parfum 40g","p":1.83,"u":"45,75 €/KG","img":"https://fd2-photos.leclercdrive.fr/image.ashx?id=2287737&use=l&cat=p&typeid=i","cat":311628},{"id":23248,"n":"Tampons Doulys Compact Mini - x20","p":2.86,"u":"0,14 €/P","img":"https://fd2-photos.leclercdrive.fr/image.ashx?id=2965494&use=l&cat=p&typeid=i","cat":284626},{"id":23249,"n":"Savon de Marseille Epsil Textiles délicats 4x200g","p":1.86,"u":"2,33 €/KG","img":"https://fd2-photos.leclercdrive.fr/image.ashx?id=2379591&use=l&cat=p&typeid=i","cat":284651},{"id":23253,"n":"Nettoyant spray Clair Surpuissant - 750ml","p":1.86,"u":"2,48 €/L","img":"https://fd2-photos.leclercdrive.fr/image.ashx?id=2520831&use=l&cat=p&typeid=i","cat":325357},{"id":23254,"n":"Baume après-rasage Carré Homme Apaisant px sensibles 100ml","p":2.67,"u":"26,70 €/L","img":"https://fd2-photos.leclercdrive.fr/image.ashx?id=2854234&use=l&cat=p&typeid=i","cat":288147},{"id":23256,"n":"Ramequins aluminium Elembal x12","p":2.05,"u":"0,17 €/P","img":"https://fd2-photos.leclercdrive.fr/image.ashx?id=1733354&use=l&cat=p&typeid=i","cat":334134},{"id":23271,"n":"Vin mousseux de France blanc Muscador doux 11.5% Vol 75cl","p":2.6,"u":"3,47 €/L","img":"https://fd2-photos.leclercdrive.fr/image.ashx?id=2157052&use=l&cat=p&typeid=i","cat":284544},{"id":23304,"n":"Feuilletés paniers Côté Table Saumon - 4x100g","p":4.45,"u":"11,13 €/KG","img":"https://fd2-photos.leclercdrive.fr/image.ashx?id=2549400&use=l&cat=p&typeid=i","cat":319776},{"id":23336,"n":"Soufflés Grignot' Tokapi Bacon - 90g","p":0.89,"u":"9,89 €/KG","img":"https://fd2-photos.leclercdrive.fr/image.ashx?id=1034682&use=l&cat=p&typeid=i","cat":284449},{"id":23363,"n":"Lait bébé poudre Nidal Nestlé 1er âge - 0-6 mois - 800g","p":12.96,"u":"16,20 €/KG","img":"https://fd2-photos.leclercdrive.fr/image.ashx?id=2811638&use=l&cat=p&typeid=i","cat":284726},{"id":23365,"n":"Lait bébé 2A NIDAL GEST  6-12 mois - 800g","p":12.25,"u":"15,31 €/KG","img":"https://fd2-photos.leclercdrive.fr/image.ashx?id=2890799&use=l&cat=p&typeid=i","cat":284727},{"id":23371,"n":"Mozzarella Maxi Les Croisés - 250g","p":1.86,"u":"7,44 €/KG","img":"https://fd2-photos.leclercdrive.fr/image.ashx?id=2992534&use=l&cat=p&typeid=i","cat":314026},{"id":23372,"n":"Ricotta Les Croisés - 250g","p":1.29,"u":"5,16 €/KG","img":"https://fd2-photos.leclercdrive.fr/image.ashx?id=2133294&use=l&cat=p&typeid=i","cat":314026},{"id":23407,"n":"Oranges à déguster  1kg","p":3.5,"u":"3,50 €/KG","img":"https://fd2-photos.leclercdrive.fr/image.ashx?id=1629582&use=l&cat=p&typeid=i","cat":284356},{"id":23411,"n":"Petits pains grillés Epi d'Or Froment - 400g","p":1.39,"u":"3,48 €/KG","img":"https://fd2-photos.leclercdrive.fr/image.ashx?id=2496413&use=l&cat=p&typeid=i","cat":284479},{"id":23429,"n":"Croquettes chat Tous mes amis Chatons - 2kg","p":4.07,"u":"2,04 €/KG","img":"https://fd2-photos.leclercdrive.fr/image.ashx?id=2710485&use=l&cat=p&typeid=i","cat":284680},{"id":23430,"n":"Croquettes chat Tous mes amis Lapin/volailles - 2kg","p":3.99,"u":"2,00 €/KG","img":"https://fd2-photos.leclercdrive.fr/image.ashx?id=2301605&use=l&cat=p&typeid=i","cat":284680},{"id":23433,"n":"Croquettes chiens Lydog Allégées - Volaille - 4kg","p":6.99,"u":"1,75 €/KG","img":"https://fd2-photos.leclercdrive.fr/image.ashx?id=1923562&use=l&cat=p&typeid=i","cat":284672},{"id":23434,"n":"Cacahuètes Tokapi Sans sel ajouté - 200g","p":0.76,"u":"3,80 €/KG","img":"https://fd2-photos.leclercdrive.fr/image.ashx?id=2858833&use=l&cat=p&typeid=i","cat":284448},{"id":23437,"n":"Maïs Notre Jardin Croquant - 285g","p":0.85,"u":"2,98 €/KG","img":"https://fd2-photos.leclercdrive.fr/image.ashx?id=2988048&use=l&cat=p&typeid=i","cat":312611},{"id":23438,"n":"Soufflés RingsTokapi Oignon - 60g","p":0.77,"u":"12,83 €/KG","img":"https://fd2-photos.leclercdrive.fr/image.ashx?id=2898838&use=l&cat=p&typeid=i","cat":284449},{"id":23439,"n":"Crème dessert Délisse Choco Billes bicompartiment 4x117g","p":1.99,"u":"4,25 €/KG","img":"https://fd2-photos.leclercdrive.fr/image.ashx?id=2965482&use=l&cat=p&typeid=i","cat":285041},{"id":23444,"n":"Quenelles Côté Table volaille Au naturel 255g","p":1.37,"u":"5,37 €/KG","img":"https://fd2-photos.leclercdrive.fr/image.ashx?id=2977870&use=l&cat=p&typeid=i","cat":284441},{"id":23450,"n":"Yaourts aux fruits Délisse Fruits rouges - 8x125g","p":2.29,"u":"2,29 €/KG","img":"https://fd2-photos.leclercdrive.fr/image.ashx?id=2616736&use=l&cat=p&typeid=i","cat":284410},{"id":23452,"n":"Terrines chats Tous mes amis Viandes variées - 4x400g","p":3.74,"u":"2,34 €/KG","img":"https://fd2-photos.leclercdrive.fr/image.ashx?id=2050660&use=l&cat=p&typeid=i","cat":285601},{"id":23485,"n":"Terrines de st Jacques Guyader 120g","p":3.09,"u":"25,75 €/KG","img":"https://fd2-photos.leclercdrive.fr/image.ashx?id=2504725&use=l&cat=p&typeid=i","cat":285191},{"id":23486,"n":"Terrines saumon Guyader 120g","p":2.57,"u":"21,42 €/KG","img":"https://fd2-photos.leclercdrive.fr/image.ashx?id=2504722&use=l&cat=p&typeid=i","cat":285191},{"id":23489,"n":"Rillettes de St Jacques Guyader 120g","p":2.6,"pp":1.82,"u":"15,17 €/KG","img":"https://fd2-photos.leclercdrive.fr/image.ashx?id=2750465&use=l&cat=p&typeid=i","cat":285191},{"id":23492,"n":"Bonbons sans sucres Confiséo Goût caramel - 120g","p":2.61,"u":"21,75 €/KG","img":"https://fd2-photos.leclercdrive.fr/image.ashx?id=2934670&use=l&cat=p&typeid=i","cat":304252},{"id":23499,"n":"Huile Bio Village mélange 4 huiles biologiques - 75 cl","p":3.99,"u":"5,32 €/L","img":"https://fd2-photos.leclercdrive.fr/image.ashx?id=3005703&use=l&cat=p&typeid=i","cat":284453},{"id":23500,"n":"Bouillon de légumes Bio Village Bio - 8x10g","p":1.69,"u":"21,13 €/KG","img":"https://fd2-photos.leclercdrive.fr/image.ashx?id=1943409&use=l&cat=p&typeid=i","cat":288379},{"id":23502,"n":"Pâtés de campagne Tradilège Supérieur VPF 2x50g","p":1.04,"u":"10,40 €/KG","img":"https://fd2-photos.leclercdrive.fr/image.ashx?id=2771612&use=l&cat=p&typeid=i","cat":316008},{"id":23543,"n":"Bière blonde Leffe 6,6% - 12x33cl","p":11.99,"u":"3,03 €/L","img":"https://fd2-photos.leclercdrive.fr/image.ashx?id=2811578&use=l&cat=p&typeid=i","cat":334852},{"id":23545,"n":"Rösti McCain 800g","p":1.99,"u":"2,49 €/KG","img":"https://fd2-photos.leclercdrive.fr/image.ashx?id=2988728&use=l&cat=p&typeid=i","cat":319792},{"id":23546,"n":"Poêlée savoyarde Marie Aux lardons fumés - 900g","p":4.39,"u":"4,88 €/KG","img":"https://fd2-photos.leclercdrive.fr/image.ashx?id=2996782&use=l&cat=p&typeid=i","cat":319823},{"id":23552,"n":"Lait bébé poudre Nidal Nestlé 2e âge -6-12 mois - 800g","p":10.77,"u":"13,46 €/KG","img":"https://fd2-photos.leclercdrive.fr/image.ashx?id=2805597&use=l&cat=p&typeid=i","cat":284727},{"id":23553,"n":"Lait bébé 1A NIDAL GEST  0-6 mois - 800g","p":14.49,"u":"18,11 €/KG","img":"https://fd2-photos.leclercdrive.fr/image.ashx?id=2890796&use=l&cat=p&typeid=i","cat":284726},{"id":23598,"n":"Fromage raclette Les Croisés Sans croûte - 28%mg - 400g","p":3.95,"u":"9,88 €/KG","img":"https://fd2-photos.leclercdrive.fr/image.ashx?id=2969752&use=l&cat=p&typeid=i","cat":314037},{"id":23618,"n":"Couscous Weight Watchers Oriental 300g","p":2.86,"u":"9,53 €/KG","img":"https://fd2-photos.leclercdrive.fr/image.ashx?id=2610915&use=l&cat=p&typeid=i","cat":333665},{"id":23631,"n":"Chocolat noir Equador Mini carrés 72% cacao 200g","p":4.35,"u":"21,75 €/KG","img":"https://fd2-photos.leclercdrive.fr/image.ashx?id=2856483&use=l&cat=p&typeid=i","cat":284956},{"id":23632,"n":"Liégeois Délisse Caramel - 4x100g","p":1.25,"u":"3,13 €/KG","img":"https://fd2-photos.leclercdrive.fr/image.ashx?id=2884240&use=l&cat=p&typeid=i","cat":285042},{"id":23633,"n":"Crème dessert Délisse Vanille sur lit caramel 4x125g","p":1.47,"u":"2,94 €/KG","img":"https://fd2-photos.leclercdrive.fr/image.ashx?id=2441276&use=l&cat=p&typeid=i","cat":285041},{"id":23636,"n":"Bouillon de volaille Rustica Dégraissé - Tablettes 12x10g","p":0.79,"u":"6,58 €/KG","img":"https://fd2-photos.leclercdrive.fr/image.ashx?id=1880033&use=l&cat=p&typeid=i","cat":288379},{"id":23709,"n":"Riz à la Cantonaise Marie 900g","p":4.8,"u":"5,33 €/KG","img":"https://fd2-photos.leclercdrive.fr/image.ashx?id=2996791&use=l&cat=p&typeid=i","cat":284254},{"id":23712,"n":"Saumon fumé Eco+ Atlantique - 200g","p":4.67,"u":"23,35 €/KG","img":"https://fd2-photos.leclercdrive.fr/image.ashx?id=2815725&use=l&cat=p&typeid=i","cat":285188},{"id":23715,"n":"Samoussa Tables du Monde Au boeuf - x4 - 220g","p":3.29,"u":"14,95 €/KG","img":"https://fd2-photos.leclercdrive.fr/image.ashx?id=2807190&use=l&cat=p&typeid=i","cat":333673},{"id":23716,"n":"Nems Marie Tradition d'Asie Crevette crabe sce nuoc x4 280g","p":2.48,"u":"8,86 €/KG","img":"https://fd2-photos.leclercdrive.fr/image.ashx?id=2985219&use=l&cat=p&typeid=i","cat":333673},{"id":23717,"n":"Nem au poulet Traditions d'Asie Sauce nuoc mam - x4 - 280g","p":2.02,"u":"7,21 €/KG","img":"https://fd2-photos.leclercdrive.fr/image.ashx?id=2985222&use=l&cat=p&typeid=i","cat":333673},{"id":23726,"n":"Aluminium Eco+ 30m","p":1.89,"u":"0,06 €/MT","img":"https://fd2-photos.leclercdrive.fr/image.ashx?id=2880216&use=l&cat=p&typeid=i","cat":334134},{"id":23727,"n":"Sacs poubelle 100L Eco+ x10","p":0.76,"u":"0,08 €/P","img":"https://fd2-photos.leclercdrive.fr/image.ashx?id=2793137&use=l&cat=p&typeid=i","cat":285168},{"id":23728,"n":"Huile de tournesol Eco+ 1L","p":1.63,"u":"1,63 €/L","img":"https://fd2-photos.leclercdrive.fr/image.ashx?id=2913636&use=l&cat=p&typeid=i","cat":284453},{"id":23729,"n":"Tomato Ketchup Eco+ 560g","p":0.88,"u":"1,57 €/KG","img":"https://fd2-photos.leclercdrive.fr/image.ashx?id=2954328&use=l&cat=p&typeid=i","cat":284455},{"id":23779,"n":"Camembert 21% MG Bio Bio Village - 250g","p":2.57,"u":"10,28 €/KG","img":"https://fd2-photos.leclercdrive.fr/image.ashx?id=2970750&use=l&cat=p&typeid=i","cat":314033},{"id":23780,"n":"Fromage raclette Eco+ Tranché 2x400g","p":6.64,"u":"8,30 €/KG","img":"https://fd2-photos.leclercdrive.fr/image.ashx?id=2712861&use=l&cat=p&typeid=i","cat":314037},{"id":23781,"n":"Beurre Bio Grand Fermage Demi-sel - 80% MG - 250g","p":3.27,"u":"13,08 €/KG","img":"https://fd2-photos.leclercdrive.fr/image.ashx?id=2951845&use=l&cat=p&typeid=i","cat":284379},{"id":23788,"n":"Pizza Bio Bio Village 3 fromages - 380g","p":3.24,"u":"8,53 €/KG","img":"https://fd2-photos.leclercdrive.fr/image.ashx?id=2946202&use=l&cat=p&typeid=i","cat":284256},{"id":23791,"n":"Tartines craquantes Epi d'Or Au blé complet - 250g","p":1.29,"u":"5,16 €/KG","img":"https://fd2-photos.leclercdrive.fr/image.ashx?id=2843788&use=l&cat=p&typeid=i","cat":284479},{"id":23794,"n":"Pain grillé Epi d'Or Blé complet x24 - 500g","p":1.72,"u":"3,44 €/KG","img":"https://fd2-photos.leclercdrive.fr/image.ashx?id=2680545&use=l&cat=p&typeid=i","cat":284479},{"id":23798,"n":"Riz Risotto Comptoir du Grain 500g","p":1.42,"u":"2,84 €/KG","img":"https://fd2-photos.leclercdrive.fr/image.ashx?id=2363283&use=l&cat=p&typeid=i","cat":284428},{"id":23799,"n":"Riz rond Comptoir du Grain Dessert - 1kg","p":1.94,"u":"1,94 €/KG","img":"https://fd2-photos.leclercdrive.fr/image.ashx?id=1957084&use=l&cat=p&typeid=i","cat":284428},{"id":23827,"n":"Cordon Bleu poulet Père Dodu  Les Bons plans x10 - 1kg","p":8.17,"u":"8,17 €/KG","img":"https://fd2-photos.leclercdrive.fr/image.ashx?id=2971095&use=l&cat=p&typeid=i","cat":333683},{"id":23881,"n":"Coulommiers Les Croisés  10 portions - 24%mg - 350g","p":3.19,"u":"9,11 €/KG","img":"https://fd2-photos.leclercdrive.fr/image.ashx?id=2339948&use=l&cat=p&typeid=i","cat":314033},{"id":23963,"n":"Beurre Tendre Les Croisés Demi-sel Allegé - 40% MG - 250g","p":2.25,"u":"9,00 €/KG","img":"https://fd2-photos.leclercdrive.fr/image.ashx?id=2839912&use=l&cat=p&typeid=i","cat":284379},{"id":23967,"n":"Lait demi-écrémé Grandlait Candia Bouteille - 6x50cl","p":4.08,"u":"1,36 €/L","img":"https://fd2-photos.leclercdrive.fr/image.ashx?id=2916195&use=l&cat=p&typeid=i","cat":284377},{"id":23968,"n":"Roquefort AOP Les Croisés Tranché 150g","p":2.29,"u":"15,27 €/KG","img":"https://fd2-photos.leclercdrive.fr/image.ashx?id=2676537&use=l&cat=p&typeid=i","cat":314032},{"id":23972,"n":"Fusili Côté Snack Pâtes Bolognaise - 300g","p":1.89,"u":"6,30 €/KG","img":"https://fd2-photos.leclercdrive.fr/image.ashx?id=2650898&use=l&cat=p&typeid=i","cat":334983},{"id":23973,"n":"Fusili Côté Snack Pâtes Carbonara - 300g","p":1.89,"u":"6,30 €/KG","img":"https://fd2-photos.leclercdrive.fr/image.ashx?id=2517682&use=l&cat=p&typeid=i","cat":334983},{"id":23978,"n":"Surprises fromagères Blini x20 - 218g","p":4.29,"u":"19,68 €/KG","img":"https://fd2-photos.leclercdrive.fr/image.ashx?id=1861892&use=l&cat=p&typeid=i","cat":319822},{"id":24028,"n":"Croque Fromage Père Dodu  x10 - 1kg - Les Bons Plans","p":5.44,"u":"5,44 €/KG","img":"https://fd2-photos.leclercdrive.fr/image.ashx?id=2966050&use=l&cat=p&typeid=i","cat":333683},{"id":24035,"n":"Echalotes semoule Rustica 36g","p":1.29,"u":"35,83 €/KG","img":"https://fd2-photos.leclercdrive.fr/image.ashx?id=2772951&use=l&cat=p&typeid=i","cat":298297},{"id":24047,"n":"Yaourts aromatisés Délisse Vanille - 4x125g","p":1.29,"u":"2,58 €/KG","img":"https://fd2-photos.leclercdrive.fr/image.ashx?id=2758710&use=l&cat=p&typeid=i","cat":286006},{"id":24050,"n":"Pâtée chats Tous mes amis Poulet en sauce - 80g","p":0.99,"u":"12,38 €/KG","img":"https://fd2-photos.leclercdrive.fr/image.ashx?id=2450309&use=l&cat=p&typeid=i","cat":285601},{"id":24081,"n":"Mayonnaise Fins Gourmets MAILLE Bocal - 320g","p":2.35,"u":"7,34 €/KG","img":"https://fd2-photos.leclercdrive.fr/image.ashx?id=2812750&use=l&cat=p&typeid=i","cat":298295},{"id":24083,"n":"Nuggets de Poulet  Père Dodu  x50 - 1kg - Les Bons plans","p":7.71,"u":"7,71 €/KG","img":"https://fd2-photos.leclercdrive.fr/image.ashx?id=2957086&use=l&cat=p&typeid=i","cat":333684},{"id":24094,"n":"Jus de pommes pressées Andros 1,5L","p":3.65,"u":"2,43 €/L","img":"https://fd2-photos.leclercdrive.fr/image.ashx?id=2902981&use=l&cat=p&typeid=i","cat":285435},{"id":24095,"n":"Jus de clémentines préssées Andros - 1,5L","p":3.66,"u":"2,44 €/L","img":"https://fd2-photos.leclercdrive.fr/image.ashx?id=2902984&use=l&cat=p&typeid=i","cat":285435},{"id":24162,"n":"Vinaigre balsamique Bio Village Bio 50cl","p":3.49,"u":"6,98 €/L","img":"https://fd2-photos.leclercdrive.fr/image.ashx?id=2865206&use=l&cat=p&typeid=i","cat":298543},{"id":24163,"n":"Infusion Tiséa Tilleul Citron 25 sachets 34g","p":1.69,"u":"48,29 €/KG","img":"https://fd2-photos.leclercdrive.fr/image.ashx?id=2441282&use=l&cat=p&typeid=i","cat":293234},{"id":24187,"n":"AOP Champagne Nicolas Feuillatte Brut Rosé - 75cl","p":23.38,"pp":22.13,"u":"29,51 €/L","img":"https://fd2-photos.leclercdrive.fr/image.ashx?id=2486338&use=l&cat=p&typeid=i","cat":284542},{"id":24258,"n":"Philadelphia Nature - 300g","p":2.81,"u":"9,37 €/KG","img":"https://fd2-photos.leclercdrive.fr/image.ashx?id=2787863&use=l&cat=p&typeid=i","cat":314029},{"id":24293,"n":"Céréales Extra Kellogg's Chocolat Noir Noisettes - 500g","p":3.24,"u":"6,48 €/KG","img":"https://fd2-photos.leclercdrive.fr/image.ashx?id=2692284&use=l&cat=p&typeid=i","cat":309512},{"id":24296,"n":"Sauce apéritif Old El Paso Salsa doux - 312g","p":2.28,"u":"7,31 €/KG","img":"https://fd2-photos.leclercdrive.fr/image.ashx?id=2859944&use=l&cat=p&typeid=i","cat":288993},{"id":24326,"n":"Pizza Turini Chorizo - 200g","p":1.65,"u":"8,25 €/KG","img":"https://fd2-photos.leclercdrive.fr/image.ashx?id=3010572&use=l&cat=p&typeid=i","cat":333679},{"id":24350,"n":"Lingettes rince doigt Clair x24","p":1.96,"u":"0,08 €/P","img":"https://fd2-photos.leclercdrive.fr/image.ashx?id=1883834&use=l&cat=p&typeid=i","cat":325358},{"id":24363,"n":"Boisson lactée Délisse Chocolat - 6x20cl","p":2.17,"u":"1,81 €/L","img":"https://fd2-photos.leclercdrive.fr/image.ashx?id=2169879&use=l&cat=p&typeid=i","cat":295246},{"id":24390,"n":"Pétales de blé Eco+ Chocolat - 750g","p":2.04,"u":"2,72 €/KG","img":"https://fd2-photos.leclercdrive.fr/image.ashx?id=2756831&use=l&cat=p&typeid=i","cat":309513},{"id":24403,"n":"Vodka Novotna Pure grain 37.5%vol - 1L","p":14.99,"u":"14,99 €/L","img":"https://fd2-photos.leclercdrive.fr/image.ashx?id=784848&use=l&cat=p&typeid=i","cat":284550},{"id":24410,"n":"Bonbons Copains Copines Tendres fruits - 360 g","p":2.05,"u":"5,69 €/KG","img":"https://fd2-photos.leclercdrive.fr/image.ashx?id=2934694&use=l&cat=p&typeid=i","cat":304250},{"id":24419,"n":"Caramels durs Confiséo A la crème fraîche - 175g","p":1.62,"u":"9,26 €/KG","img":"https://fd2-photos.leclercdrive.fr/image.ashx?id=2934691&use=l&cat=p&typeid=i","cat":304252},{"id":24420,"n":"Galettes Bretonnes NRT 100g","p":1.68,"u":"16,80 €/KG","img":"https://fd2-photos.leclercdrive.fr/image.ashx?id=2909419&use=l&cat=p&typeid=i","cat":284487},{"id":24474,"n":"Petites crevettes roses Pêche Océan - 125g","p":2.49,"u":"19,92 €/KG","img":"https://fd2-photos.leclercdrive.fr/image.ashx?id=2953635&use=l&cat=p&typeid=i","cat":284343},{"id":24500,"n":"Pain de mie nature Epi d'Or Sans croute - 500g","p":1.39,"u":"2,78 €/KG","img":"https://fd2-photos.leclercdrive.fr/image.ashx?id=2984658&use=l&cat=p&typeid=i","cat":284477},{"id":24615,"n":"Soin de jour Bio vital Mixa Tube 50ml","p":6.57,"u":"131,40 €/L","img":"https://fd2-photos.leclercdrive.fr/image.ashx?id=2286350&use=l&cat=p&typeid=i","cat":325345},{"id":24666,"n":"Roquefort AOP Société Fromage de brebis - 100g","p":2.67,"u":"26,70 €/KG","img":"https://fd2-photos.leclercdrive.fr/image.ashx?id=2729683&use=l&cat=p&typeid=i","cat":314032},{"id":24671,"n":"Crème Chantilly Bridelice Légère fouettée 20%mg - 250g","p":2.69,"u":"10,76 €/KG","img":"https://fd2-photos.leclercdrive.fr/image.ashx?id=2939313&use=l&cat=p&typeid=i","cat":284382},{"id":24672,"n":"Lait Matin Léger Lactel Sans lactose écrémé - 6x1l","p":11.29,"u":"1,88 €/L","img":"https://fd2-photos.leclercdrive.fr/image.ashx?id=2883546&use=l&cat=p&typeid=i","cat":317169},{"id":24674,"n":"Dentifrice Dentamyl 2en1 blancheur 75ml","p":1.3,"u":"17,33 €/L","img":"https://fd2-photos.leclercdrive.fr/image.ashx?id=2613834&use=l&cat=p&typeid=i","cat":284612},{"id":24756,"n":"Préservatifs Plug'In Classiques - x24","p":4.4,"u":"0,18 €/P","img":"https://fd2-photos.leclercdrive.fr/image.ashx?id=2856181&use=l&cat=p&typeid=i","cat":284631},{"id":24789,"n":"Oeufs De Nos Villages Moyen - Plein Air - x12","p":4.7,"u":"0,39 €/P","img":"https://fd2-photos.leclercdrive.fr/image.ashx?id=2228933&use=l&cat=p&typeid=i","cat":284378},{"id":24843,"n":"Magret de canard Montfort Sous vide - 360g","p":7.95,"u":"22,08 €/KG","img":"https://fd2-photos.leclercdrive.fr/image.ashx?id=2730973&use=l&cat=p&typeid=i","cat":284339},{"id":24847,"n":"Gâche tranchée ovale NRT Beurre - 450g","p":2.48,"u":"5,51 €/KG","img":"https://fd2-photos.leclercdrive.fr/image.ashx?id=2670443&use=l&cat=p&typeid=i","cat":284478},{"id":24886,"n":"Bâtonnets Trium Vanille Spéculoos x4 - 280g","p":3.19,"u":"11,39 €/KG","img":"https://fd2-photos.leclercdrive.fr/image.ashx?id=2920770&use=l&cat=p&typeid=i","cat":284265},{"id":24906,"n":"Mozzarella mini billes  Les Croisés - 150g","p":1.7,"u":"11,33 €/KG","img":"https://fd2-photos.leclercdrive.fr/image.ashx?id=2463468&use=l&cat=p&typeid=i","cat":314026},{"id":24952,"n":"Savon Le Petit Olivier Huile d'olive 250g","p":2.33,"u":"9,32 €/KG","img":"https://fd2-photos.leclercdrive.fr/image.ashx?id=2144845&use=l&cat=p&typeid=i","cat":284597},{"id":24968,"n":"Fromage de chèvre Petit Billy 45%mg - 200g","p":2.67,"u":"13,35 €/KG","img":"https://fd2-photos.leclercdrive.fr/image.ashx?id=2543136&use=l&cat=p&typeid=i","cat":314031},{"id":24969,"n":"Bûche chèvre Soignon -25%sel - 180g","p":2.69,"u":"14,94 €/KG","img":"https://fd2-photos.leclercdrive.fr/image.ashx?id=2836484&use=l&cat=p&typeid=i","cat":314031},{"id":24970,"n":"Crottin de chèvre Rians 23%mg - 2x60g","p":2.65,"u":"22,08 €/KG","img":"https://fd2-photos.leclercdrive.fr/image.ashx?id=2762094&use=l&cat=p&typeid=i","cat":314031},{"id":24971,"n":"Fromage Le Chèvre Soignon Boîte - 180g","p":2.46,"u":"13,67 €/KG","img":"https://fd2-photos.leclercdrive.fr/image.ashx?id=2676723&use=l&cat=p&typeid=i","cat":314031},{"id":24972,"n":"Chèvre à dorer Les Croisés x4 - 100g","p":1.77,"u":"17,70 €/KG","img":"https://fd2-photos.leclercdrive.fr/image.ashx?id=2978528&use=l&cat=p&typeid=i","cat":314027},{"id":24977,"n":"Pain hot dog Jacquet x4 -  240g","p":1.67,"u":"6,96 €/KG","img":"https://fd2-photos.leclercdrive.fr/image.ashx?id=2799293&use=l&cat=p&typeid=i","cat":284985},{"id":25006,"n":"Sauce béchamel Maggi Saveur à l'ancienne sachet -60g","p":0.59,"u":"9,83 €/KG","img":"https://fd2-photos.leclercdrive.fr/image.ashx?id=2697297&use=l&cat=p&typeid=i","cat":288381},{"id":25010,"n":"Barres Chocolatées KINDER Maxi Chocolat au Lait x10 - 210g","p":3.14,"u":"14,95 €/KG","img":"https://fd2-photos.leclercdrive.fr/image.ashx?id=2679609&use=l&cat=p&typeid=i","cat":284498},{"id":25027,"n":"Pots soir bébé bio Babybio Légumes riz - 6 mois - 2x200g","p":2.64,"u":"6,60 €/KG","img":"https://fd2-photos.leclercdrive.fr/image.ashx?id=2833474&use=l&cat=p&typeid=i","cat":312239},{"id":25028,"n":"Assiette Babybio Bio 12 mois Panais carotte polenta - 230g","p":1.81,"u":"7,87 €/KG","img":"https://fd2-photos.leclercdrive.fr/image.ashx?id=2875390&use=l&cat=p&typeid=i","cat":312239},{"id":25029,"n":"Assiette bébé bio Babybio Légumes agneau - 12 mois - 230g","p":2.04,"u":"8,87 €/KG","img":"https://fd2-photos.leclercdrive.fr/image.ashx?id=2855909&use=l&cat=p&typeid=i","cat":312237},{"id":25030,"n":"Petits pots Babynat Petits pois Cabillaud - 8mois 2x200g","p":2.73,"u":"6,83 €/KG","img":"https://fd2-photos.leclercdrive.fr/image.ashx?id=2825742&use=l&cat=p&typeid=i","cat":312236},{"id":25034,"n":"Mousse Coiffante Franck Provost A l'Huile d'Argan - 300ml","p":4.51,"u":"15,03 €/L","img":"https://fd2-photos.leclercdrive.fr/image.ashx?id=2575615&use=l&cat=p&typeid=i","cat":284609},{"id":25044,"n":"Nettoyant spray Clair Salle de bain - Mousse - 600ml","p":1.99,"u":"3,32 €/L","img":"https://fd2-photos.leclercdrive.fr/image.ashx?id=1705620&use=l&cat=p&typeid=i","cat":325357},{"id":25051,"n":"Boulettes de boeuf Férial x30 - 900g","p":7.39,"u":"8,21 €/KG","img":"https://fd2-photos.leclercdrive.fr/image.ashx?id=2966520&use=l&cat=p&typeid=i","cat":319779},{"id":25061,"n":"Cornichons Rustica Vinaigre - 360g","p":1.65,"u":"4,58 €/KG","img":"https://fd2-photos.leclercdrive.fr/image.ashx?id=2799763&use=l&cat=p&typeid=i","cat":284458},{"id":25064,"n":"Film étirable Alfapac Extensible auto-adhérent 50m","p":2.09,"img":"https://fd2-photos.leclercdrive.fr/image.ashx?id=2918271&use=l&cat=p&typeid=i","cat":334134},{"id":25067,"n":"Oeufs frais De Nos Régions Plein Air - Label Rouge - x12","p":3.58,"u":"0,30 €/P","img":"https://fd2-photos.leclercdrive.fr/image.ashx?id=2969743&use=l&cat=p&typeid=i","cat":284378},{"id":25068,"n":"Oeufs frais De Nos Régions Plein Air - Label rouge - x6","p":1.79,"u":"0,30 €/P","img":"https://fd2-photos.leclercdrive.fr/image.ashx?id=2969725&use=l&cat=p&typeid=i","cat":284378},{"id":25079,"n":"Mozzarella bufala Casa Azzurra Boule - 125g","p":1.88,"u":"15,04 €/KG","img":"https://fd2-photos.leclercdrive.fr/image.ashx?id=2899533&use=l&cat=p&typeid=i","cat":314026},{"id":25080,"n":"Parmigiano Reggiano AOP Les Croisés - 200G","p":4.99,"u":"24,95 €/KG","img":"https://fd2-photos.leclercdrive.fr/image.ashx?id=2903959&use=l&cat=p&typeid=i","cat":314034},{"id":25085,"n":"Lait bio Bio Village Bouteille  Demi-écrémé UHT -  6x50cl","p":5.22,"u":"1,74 €/L","img":"https://fd2-photos.leclercdrive.fr/image.ashx?id=2970003&use=l&cat=p&typeid=i","cat":284377},{"id":25093,"n":"Yaourts brassés Délisse Fruits jaunes - 8x125 g","p":2.28,"u":"2,28 €/KG","img":"https://fd2-photos.leclercdrive.fr/image.ashx?id=2495536&use=l&cat=p&typeid=i","cat":284410},{"id":25095,"n":"Yaourts brassés Délisse Fruits rouges - 8X125g","p":2.27,"u":"2,27 €/KG","img":"https://fd2-photos.leclercdrive.fr/image.ashx?id=2494217&use=l&cat=p&typeid=i","cat":284410},{"id":25124,"n":"Pur jus Multifruits Bio Village Bio - 6x20cl","p":3.11,"u":"2,59 €/L","img":"https://fd2-photos.leclercdrive.fr/image.ashx?id=2671019&use=l&cat=p&typeid=i","cat":284524},{"id":25125,"n":"Pur jus d'orange Bio Village Bio - 6x20cl","p":2.99,"u":"2,49 €/L","img":"https://fd2-photos.leclercdrive.fr/image.ashx?id=2671016&use=l&cat=p&typeid=i","cat":284521},{"id":25151,"n":"Confiture Bonne Maman Abricots et Framboises - 370g","p":2.65,"u":"7,16 €/KG","img":"https://fd2-photos.leclercdrive.fr/image.ashx?id=2474990&use=l&cat=p&typeid=i","cat":284480},{"id":25153,"n":"Confiture Bonne Maman Abricots - 750g","p":3.4,"u":"4,53 €/KG","img":"https://fd2-photos.leclercdrive.fr/image.ashx?id=2125731&use=l&cat=p&typeid=i","cat":284480},{"id":25164,"n":"Crème dessert Délisse Chocolat noir 4x125g","p":1.05,"u":"2,10 €/KG","img":"https://fd2-photos.leclercdrive.fr/image.ashx?id=2694283&use=l&cat=p&typeid=i","cat":285041},{"id":25171,"n":"Lardons fumés Tradilège Moins 25% de sel 2x75g","p":1.65,"u":"11,00 €/KG","img":"https://fd2-photos.leclercdrive.fr/image.ashx?id=2955267&use=l&cat=p&typeid=i","cat":316011},{"id":25172,"n":"Sacs poubelle 30L Alfapac Ultra résistant Coulissac - x20","p":3.29,"u":"0,16 €/P","img":"https://fd2-photos.leclercdrive.fr/image.ashx?id=2732359&use=l&cat=p&typeid=i","cat":285168},{"id":25178,"n":"Confiture Bonne Maman Prunes bocal - 370g","p":1.89,"u":"5,11 €/KG","img":"https://fd2-photos.leclercdrive.fr/image.ashx?id=2574008&use=l&cat=p&typeid=i","cat":284480},{"id":25203,"n":"Queues de crevettes Pêche Océan Décortiquées cuites 300g","p":6.58,"u":"21,93 €/KG","img":"https://fd2-photos.leclercdrive.fr/image.ashx?id=1976859&use=l&cat=p&typeid=i","cat":319787},{"id":25204,"n":"Petits pois d'aucy  Tendres et fondants - 560g","p":2.15,"u":"3,84 €/KG","img":"https://fd2-photos.leclercdrive.fr/image.ashx?id=2438126&use=l&cat=p&typeid=i","cat":312607},{"id":25205,"n":"Pois carottes D'aucy  Tendres et fondants -530g","p":1.75,"u":"3,30 €/KG","img":"https://fd2-photos.leclercdrive.fr/image.ashx?id=2426367&use=l&cat=p&typeid=i","cat":312607},{"id":25207,"n":"Cornichons Rustica Extra fins - 185g","p":1.28,"u":"6,92 €/KG","img":"https://fd2-photos.leclercdrive.fr/image.ashx?id=2799760&use=l&cat=p&typeid=i","cat":284458},{"id":25220,"n":"Cotons Démaquillants Demak'Up Sensitive - Disques x64","p":1.1,"u":"0,02 €/P","img":"https://fd2-photos.leclercdrive.fr/image.ashx?id=2966983&use=l&cat=p&typeid=i","cat":285593},{"id":25236,"n":"Croque Jambon Père Dodu  Dinde x2 - 200g","p":2.49,"u":"12,45 €/KG","img":"https://fd2-photos.leclercdrive.fr/image.ashx?id=2956984&use=l&cat=p&typeid=i","cat":333683},{"id":25311,"n":"Carpaccio au Basilic Bigard - 190g","p":5.2,"u":"27,37 €/KG","img":"https://fd2-photos.leclercdrive.fr/image.ashx?id=2208345&use=l&cat=p&typeid=i","cat":284328},{"id":25312,"n":"Carpaccio au Parmesan Bigard - 190g","p":5.2,"u":"27,37 €/KG","img":"https://fd2-photos.leclercdrive.fr/image.ashx?id=2208348&use=l&cat=p&typeid=i","cat":284328},{"id":25342,"n":"Céréales Trésor Kellogg's Chocolat au lait - 1kg","p":6.26,"u":"6,26 €/KG","img":"https://fd2-photos.leclercdrive.fr/image.ashx?id=2598319&use=l&cat=p&typeid=i","cat":309513},{"id":25343,"n":"Céréales Trésor de Kellogg's Chocolat Noisettes - 1kg","p":6.17,"u":"6,17 €/KG","img":"https://fd2-photos.leclercdrive.fr/image.ashx?id=2598316&use=l&cat=p&typeid=i","cat":309513},{"id":25359,"n":"Tablette chocolat blanc Lindt Vanille - 100g","p":2.18,"u":"21,80 €/KG","img":"https://fd2-photos.leclercdrive.fr/image.ashx?id=2755318&use=l&cat=p&typeid=i","cat":284957},{"id":25361,"n":"Chocolat Pâtissier Nestlé Dessert : Caramel - 170g","p":3.04,"u":"17,88 €/KG","img":"https://fd2-photos.leclercdrive.fr/image.ashx?id=2902346&use=l&cat=p&typeid=i","cat":285562},{"id":25366,"n":"Tablette de chocolat noir Lindt 90% cacao - 100g","p":2.23,"u":"22,30 €/KG","img":"https://fd2-photos.leclercdrive.fr/image.ashx?id=2689502&use=l&cat=p&typeid=i","cat":284956},{"id":25407,"n":"Bonbons LUTTI Luttimint Menthe - 250g","p":1.76,"u":"7,04 €/KG","img":"https://fd2-photos.leclercdrive.fr/image.ashx?id=2815019&use=l&cat=p&typeid=i","cat":304252},{"id":25424,"n":"Pâtes Farfalle Panzani 1kg","p":2.05,"u":"2,05 €/KG","img":"https://fd2-photos.leclercdrive.fr/image.ashx?id=2876047&use=l&cat=p&typeid=i","cat":284427},{"id":25425,"n":"Biscuits apéritif Lay's 3D's Goût Cacahuetes - 85g","p":0.79,"u":"9,29 €/KG","img":"https://fd2-photos.leclercdrive.fr/image.ashx?id=2916824&use=l&cat=p&typeid=i","cat":284449},{"id":25445,"n":"Lait poudre Croissance Modilac  De 12 mois à 36 mois - 800g","p":13.07,"u":"16,34 €/KG","img":"https://fd2-photos.leclercdrive.fr/image.ashx?id=2873390&use=l&cat=p&typeid=i","cat":290219},{"id":25446,"n":"Lait croissance Nidal Nestlé Dès 12 mois - 800g","p":9.02,"u":"11,28 €/KG","img":"https://fd2-photos.leclercdrive.fr/image.ashx?id=2806405&use=l&cat=p&typeid=i","cat":290219},{"id":25465,"n":"Recharge distributeur Canderel Comprimés x600 - 51g","p":4.79,"u":"93,92 €/KG","img":"https://fd2-photos.leclercdrive.fr/image.ashx?id=2811008&use=l&cat=p&typeid=i","cat":324846},{"id":25482,"n":"Soupe liquide Liebig  Cèpes et Bolets - 1L","p":2.54,"u":"2,54 €/L","img":"https://fd2-photos.leclercdrive.fr/image.ashx?id=2766728&use=l&cat=p&typeid=i","cat":284462},{"id":25485,"n":"Miel de fleurs Lune de Miel Spécialités 500g","p":4.19,"u":"8,38 €/KG","img":"https://fd2-photos.leclercdrive.fr/image.ashx?id=2972409&use=l&cat=p&typeid=i","cat":287643},{"id":25492,"n":"Confiture Bonne Maman Fraise & fraises des bois 370g","p":2.54,"u":"6,86 €/KG","img":"https://fd2-photos.leclercdrive.fr/image.ashx?id=2999841&use=l&cat=p&typeid=i","cat":284480},{"id":25493,"n":"Bouillon Cube Maggi Pot au feu - 180g","p":1.66,"u":"9,22 €/KG","img":"https://fd2-photos.leclercdrive.fr/image.ashx?id=2212315&use=l&cat=p&typeid=i","cat":288379},{"id":25500,"n":"Recharge Dentamyl x2 Pour brosse à dents à pile","p":4.35,"u":"2,18 €/P","img":"https://fd2-photos.leclercdrive.fr/image.ashx?id=1872582&use=l&cat=p&typeid=i","cat":297133},{"id":25515,"n":"Eau minérale naturelle Vittel 6x1L","p":2.5,"u":"0,42 €/L","img":"https://fd2-photos.leclercdrive.fr/image.ashx?id=2276654&use=l&cat=p&typeid=i","cat":284535},{"id":25516,"n":"Eau de source Cristaline 12x50cl","p":1.8,"u":"0,30 €/L","img":"https://fd2-photos.leclercdrive.fr/image.ashx?id=2872874&use=l&cat=p&typeid=i","cat":284535},{"id":25525,"n":"Boisson aux fruits Oasis Tropical - 4x50cl","p":4.4,"u":"2,20 €/L","img":"https://fd2-photos.leclercdrive.fr/image.ashx?id=3014446&use=l&cat=p&typeid=i","cat":295018},{"id":25527,"n":"Boisson aux fruits Oasis Multifruits - 2L","p":2.22,"u":"1,11 €/L","img":"https://fd2-photos.leclercdrive.fr/image.ashx?id=2688674&use=l&cat=p&typeid=i","cat":295018},{"id":25530,"n":"Sucre Béghin Say pure canne petits morceaux - 1kg","p":2.39,"u":"2,39 €/KG","img":"https://fd2-photos.leclercdrive.fr/image.ashx?id=2949919&use=l&cat=p&typeid=i","cat":284502},{"id":25540,"n":"Soda à l'orange Orangina 4x50cl","p":4.45,"u":"2,23 €/L","img":"https://fd2-photos.leclercdrive.fr/image.ashx?id=2574952&use=l&cat=p&typeid=i","cat":284532},{"id":25541,"n":"Soda à l'orange Orangina 6x25cl","p":4.1,"u":"2,73 €/L","img":"https://fd2-photos.leclercdrive.fr/image.ashx?id=2495653&use=l&cat=p&typeid=i","cat":284532},{"id":25550,"n":"Soda Schweppes Indian Tonic Zero - 1,5L","p":1.72,"u":"1,15 €/L","img":"https://fd2-photos.leclercdrive.fr/image.ashx?id=2852393&use=l&cat=p&typeid=i","cat":284531},{"id":25553,"n":"Soda Schweppes Saveur Agrumes - 4x50cl","p":3.95,"u":"1,98 €/L","img":"https://fd2-photos.leclercdrive.fr/image.ashx?id=2852402&use=l&cat=p&typeid=i","cat":284532},{"id":25554,"n":"Soda Schweppes Saveur Citron Zero - 1,5L","p":1.69,"u":"1,13 €/L","img":"https://fd2-photos.leclercdrive.fr/image.ashx?id=2852396&use=l&cat=p&typeid=i","cat":284532},{"id":25567,"n":"Jus d'orange Jafaden A base de concentré  - 2L","p":3.51,"u":"1,76 €/L","img":"https://fd2-photos.leclercdrive.fr/image.ashx?id=2751892&use=l&cat=p&typeid=i","cat":284521},{"id":25575,"n":"Limonade artisanale Lorina Bouteille - 1L","p":3.01,"u":"3,01 €/L","img":"https://fd2-photos.leclercdrive.fr/image.ashx?id=2735137&use=l&cat=p&typeid=i","cat":284531},{"id":25576,"n":"Limonade Cristal Lorina 1,25L","p":2.3,"u":"1,84 €/L","img":"https://fd2-photos.leclercdrive.fr/image.ashx?id=2575555&use=l&cat=p&typeid=i","cat":284531},{"id":25580,"n":"Thé glacé Lipton Ice Tea Pêche Le lot de 12x15cl canettes","p":4.25,"u":"28,33 €/L","img":"https://fd2-photos.leclercdrive.fr/image.ashx?id=2505459&use=l&cat=p&typeid=i","cat":295019},{"id":25586,"n":"Apéritif à base de vin Martini Rosato 14,4° - 100cl","p":8.0,"u":"8,00 €/L","img":"https://fd2-photos.leclercdrive.fr/image.ashx?id=2842537&use=l&cat=p&typeid=i","cat":284913},{"id":25587,"n":"Vin mousseux de France Kriter Blanc Brut - 75cl","p":4.95,"u":"6,60 €/L","img":"https://fd2-photos.leclercdrive.fr/image.ashx?id=2840868&use=l&cat=p&typeid=i","cat":284544},{"id":25589,"n":"Nectar Bio Pressade Orange pêche abricot - 1,5L","p":2.57,"u":"1,71 €/L","img":"https://fd2-photos.leclercdrive.fr/image.ashx?id=2732503&use=l&cat=p&typeid=i","cat":284521},{"id":25593,"n":"Boisson aux fruits Capri Sun Multivitaminé - 10x20cl","p":3.28,"u":"1,64 €/L","img":"https://fd2-photos.leclercdrive.fr/image.ashx?id=2447067&use=l&cat=p&typeid=i","cat":295018},{"id":25596,"n":"Nectar Bio Pressade Multifruits - 6x20cl","p":2.71,"u":"2,26 €/L","img":"https://fd2-photos.leclercdrive.fr/image.ashx?id=2732518&use=l&cat=p&typeid=i","cat":284524},{"id":25607,"n":"Eau minérale gazeuse Perrier  Naturelle  - 6x50cl","p":3.5,"u":"1,17 €/L","img":"https://fd2-photos.leclercdrive.fr/image.ashx?id=2493916&use=l&cat=p&typeid=i","cat":284536},{"id":25609,"n":"Saucisses aux lentilles  William Saurin- 840g","p":3.29,"u":"3,92 €/KG","img":"https://fd2-photos.leclercdrive.fr/image.ashx?id=2890070&use=l&cat=p&typeid=i","cat":284441},{"id":25614,"n":"Boisson Citronnade Pulco Citron - 1,5L","p":2.09,"u":"1,39 €/L","img":"https://fd2-photos.leclercdrive.fr/image.ashx?id=2941526&use=l&cat=p&typeid=i","cat":295018},{"id":25619,"n":"Pastis Ricard Anisé 45% vol - 1,5L","p":29.48,"u":"19,65 €/L","img":"https://fd2-photos.leclercdrive.fr/image.ashx?id=2839115&use=l&cat=p&typeid=i","cat":284548},{"id":25627,"n":"Sirop Moulin de Valdonne Violette - 70cl","p":3.5,"u":"5,00 €/L","img":"https://fd2-photos.leclercdrive.fr/image.ashx?id=2756918&use=l&cat=p&typeid=i","cat":295020},{"id":25632,"n":"Vodka Absolut 40% vol - 70cl","p":17.35,"u":"24,79 €/L","img":"https://fd2-photos.leclercdrive.fr/image.ashx?id=2887239&use=l&cat=p&typeid=i","cat":284550},{"id":25663,"n":"Chips à l'ancienne Pom'Lisse Nature - 270g","p":1.85,"u":"6,85 €/KG","img":"https://fd2-photos.leclercdrive.fr/image.ashx?id=2724835&use=l&cat=p&typeid=i","cat":284447},{"id":25685,"n":"Bouillon Cube Maggi Boeuf - 180g","p":1.77,"u":"9,83 €/KG","img":"https://fd2-photos.leclercdrive.fr/image.ashx?id=2882896&use=l&cat=p&typeid=i","cat":288379},{"id":25686,"n":"Bouillon Cube Maggi Volaille - 180g","p":1.66,"u":"9,22 €/KG","img":"https://fd2-photos.leclercdrive.fr/image.ashx?id=2737003&use=l&cat=p&typeid=i","cat":288379},{"id":25689,"n":"AOC Coteaux Varois rosé Terres de Saint-Louis - 75cl","p":5.85,"u":"7,80 €/L","img":"https://fd2-photos.leclercdrive.fr/image.ashx?id=2105905&use=l&cat=p&typeid=i","cat":289558},{"id":25709,"n":"Madeleines Ker Cadélac Extra moelleuses chocolat 600g","p":3.09,"u":"5,15 €/KG","img":"https://fd2-photos.leclercdrive.fr/image.ashx?id=2959934&use=l&cat=p&typeid=i","cat":284492},{"id":25729,"n":"Vinaigrette balsamique Puget Tomate séchée - 33cl","p":2.28,"u":"6,91 €/L","img":"https://fd2-photos.leclercdrive.fr/image.ashx?id=2912143&use=l&cat=p&typeid=i","cat":284456},{"id":25738,"n":"Blanc de poulet Fleury Michon -25% de sel x4 - 160g","p":2.05,"u":"12,81 €/KG","img":"https://fd2-photos.leclercdrive.fr/image.ashx?id=2885974&use=l&cat=p&typeid=i","cat":316010},{"id":25739,"n":"Bûche de chèvre Les Croisés Fondante 22%mg - 180g","p":1.84,"u":"10,22 €/KG","img":"https://fd2-photos.leclercdrive.fr/image.ashx?id=2946838&use=l&cat=p&typeid=i","cat":314031},{"id":25741,"n":"Grana Padano AOP Les Croisés - 200g","p":3.35,"u":"16,75 €/KG","img":"https://fd2-photos.leclercdrive.fr/image.ashx?id=2954088&use=l&cat=p&typeid=i","cat":314034},{"id":25742,"n":"Macédoine Menu Fraîcheur  Légumes - 300g","p":1.59,"u":"5,30 €/KG","img":"https://fd2-photos.leclercdrive.fr/image.ashx?id=2901446&use=l&cat=p&typeid=i","cat":333657},{"id":25743,"n":"Mascarpone Les Croisés - 500g","p":3.08,"u":"6,16 €/KG","img":"https://fd2-photos.leclercdrive.fr/image.ashx?id=2123626&use=l&cat=p&typeid=i","cat":314026},{"id":25744,"n":"Nems au Poulet Tables du Monde  x4  - 280g","p":1.79,"u":"6,39 €/KG","img":"https://fd2-photos.leclercdrive.fr/image.ashx?id=2953338&use=l&cat=p&typeid=i","cat":333673},{"id":25748,"n":"Hachés au colin d'Alaska Pêche Océan - 200g","p":2.24,"u":"11,20 €/KG","img":"https://fd2-photos.leclercdrive.fr/image.ashx?id=2953623&use=l&cat=p&typeid=i","cat":284344},{"id":25749,"n":"Hachés au saumon Pêche Océan à la ciboulette - 200g","p":2.25,"u":"11,25 €/KG","img":"https://fd2-photos.leclercdrive.fr/image.ashx?id=2953632&use=l&cat=p&typeid=i","cat":284344},{"id":25750,"n":"Trio crudités Menu Fraîcheur  Carotte céleri maïs - 300g","p":1.46,"u":"4,87 €/KG","img":"https://fd2-photos.leclercdrive.fr/image.ashx?id=2645936&use=l&cat=p&typeid=i","cat":333657},{"id":25753,"n":"Génoises fourrées Eco+ Framboise - 300g","p":1.9,"u":"6,33 €/KG","img":"https://fd2-photos.leclercdrive.fr/image.ashx?id=2477532&use=l&cat=p&typeid=i","cat":284489},{"id":25759,"n":"Barquettes chats Gourmet Gold Double délice luxe mix - 12x85g","p":5.42,"u":"5,31 €/KG","img":"https://fd2-photos.leclercdrive.fr/image.ashx?id=2857096&use=l&cat=p&typeid=i","cat":285286},{"id":25762,"n":"Bâtonnets Dentastix Pedigree Grand chien x28 - 1080g","p":7.93,"u":"7,34 €/KG","img":"https://fd2-photos.leclercdrive.fr/image.ashx?id=2924776&use=l&cat=p&typeid=i","cat":294527},{"id":25765,"n":"Céréales Nestlé Mix Chocapic, Lion, Nesquik x6","p":2.55,"u":"13,42 €/KG","img":"https://fd2-photos.leclercdrive.fr/image.ashx?id=2981364&use=l&cat=p&typeid=i","cat":309513},{"id":25779,"n":"Yaourts Lait de chèvre Soignon Nature - 4x125g","p":2.2,"u":"4,40 €/KG","img":"https://fd2-photos.leclercdrive.fr/image.ashx?id=2518250&use=l&cat=p&typeid=i","cat":314998},{"id":25790,"n":"Sucre pure canne Bio Village En morceaux bio - 500g","p":2.09,"u":"4,18 €/KG","img":"https://fd2-photos.leclercdrive.fr/image.ashx?id=3010440&use=l&cat=p&typeid=i","cat":284502},{"id":25802,"n":"Allumettes allégées Tradilège Fumées - 2x75g","p":2.05,"u":"13,67 €/KG","img":"https://fd2-photos.leclercdrive.fr/image.ashx?id=2968640&use=l&cat=p&typeid=i","cat":316011},{"id":25806,"n":"Lingettes bébé H2O Biolane Epaisses - x72","p":1.85,"u":"0,03 €/P","img":"https://fd2-photos.leclercdrive.fr/image.ashx?id=2877910&use=l&cat=p&typeid=i","cat":284738},{"id":25808,"n":"Protection incontinence Chorys Homme - Important - x20","p":5.38,"u":"0,27 €/P","img":"https://fd2-photos.leclercdrive.fr/image.ashx?id=2672933&use=l&cat=p&typeid=i","cat":291514},{"id":25810,"n":"Coeur de crème Les Croisés 200g","p":1.99,"u":"9,95 €/KG","img":"https://fd2-photos.leclercdrive.fr/image.ashx?id=2375546&use=l&cat=p&typeid=i","cat":314033},{"id":25815,"n":"Dessert lacté Délisse Chocolat - 4x100g","p":1.27,"u":"3,18 €/KG","img":"https://fd2-photos.leclercdrive.fr/image.ashx?id=1980205&use=l&cat=p&typeid=i","cat":285041},{"id":25817,"n":"Emincés de saumon fumé ASC Ronde des mers - 100g","p":4.49,"u":"44,90 €/KG","img":"https://fd2-photos.leclercdrive.fr/image.ashx?id=2953620&use=l&cat=p&typeid=i","cat":285188},{"id":25818,"n":"Émincés de saumon fumé ASC Ronde de mers - 100g","p":4.49,"u":"44,90 €/KG","img":"https://fd2-photos.leclercdrive.fr/image.ashx?id=2953617&use=l&cat=p&typeid=i","cat":285188},{"id":25819,"n":"Feuilletés Jambon Emmental Coté Table - 2x140g","p":2.99,"u":"10,68 €/KG","img":"https://fd2-photos.leclercdrive.fr/image.ashx?id=2846517&use=l&cat=p&typeid=i","cat":333671},{"id":25820,"n":"Flammekueche Coté Table 350g","p":1.88,"u":"5,37 €/KG","img":"https://fd2-photos.leclercdrive.fr/image.ashx?id=2064819&use=l&cat=p&typeid=i","cat":333680},{"id":25821,"n":"Filets de Limande du Nord MSC Pêche Océan - 500g","p":5.99,"u":"11,98 €/KG","img":"https://fd2-photos.leclercdrive.fr/image.ashx?id=2807187&use=l&cat=p&typeid=i","cat":319786},{"id":25822,"n":"Fromage à tartiner Les Croisés Nature - 24%mg - 300g","p":1.84,"u":"6,13 €/KG","img":"https://fd2-photos.leclercdrive.fr/image.ashx?id=1975032&use=l&cat=p&typeid=i","cat":314029},{"id":25825,"n":"Fromage de brebis Les Croisés 210g","p":2.87,"u":"13,67 €/KG","img":"https://fd2-photos.leclercdrive.fr/image.ashx?id=2900112&use=l&cat=p&typeid=i","cat":329184},{"id":25828,"n":"Tagliatelles Fleury Michon saumon, crème ciboulette - 280g","p":2.55,"u":"9,11 €/KG","img":"https://fd2-photos.leclercdrive.fr/image.ashx?id=3003290&use=l&cat=p&typeid=i","cat":333665},{"id":25839,"n":"Couscous parfumé Tipiak Prêt en 5 min  - 500g","p":1.95,"u":"3,90 €/KG","img":"https://fd2-photos.leclercdrive.fr/image.ashx?id=2946937&use=l&cat=p&typeid=i","cat":284429},{"id":25841,"n":"Couscous Tipiak  Prêt en 1 min 30 s - 500g","p":1.27,"u":"2,54 €/KG","img":"https://fd2-photos.leclercdrive.fr/image.ashx?id=2640431&use=l&cat=p&typeid=i","cat":284429},{"id":25855,"n":"Noix d'epaule Tulip Boîte - 340g","p":3.57,"u":"10,50 €/KG","img":"https://fd2-photos.leclercdrive.fr/image.ashx?id=2465598&use=l&cat=p&typeid=i","cat":305149},{"id":25860,"n":"Pain au chocolat La Boulangère Pur beurre - x8 - 400g","p":2.79,"u":"6,98 €/KG","img":"https://fd2-photos.leclercdrive.fr/image.ashx?id=2912182&use=l&cat=p&typeid=i","cat":296366},{"id":25889,"n":"Mignonnettes Côte d'Or Chocolat au lait - 24x10g","p":5.62,"u":"23,42 €/KG","img":"https://fd2-photos.leclercdrive.fr/image.ashx?id=3002210&use=l&cat=p&typeid=i","cat":284499},{"id":25952,"n":"Croq Fromage Le Gaulois x10 - 1kg","p":8.6,"u":"8,60 €/KG","img":"https://fd2-photos.leclercdrive.fr/image.ashx?id=2231738&use=l&cat=p&typeid=i","cat":333683},{"id":26014,"n":"Colin d'Alaska Marie Petites St Jacques Hisseo 900g","p":4.79,"u":"5,32 €/KG","img":"https://fd2-photos.leclercdrive.fr/image.ashx?id=2996758&use=l&cat=p&typeid=i","cat":319786},{"id":26027,"n":"Gel douche Eco  Senteur vanille - 500ml","p":0.65,"u":"1,30 €/L","img":"https://fd2-photos.leclercdrive.fr/image.ashx?id=2079795&use=l&cat=p&typeid=i","cat":284594},{"id":26040,"n":"Recharge savon mains Manava Gel spécial cuisine - 250ml","p":0.66,"u":"2,64 €/L","img":"https://fd2-photos.leclercdrive.fr/image.ashx?id=2935492&use=l&cat=p&typeid=i","cat":284597},{"id":26065,"n":"Saucisson Petit Justin Bridou  Bâton de Berger Nature - 100g","p":2.28,"u":"22,80 €/KG","img":"https://fd2-photos.leclercdrive.fr/image.ashx?id=2851036&use=l&cat=p&typeid=i","cat":316006},{"id":26085,"n":"Dessert végétal Sojasun Café - 4x100g","p":1.47,"u":"3,68 €/KG","img":"https://fd2-photos.leclercdrive.fr/image.ashx?id=2759993&use=l&cat=p&typeid=i","cat":316071},{"id":26087,"n":"Fromage blanc sous mousse  gervita nature - 8x100g","p":3.4,"u":"4,25 €/KG","img":"https://fd2-photos.leclercdrive.fr/image.ashx?id=2265768&use=l&cat=p&typeid=i","cat":284409},{"id":26111,"n":"5 baies grains Sainte Lucie 250g","p":9.95,"u":"39,80 €/KG","img":"https://fd2-photos.leclercdrive.fr/image.ashx?id=2379703&use=l&cat=p&typeid=i","cat":284457},{"id":26112,"n":"5 baies Sainte Lucie Moulin -  40g","p":3.31,"u":"82,75 €/KG","img":"https://fd2-photos.leclercdrive.fr/image.ashx?id=2774460&use=l&cat=p&typeid=i","cat":284457},{"id":26119,"n":"Extrait naturel Sainte Lucie Vanille blister 20ml","p":3.87,"u":"193,50 €/L","img":"https://fd2-photos.leclercdrive.fr/image.ashx?id=2774963&use=l&cat=p&typeid=i","cat":284504},{"id":26122,"n":"Décor anniversaire Sainte Lucie 1 bougie + 10 chiffres + socle","p":3.47,"img":"https://fd2-photos.leclercdrive.fr/image.ashx?id=2774364&use=l&cat=p&typeid=i","cat":284504},{"id":26123,"n":"Décor rond Sainte Lucie Heureux anniversaire blister x1","p":2.94,"img":"https://fd2-photos.leclercdrive.fr/image.ashx?id=2776124&use=l&cat=p&typeid=i","cat":284504},{"id":26133,"n":"Pistaches vertes Sainte Lucie Emondées Reine de Saba 50g","p":4.95,"u":"99,00 €/KG","img":"https://fd2-photos.leclercdrive.fr/image.ashx?id=2118764&use=l&cat=p&typeid=i","cat":284448},{"id":26136,"n":"Pépites choco bio Sainte Lucie Noir pur beurre de cacao 125g","p":3.5,"u":"28,00 €/KG","img":"https://fd2-photos.leclercdrive.fr/image.ashx?id=2731522&use=l&cat=p&typeid=i","cat":284504},{"id":26140,"n":"Poivre noir Sainte Lucie Moulin - 50g","p":4.0,"u":"80,00 €/KG","img":"https://fd2-photos.leclercdrive.fr/image.ashx?id=2774463&use=l&cat=p&typeid=i","cat":284457},{"id":26141,"n":"Poivre noir grains Sainte Lucie 245g","p":10.16,"u":"41,47 €/KG","img":"https://fd2-photos.leclercdrive.fr/image.ashx?id=2379706&use=l&cat=p&typeid=i","cat":284457},{"id":26151,"n":"Sucre Eco+  En poudre - 1kg","p":0.95,"u":"0,95 €/KG","img":"https://fd2-photos.leclercdrive.fr/image.ashx?id=2508485&use=l&cat=p&typeid=i","cat":284502},{"id":26152,"n":"Salade Mexicaine Eco+ Au thon - 280g","p":1.12,"u":"4,00 €/KG","img":"https://fd2-photos.leclercdrive.fr/image.ashx?id=2884201&use=l&cat=p&typeid=i","cat":284437},{"id":26153,"n":"Salade Americaine Eco+ Au thon - 280g","p":1.12,"u":"4,00 €/KG","img":"https://fd2-photos.leclercdrive.fr/image.ashx?id=2873649&use=l&cat=p&typeid=i","cat":284437},{"id":26183,"n":"Adoucissant Hyperdou Rêve de fraîcheur - 3x250ml","p":1.23,"u":"1,64 €/L","img":"https://fd2-photos.leclercdrive.fr/image.ashx?id=2643318&use=l&cat=p&typeid=i","cat":284650},{"id":26193,"n":"Edulcorant Canderel sticks x120 - 120g","p":2.59,"u":"21,58 €/KG","img":"https://fd2-photos.leclercdrive.fr/image.ashx?id=2811011&use=l&cat=p&typeid=i","cat":324846},{"id":26223,"n":"Sauce Sacla'Italia Arrabbiata - 190g","p":1.81,"u":"9,53 €/KG","img":"https://fd2-photos.leclercdrive.fr/image.ashx?id=2971413&use=l&cat=p&typeid=i","cat":287599},{"id":26271,"n":"Rôti de porc Tradilège 6 tranches VPF 180g","p":2.38,"u":"13,22 €/KG","img":"https://fd2-photos.leclercdrive.fr/image.ashx?id=2675786&use=l&cat=p&typeid=i","cat":316009},{"id":26303,"n":"Céréales Corn Flakes Eco+ sucrés - 750g","p":2.13,"u":"2,84 €/KG","img":"https://fd2-photos.leclercdrive.fr/image.ashx?id=2699099&use=l&cat=p&typeid=i","cat":309513},{"id":26307,"n":"Boisson énergisante Red Bull 473ml","p":2.06,"u":"4,36 €/L","img":"https://fd2-photos.leclercdrive.fr/image.ashx?id=3011986&use=l&cat=p&typeid=i","cat":284533},{"id":26308,"n":"Boisson énergisante Red Bull 355ml","p":1.54,"u":"4,34 €/L","img":"https://fd2-photos.leclercdrive.fr/image.ashx?id=3011980&use=l&cat=p&typeid=i","cat":284533},{"id":26310,"n":"Cornichons Kühne Aigre doux - 360g","p":2.13,"u":"5,92 €/KG","img":"https://fd2-photos.leclercdrive.fr/image.ashx?id=2550925&use=l&cat=p&typeid=i","cat":284458},{"id":26323,"n":"Soda Jean's Cola Canette - 12x15cl","p":3.75,"u":"2,08 €/L","img":"https://fd2-photos.leclercdrive.fr/image.ashx?id=2637895&use=l&cat=p&typeid=i","cat":284530},{"id":26324,"n":"Noisette Sainte Lucie Méditerranée décortiquée 125g","p":4.75,"u":"38,00 €/KG","img":"https://fd2-photos.leclercdrive.fr/image.ashx?id=2776112&use=l&cat=p&typeid=i","cat":284448},{"id":26326,"n":"Arôme naturel café Sainte Lucie 20ml","p":1.7,"u":"85,00 €/L","img":"https://fd2-photos.leclercdrive.fr/image.ashx?id=2414118&use=l&cat=p&typeid=i","cat":284504},{"id":26328,"n":"Arôme amande amère Sainte Lucie Blister - 20ml","p":1.5,"u":"75,00 €/L","img":"https://fd2-photos.leclercdrive.fr/image.ashx?id=2774313&use=l&cat=p&typeid=i","cat":284504},{"id":26329,"n":"Arôme Sainte Lucie Fleur d'oranger flacon 250ml","p":2.16,"u":"8,64 €/L","img":"https://fd2-photos.leclercdrive.fr/image.ashx?id=2774316&use=l&cat=p&typeid=i","cat":284504},{"id":26330,"n":"Amandes California Sainte Lucie Blanches effilées sachet 125g","p":4.19,"u":"33,52 €/KG","img":"https://fd2-photos.leclercdrive.fr/image.ashx?id=2776109&use=l&cat=p&typeid=i","cat":284504},{"id":26334,"n":"Billes Sainte Lucie Multicolores 80g","p":2.04,"u":"25,50 €/KG","img":"https://fd2-photos.leclercdrive.fr/image.ashx?id=2774346&use=l&cat=p&typeid=i","cat":284504},{"id":26335,"n":"Bougies anniversaire Ste Lucie Plusieurs coloris blister x20","p":2.8,"img":"https://fd2-photos.leclercdrive.fr/image.ashx?id=2774361&use=l&cat=p&typeid=i","cat":284504},{"id":26337,"n":"Clous de girofle Sainte Lucie 30g","p":3.96,"u":"132,00 €/KG","img":"https://fd2-photos.leclercdrive.fr/image.ashx?id=2774385&use=l&cat=p&typeid=i","cat":298297},{"id":26339,"n":"Cumin moulu Sainte Lucie 40g","p":2.6,"u":"65,00 €/KG","img":"https://fd2-photos.leclercdrive.fr/image.ashx?id=2974315&use=l&cat=p&typeid=i","cat":298297},{"id":26346,"n":"Paprika précieux Sainte Lucie 50g","p":1.97,"u":"39,40 €/KG","img":"https://fd2-photos.leclercdrive.fr/image.ashx?id=2029748&use=l&cat=p&typeid=i","cat":298297},{"id":26362,"n":"Ail semoule Sainte Lucie 60g","p":2.25,"u":"37,50 €/KG","img":"https://fd2-photos.leclercdrive.fr/image.ashx?id=1892852&use=l&cat=p&typeid=i","cat":298297},{"id":26363,"n":"5 baies Sainte Lucie Flacon - 45g","p":4.07,"u":"90,44 €/KG","img":"https://fd2-photos.leclercdrive.fr/image.ashx?id=2974324&use=l&cat=p&typeid=i","cat":284457},{"id":26366,"n":"Caramel liquide Sainte Lucie Nature flacon 250ml","p":2.4,"u":"9,60 €/L","img":"https://fd2-photos.leclercdrive.fr/image.ashx?id=2776106&use=l&cat=p&typeid=i","cat":284504},{"id":26369,"n":"Demi feuilles de gélatine  Sainte Lucie","p":1.45,"img":"https://fd2-photos.leclercdrive.fr/image.ashx?id=2859024&use=l&cat=p&typeid=i","cat":284504},{"id":26371,"n":"Macédoine fruits Sainte Lucie Confits 4 couleurs godet 150g","p":2.67,"u":"17,80 €/KG","img":"https://fd2-photos.leclercdrive.fr/image.ashx?id=2774328&use=l&cat=p&typeid=i","cat":284504},{"id":26372,"n":"Noix de coco Sainte Lucie Des Tropiques râpée sachet 125g","p":1.95,"u":"15,60 €/KG","img":"https://fd2-photos.leclercdrive.fr/image.ashx?id=2776115&use=l&cat=p&typeid=i","cat":284504},{"id":26379,"n":"Echalote semoule Sainte Lucie 40g","p":2.11,"u":"52,75 €/KG","img":"https://fd2-photos.leclercdrive.fr/image.ashx?id=2974318&use=l&cat=p&typeid=i","cat":298297},{"id":26385,"n":"Aneth feuilles Sainte Lucie 15g","p":1.83,"u":"122,00 €/KG","img":"https://fd2-photos.leclercdrive.fr/image.ashx?id=2774382&use=l&cat=p&typeid=i","cat":298297},{"id":26386,"n":"Basilic feuilles Sainte Lucie Coupées - 15g","p":1.81,"u":"120,67 €/KG","img":"https://fd2-photos.leclercdrive.fr/image.ashx?id=2774376&use=l&cat=p&typeid=i","cat":298297},{"id":26389,"n":"Poivre blanc moulu Sainte Lucie Saveurs preservées flacon 45g","p":3.59,"u":"79,78 €/KG","img":"https://fd2-photos.leclercdrive.fr/image.ashx?id=2414121&use=l&cat=p&typeid=i","cat":284457},{"id":26390,"n":"Poivre noir grains Sainte Lucie Saveurs préservées flacon 50g","p":3.37,"u":"67,40 €/KG","img":"https://fd2-photos.leclercdrive.fr/image.ashx?id=2974327&use=l&cat=p&typeid=i","cat":284457},{"id":26391,"n":"Poivre noir moulu Sainte Lucie Saveurs préservées - 50g","p":2.55,"u":"51,00 €/KG","img":"https://fd2-photos.leclercdrive.fr/image.ashx?id=2974330&use=l&cat=p&typeid=i","cat":284457},{"id":26395,"n":"Sucre vanillé Sainte Lucie Bourbon 5 sachets - 38g","p":1.45,"u":"38,16 €/KG","img":"https://fd2-photos.leclercdrive.fr/image.ashx?id=2774286&use=l&cat=p&typeid=i","cat":284504},{"id":26408,"n":"Raisins blonds Sainte Lucie Sultanine - 125g","p":2.36,"u":"18,88 €/KG","img":"https://fd2-photos.leclercdrive.fr/image.ashx?id=2142638&use=l&cat=p&typeid=i","cat":284357},{"id":26443,"n":"Liqueur Litchi Yen Li 15%vol. - 70cl","p":7.23,"u":"10,33 €/L","img":"https://fd2-photos.leclercdrive.fr/image.ashx?id=1898904&use=l&cat=p&typeid=i","cat":286032},{"id":26447,"n":"Pralin doré haché Sainte Lucie Sachet 75g","p":2.05,"u":"27,33 €/KG","img":"https://fd2-photos.leclercdrive.fr/image.ashx?id=2774355&use=l&cat=p&typeid=i","cat":284504},{"id":26449,"n":"Vin mousseux supérieur Opéra Brut 11%vol 75cl","p":2.91,"u":"3,88 €/L","img":"https://fd2-photos.leclercdrive.fr/image.ashx?id=2971999&use=l&cat=p&typeid=i","cat":284544},{"id":26461,"n":"Lait sans lactose Délisse UHT Bouteille -  1L","p":1.25,"u":"1,25 €/L","img":"https://fd2-photos.leclercdrive.fr/image.ashx?id=2610217&use=l&cat=p&typeid=i","cat":317169},{"id":26464,"n":"Steak haché 5% MG Bio Village Bio 2x100g","p":5.15,"u":"25,75 €/KG","img":"https://fd2-photos.leclercdrive.fr/image.ashx?id=2951338&use=l&cat=p&typeid=i","cat":284332},{"id":26484,"n":"Croquette chat stérilisé Ultima  Poulet - 3kg","p":11.25,"u":"3,75 €/KG","img":"https://fd2-photos.leclercdrive.fr/image.ashx?id=2918886&use=l&cat=p&typeid=i","cat":284680},{"id":26488,"n":"Panna Cotta Délisse Caramel - 4x90g","p":1.94,"u":"5,39 €/KG","img":"https://fd2-photos.leclercdrive.fr/image.ashx?id=2935223&use=l&cat=p&typeid=i","cat":284419},{"id":26493,"n":"Pizza Merveillosa Turini Mozzarella - 335g","p":2.15,"u":"6,42 €/KG","img":"https://fd2-photos.leclercdrive.fr/image.ashx?id=2579363&use=l&cat=p&typeid=i","cat":284256},{"id":26494,"n":"Pizza Merveillosa Turini Thon - 355g","p":2.26,"u":"6,37 €/KG","img":"https://fd2-photos.leclercdrive.fr/image.ashx?id=2815238&use=l&cat=p&typeid=i","cat":284256},{"id":26512,"n":"Fromage blanc Délisse Fraise 5.5%MG - 500g","p":2.55,"u":"5,10 €/KG","img":"https://fd2-photos.leclercdrive.fr/image.ashx?id=3009514&use=l&cat=p&typeid=i","cat":284409},{"id":26532,"n":"Filet poulet blanc Douce France 720g","p":9.18,"u":"12,75 €/KG","img":"https://fd2-photos.leclercdrive.fr/image.ashx?id=2305586&use=l&cat=p&typeid=i","cat":284336},{"id":26562,"n":"Lait sans lactose Délisse UHT Bouteille -  6x1L","p":7.5,"u":"1,25 €/L","img":"https://fd2-photos.leclercdrive.fr/image.ashx?id=2366292&use=l&cat=p&typeid=i","cat":317169},{"id":26565,"n":"Lait Croissance Bio Village bio 10 à 36 mois - 6x1L","p":9.99,"u":"1,67 €/L","img":"https://fd2-photos.leclercdrive.fr/image.ashx?id=778114&use=l&cat=p&typeid=i","cat":284728},{"id":26569,"n":"Filet de poulet blanc Le Gaulois 720g","p":9.6,"u":"13,33 €/KG","img":"https://fd2-photos.leclercdrive.fr/image.ashx?id=3003212&use=l&cat=p&typeid=i","cat":284336},{"id":26570,"n":"Filet de poulet jaune Le Gaulois 720g","p":9.55,"u":"13,26 €/KG","img":"https://fd2-photos.leclercdrive.fr/image.ashx?id=3003209&use=l&cat=p&typeid=i","cat":284336},{"id":26586,"n":"Fromage blanc Déli'light Vanille 0%MG - 8x100g","p":2.66,"u":"3,33 €/KG","img":"https://fd2-photos.leclercdrive.fr/image.ashx?id=2967591&use=l&cat=p&typeid=i","cat":315000},{"id":26611,"n":"Sel moulu Le Guérandais Tradition - 250g","p":1.46,"u":"5,84 €/KG","img":"https://fd2-photos.leclercdrive.fr/image.ashx?id=1954622&use=l&cat=p&typeid=i","cat":284457},{"id":26612,"n":"Poulet Eleveurs de bretagne Fumé au bois d'hêtre - 1.35kg","p":10.5,"u":"7,78 €/KG","img":"https://fd2-photos.leclercdrive.fr/image.ashx?id=1573829&use=l&cat=p&typeid=i","cat":284336},{"id":26646,"n":"AOP Champagne Brut Nicolas Feuillatte Grande Réserve 75cl","p":22.35,"pp":20.11,"u":"26,81 €/L","img":"https://fd2-photos.leclercdrive.fr/image.ashx?id=2733184&use=l&cat=p&typeid=i","cat":284542},{"id":26647,"n":"Chair à saucisses porc Férial 400g","p":4.03,"u":"10,08 €/KG","img":"https://fd2-photos.leclercdrive.fr/image.ashx?id=2953308&use=l&cat=p&typeid=i","cat":284332},{"id":26649,"n":"Cacahuètes Benenuts-Twinuts Nature Sel - 150g","p":1.08,"u":"7,20 €/KG","img":"https://fd2-photos.leclercdrive.fr/image.ashx?id=2967735&use=l&cat=p&typeid=i","cat":284448},{"id":26659,"n":"Fonds d'artichauts Notre Jardin 210g","p":2.75,"u":"13,10 €/KG","img":"https://fd2-photos.leclercdrive.fr/image.ashx?id=2607921&use=l&cat=p&typeid=i","cat":312611},{"id":26663,"n":"Farine de sarrasin Treblec 1kg","p":2.5,"u":"2,50 €/KG","img":"https://fd2-photos.leclercdrive.fr/image.ashx?id=2734843&use=l&cat=p&typeid=i","cat":284503},{"id":26687,"n":"Escargots praliné/lait Jacquot x24 300g","p":6.38,"u":"21,27 €/KG","img":"https://fd2-photos.leclercdrive.fr/image.ashx?id=2303279&use=l&cat=p&typeid=i","cat":327595},{"id":26708,"n":"Cacahuètes Benenuts-Twinuts Bacon Grillé - 150g","p":1.09,"u":"7,27 €/KG","img":"https://fd2-photos.leclercdrive.fr/image.ashx?id=2967738&use=l&cat=p&typeid=i","cat":284448},{"id":26713,"n":"Brownie Brossard Chocolat pépites 285g","p":2.54,"u":"8,91 €/KG","img":"https://fd2-photos.leclercdrive.fr/image.ashx?id=2977492&use=l&cat=p&typeid=i","cat":294776},{"id":26720,"n":"Lentilles Préparées Cassegrain Tendres et Fondantes 130g","p":1.07,"u":"8,23 €/KG","img":"https://fd2-photos.leclercdrive.fr/image.ashx?id=2912992&use=l&cat=p&typeid=i","cat":312609},{"id":26722,"n":"Ratatouille Cuisinée Cassegrain à la Provençale 660g","p":3.65,"u":"5,53 €/KG","img":"https://fd2-photos.leclercdrive.fr/image.ashx?id=2902660&use=l&cat=p&typeid=i","cat":312612},{"id":26795,"n":"Sauce Beurre blanc Gastromer Allégée - 200g","p":1.49,"u":"7,45 €/KG","img":"https://fd2-photos.leclercdrive.fr/image.ashx?id=2504662&use=l&cat=p&typeid=i","cat":284382},{"id":26801,"n":"Langue de boeuf Hénaff Sauce Madère 410g","p":5.64,"u":"13,76 €/KG","img":"https://fd2-photos.leclercdrive.fr/image.ashx?id=2334359&use=l&cat=p&typeid=i","cat":284441},{"id":26808,"n":"Thon blanc entier Connétable Naturel Label Rouge - 120g","p":3.18,"u":"26,50 €/KG","img":"https://fd2-photos.leclercdrive.fr/image.ashx?id=2901935&use=l&cat=p&typeid=i","cat":303867},{"id":26809,"n":"AOP Chevergny blanc L'Excellence - 75cl","p":5.5,"u":"7,33 €/L","img":"https://fd2-photos.leclercdrive.fr/image.ashx?id=969477&use=l&cat=p&typeid=i","cat":289557},{"id":26813,"n":"Vin mousseux Opéra Supérieur demi-sec 11%vol 75cl","p":2.97,"u":"3,96 €/L","img":"https://fd2-photos.leclercdrive.fr/image.ashx?id=2911378&use=l&cat=p&typeid=i","cat":284544},{"id":26814,"n":"Bière blonde Coreff 4.2%vol. - 20x25cl","p":15.01,"u":"3,00 €/L","img":"https://fd2-photos.leclercdrive.fr/image.ashx?id=2022210&use=l&cat=p&typeid=i","cat":334872},{"id":26818,"n":"Boisson base vin rosée Very Pamp Pamplemousse - 75cl","p":2.91,"u":"3,88 €/L","img":"https://fd2-photos.leclercdrive.fr/image.ashx?id=2446629&use=l&cat=p&typeid=i","cat":304569},{"id":26819,"n":"Boisson aromatisée Vin rosé Pamplemousse 7.5%,vol BIB 3L","p":9.19,"u":"3,06 €/L","img":"https://fd2-photos.leclercdrive.fr/image.ashx?id=2470024&use=l&cat=p&typeid=i","cat":304569},{"id":26820,"n":"IGP Pays d'Oc rouge Roche Mazet Merlot - BIB 3L","p":10.56,"u":"3,52 €/L","img":"https://fd2-photos.leclercdrive.fr/image.ashx?id=2597387&use=l&cat=p&typeid=i","cat":289560},{"id":26824,"n":"Beurre Moulé Paysan Breton Sel de guérande - 80% MG - 500g","p":5.82,"u":"11,64 €/KG","img":"https://fd2-photos.leclercdrive.fr/image.ashx?id=2960783&use=l&cat=p&typeid=i","cat":284379},{"id":26840,"n":"Spray Détachant Vanish  Avant-lavage - 750ml","p":4.16,"u":"5,55 €/L","img":"https://fd2-photos.leclercdrive.fr/image.ashx?id=2963913&use=l&cat=p&typeid=i","cat":284651},{"id":26877,"n":"Crackers Mini pizza Tokapi 85g","p":0.69,"u":"8,12 €/KG","img":"https://fd2-photos.leclercdrive.fr/image.ashx?id=2351232&use=l&cat=p&typeid=i","cat":297000},{"id":26926,"n":"Couches bébé Mots d'Enfants -T3 Ultra confort - 4/9kg - x162","p":19.7,"u":"0,12 €/P","img":"https://fd2-photos.leclercdrive.fr/image.ashx?id=2573987&use=l&cat=p&typeid=i","cat":284737},{"id":26945,"n":"Bâtonnets Trium Noix de coco x4 - 292g","p":2.69,"u":"9,21 €/KG","img":"https://fd2-photos.leclercdrive.fr/image.ashx?id=2767501&use=l&cat=p&typeid=i","cat":284265},{"id":26988,"n":"Courgette Eco+ 1kg","p":2.49,"u":"2,49 €/KG","img":"https://fd2-photos.leclercdrive.fr/image.ashx?id=2625692&use=l&cat=p&typeid=i","cat":284352},{"id":26998,"n":"Sachet repas chats Gourmet Les filettines en sauce -12x85g","p":5.45,"u":"5,34 €/KG","img":"https://fd2-photos.leclercdrive.fr/image.ashx?id=2902277&use=l&cat=p&typeid=i","cat":285286},{"id":27069,"n":"Sorbet Oasis Multifruits x10 - 400g","p":2.59,"u":"6,48 €/KG","img":"https://fd2-photos.leclercdrive.fr/image.ashx?id=2831924&use=l&cat=p&typeid=i","cat":285250},{"id":27070,"n":"Bâtonnets Oasis Tropical x10 - 400g","p":2.52,"u":"6,30 €/KG","img":"https://fd2-photos.leclercdrive.fr/image.ashx?id=2877829&use=l&cat=p&typeid=i","cat":285250},{"id":27086,"n":"Crème légère fluide UHT Bio Bio Village 15%mg - 3x20cl","p":3.65,"u":"6,08 €/L","img":"https://fd2-photos.leclercdrive.fr/image.ashx?id=2694434&use=l&cat=p&typeid=i","cat":284381},{"id":27087,"n":"Crème entière fluide UHT Bio Bio Village 30% MG - 3x20cl","p":3.96,"u":"6,60 €/L","img":"https://fd2-photos.leclercdrive.fr/image.ashx?id=2496899&use=l&cat=p&typeid=i","cat":284381},{"id":27088,"n":"Glace à l'eau Stick Smicy 5 parfums x20 - 845g","p":2.74,"u":"3,24 €/KG","img":"https://fd2-photos.leclercdrive.fr/image.ashx?id=2073057&use=l&cat=p&typeid=i","cat":285250},{"id":27096,"n":"Mayonnaise allégée Rustica 450g","p":1.13,"u":"2,51 €/KG","img":"https://fd2-photos.leclercdrive.fr/image.ashx?id=3005682&use=l&cat=p&typeid=i","cat":298295},{"id":27106,"n":"Couches bébé Mots d'Enfants Mini - T2 : 3/6kg - x35 changes","p":5.18,"u":"0,15 €/P","img":"https://fd2-photos.leclercdrive.fr/image.ashx?id=2904568&use=l&cat=p&typeid=i","cat":284737},{"id":27108,"n":"Steak haché 5%mg Férial façon bouchère - 250g","p":5.3,"u":"21,20 €/KG","img":"https://fd2-photos.leclercdrive.fr/image.ashx?id=2903989&use=l&cat=p&typeid=i","cat":284332},{"id":27109,"n":"Steak haché 15mg Férial Façon bouchère - 250g","p":4.65,"u":"18,60 €/KG","img":"https://fd2-photos.leclercdrive.fr/image.ashx?id=2903992&use=l&cat=p&typeid=i","cat":284332},{"id":27114,"n":"Lait céréales Blédidej 12 mois Chocolat - 4x250ml","p":3.35,"u":"3,35 €/L","img":"https://fd2-photos.leclercdrive.fr/image.ashx?id=2921058&use=l&cat=p&typeid=i","cat":312226},{"id":27123,"n":"Petit sucre Beghin Say Morceaux boite - 1kg","p":2.83,"u":"2,83 €/KG","img":"https://fd2-photos.leclercdrive.fr/image.ashx?id=2855100&use=l&cat=p&typeid=i","cat":284502},{"id":27139,"n":"Viande hachée tradition Charal 15%MG - 600g","p":11.12,"u":"18,53 €/KG","img":"https://fd2-photos.leclercdrive.fr/image.ashx?id=2014373&use=l&cat=p&typeid=i","cat":284332},{"id":27158,"n":"Mini Barre Chocolat Lait KitKat x21 barres - 350g","p":4.51,"u":"12,89 €/KG","img":"https://fd2-photos.leclercdrive.fr/image.ashx?id=2762611&use=l&cat=p&typeid=i","cat":284498},{"id":27174,"n":"Bière blonde Tripel Karmeliet 8,4% - 75cl","p":4.64,"u":"6,19 €/L","img":"https://fd2-photos.leclercdrive.fr/image.ashx?id=2861180&use=l&cat=p&typeid=i","cat":334872},{"id":27214,"n":"Bière blonde Triple Karmeliet 33cl","p":2.39,"u":"7,24 €/L","img":"https://fd2-photos.leclercdrive.fr/image.ashx?id=1875926&use=l&cat=p&typeid=i","cat":334872},{"id":27228,"n":"Couches bébé Mots d'Enfants Ecologique - T3 : 4/9kg - x36","p":8.99,"u":"0,25 €/P","img":"https://fd2-photos.leclercdrive.fr/image.ashx?id=2914258&use=l&cat=p&typeid=i","cat":284737},{"id":27229,"n":"Couches bébé Mots d'Enfants Ecologique - T4 : 7/18kg - x32","p":8.99,"u":"0,28 €/P","img":"https://fd2-photos.leclercdrive.fr/image.ashx?id=2904562&use=l&cat=p&typeid=i","cat":284737},{"id":27230,"n":"Couches bébé Mots d'Enfants Ecologique - T5 : 11/25kg - x28","p":9.29,"u":"0,33 €/P","img":"https://fd2-photos.leclercdrive.fr/image.ashx?id=2904565&use=l&cat=p&typeid=i","cat":284737},{"id":27247,"n":"Soupe froide Alvalle Concombre & menthe - 1L","p":4.77,"u":"4,77 €/L","img":"https://fd2-photos.leclercdrive.fr/image.ashx?id=2325521&use=l&cat=p&typeid=i","cat":284355},{"id":27260,"n":"Profiteroles La Laitière Chocolat - 4x90g","p":2.98,"u":"8,28 €/KG","img":"https://fd2-photos.leclercdrive.fr/image.ashx?id=3007981&use=l&cat=p&typeid=i","cat":284419},{"id":27271,"n":"Patate douce  1p","p":0.99,"img":"https://fd2-photos.leclercdrive.fr/image.ashx?id=1632569&use=l&cat=p&typeid=i","cat":284352},{"id":27366,"n":"Viande haché 5% MG Bio Village Bio 350g","p":7.89,"u":"22,54 €/KG","img":"https://fd2-photos.leclercdrive.fr/image.ashx?id=2942256&use=l&cat=p&typeid=i","cat":284332},{"id":27372,"n":"Adoucissant Hyperdou Douceur pêche - 3x250ml","p":1.24,"u":"1,65 €/L","img":"https://fd2-photos.leclercdrive.fr/image.ashx?id=2657208&use=l&cat=p&typeid=i","cat":284650},{"id":27434,"n":"Coupelles Pêches DDV Sirop léger - 4x70 g","p":2.49,"u":"8,89 €/KG","img":"https://fd2-photos.leclercdrive.fr/image.ashx?id=2100784&use=l&cat=p&typeid=i","cat":284507},{"id":27454,"n":"Maïs Notre Jardin Croquant - 3x140g","p":1.83,"u":"4,36 €/KG","img":"https://fd2-photos.leclercdrive.fr/image.ashx?id=2052802&use=l&cat=p&typeid=i","cat":312611},{"id":27487,"n":"Dés Salakis basilic Fromage brebis - 300g","p":3.31,"u":"11,03 €/KG","img":"https://fd2-photos.leclercdrive.fr/image.ashx?id=2729695&use=l&cat=p&typeid=i","cat":314026},{"id":27494,"n":"Viande bovine côte*** à griller x1 - 600g","p":9.61,"u":"16,02 €/KG","img":"https://fd2-photos.leclercdrive.fr/image.ashx?id=783696&use=l&cat=p&typeid=i","cat":284328},{"id":27523,"n":"Colin d'Alaska Pêche Océan À la parisienne - MSC - 400g","p":2.79,"u":"6,98 €/KG","img":"https://fd2-photos.leclercdrive.fr/image.ashx?id=2930120&use=l&cat=p&typeid=i","cat":319786},{"id":27524,"n":"Colin d'Alaska Côté Table A la provençale - MSC - 400g","p":2.79,"u":"6,98 €/KG","img":"https://fd2-photos.leclercdrive.fr/image.ashx?id=2930123&use=l&cat=p&typeid=i","cat":319786},{"id":27531,"n":"Assortiment exotique Tables du Monde 470g","p":4.79,"u":"10,19 €/KG","img":"https://fd2-photos.leclercdrive.fr/image.ashx?id=2967664&use=l&cat=p&typeid=i","cat":333673},{"id":27564,"n":"Blé précuit Comptoir du Grain Sachet cuisson - x4 - 500g","p":1.7,"u":"3,40 €/KG","img":"https://fd2-photos.leclercdrive.fr/image.ashx?id=3012836&use=l&cat=p&typeid=i","cat":284429},{"id":27709,"n":"Dentifrice Dentamyl Soin complet sensitive 75ml","p":0.92,"u":"12,27 €/L","img":"https://fd2-photos.leclercdrive.fr/image.ashx?id=2489119&use=l&cat=p&typeid=i","cat":284612},{"id":27721,"n":"Emmental Les Croisés En tranches - 200g","p":1.94,"u":"9,70 €/KG","img":"https://fd2-photos.leclercdrive.fr/image.ashx?id=2436317&use=l&cat=p&typeid=i","cat":314028},{"id":27798,"n":"Bière ambrée corse Pietra 6° - 75cl","p":3.75,"u":"5,00 €/L","img":"https://fd2-photos.leclercdrive.fr/image.ashx?id=2992921&use=l&cat=p&typeid=i","cat":334872},{"id":27834,"n":"Pizza Crousti-moelleuse Marie 4 fromages - 510g","p":3.33,"u":"6,53 €/KG","img":"https://fd2-photos.leclercdrive.fr/image.ashx?id=2996749&use=l&cat=p&typeid=i","cat":284256},{"id":27836,"n":"Pizza Crousti-moelleuse Marie Poulet kebab - 530g","p":3.99,"u":"7,53 €/KG","img":"https://fd2-photos.leclercdrive.fr/image.ashx?id=2996752&use=l&cat=p&typeid=i","cat":284256},{"id":27961,"n":"Poulet basquaise Marie Riz à la tomate - 900g","p":4.59,"u":"5,10 €/KG","img":"https://fd2-photos.leclercdrive.fr/image.ashx?id=2996779&use=l&cat=p&typeid=i","cat":284254},{"id":27976,"n":"Eau minérale naturelle Vittel 8x33cl","p":2.6,"u":"0,98 €/L","img":"https://fd2-photos.leclercdrive.fr/image.ashx?id=3000423&use=l&cat=p&typeid=i","cat":284535},{"id":27977,"n":"Eau minérale naturelle Vittel 6x50cl","p":2.34,"u":"0,78 €/L","img":"https://fd2-photos.leclercdrive.fr/image.ashx?id=2999850&use=l&cat=p&typeid=i","cat":284535},{"id":28016,"n":"Haché de veau Tendriade Tendre nature - 200g","p":4.2,"u":"21,00 €/KG","img":"https://fd2-photos.leclercdrive.fr/image.ashx?id=2846445&use=l&cat=p&typeid=i","cat":284332},{"id":28021,"n":"Dentifrice enfant Dentamyl Gel fraise - 75ml","p":1.25,"u":"16,67 €/L","img":"https://fd2-photos.leclercdrive.fr/image.ashx?id=2613831&use=l&cat=p&typeid=i","cat":288898},{"id":28023,"n":"Duo céréales Comptoir du Grain  Quinoa et Boulgour - 400g","p":2.05,"u":"5,13 €/KG","img":"https://fd2-photos.leclercdrive.fr/image.ashx?id=3012830&use=l&cat=p&typeid=i","cat":284429},{"id":28028,"n":"Recharge power tabs Rubson Lot de 4","p":21.9,"u":"5,48 €/P","img":"https://fd2-photos.leclercdrive.fr/image.ashx?id=1971365&use=l&cat=p&typeid=i","cat":300576},{"id":28078,"n":"Coton bébé Mots d'Enfants Duo maxi carrés - x80","p":1.79,"u":"0,02 €/P","img":"https://fd2-photos.leclercdrive.fr/image.ashx?id=1947722&use=l&cat=p&typeid=i","cat":284739},{"id":28099,"n":"Eau minérale gazeuse St Diery Naturelle - 6x1,25L","p":2.16,"u":"0,29 €/L","img":"https://fd2-photos.leclercdrive.fr/image.ashx?id=2863075&use=l&cat=p&typeid=i","cat":284536},{"id":28104,"n":"IGP Pays d'Oc Merlot vin rosé Vieux Carion 12.5% vol -75 cl","p":2.25,"u":"3,00 €/L","img":"https://fd2-photos.leclercdrive.fr/image.ashx?id=2699279&use=l&cat=p&typeid=i","cat":289558},{"id":28203,"n":"Fromage : Le Carré Les Croisés 23%mg - 230g","p":1.92,"u":"8,35 €/KG","img":"https://fd2-photos.leclercdrive.fr/image.ashx?id=2974801&use=l&cat=p&typeid=i","cat":314033},{"id":28209,"n":"Noix de cajou grillées Tokapi Salées - 125g","p":1.48,"u":"11,84 €/KG","img":"https://fd2-photos.leclercdrive.fr/image.ashx?id=2968625&use=l&cat=p&typeid=i","cat":284448},{"id":28211,"n":"Pistaches Tokapi Grillées et salées - 125g","p":1.85,"u":"14,80 €/KG","img":"https://fd2-photos.leclercdrive.fr/image.ashx?id=2795550&use=l&cat=p&typeid=i","cat":284448},{"id":28216,"n":"Café en grains Bio Village Bio 100% arabica - 250g","p":4.51,"u":"18,04 €/KG","img":"https://fd2-photos.leclercdrive.fr/image.ashx?id=1470434&use=l&cat=p&typeid=i","cat":293237},{"id":28217,"n":"Pain d'épices bio Bio Village Miel - Pré-tranché - 300g","p":1.65,"u":"5,50 €/KG","img":"https://fd2-photos.leclercdrive.fr/image.ashx?id=2355419&use=l&cat=p&typeid=i","cat":284493},{"id":28227,"n":"Tablette bio Bio Village Chocolat au lait - 100g","p":1.76,"u":"17,60 €/KG","img":"https://fd2-photos.leclercdrive.fr/image.ashx?id=2791057&use=l&cat=p&typeid=i","cat":284497},{"id":28228,"n":"Chocolat Pâtissier Bio Village Bio - Noir  52% cacao - 200g","p":2.75,"u":"13,75 €/KG","img":"https://fd2-photos.leclercdrive.fr/image.ashx?id=2802305&use=l&cat=p&typeid=i","cat":285562},{"id":28241,"n":"Savon mains en crème Manava Lait et miel - 300ml","p":1.05,"u":"3,50 €/L","img":"https://fd2-photos.leclercdrive.fr/image.ashx?id=2935486&use=l&cat=p&typeid=i","cat":284597},{"id":28281,"n":"Flan entremets Tablier Blanc Chocolat x4 232g","p":1.57,"u":"6,77 €/KG","img":"https://fd2-photos.leclercdrive.fr/image.ashx?id=1735224&use=l&cat=p&typeid=i","cat":284505},{"id":28308,"n":"Paëlla Royale Côté Table Poulet, moule et chorizo 940g","p":3.69,"u":"3,93 €/KG","img":"https://fd2-photos.leclercdrive.fr/image.ashx?id=2977873&use=l&cat=p&typeid=i","cat":325094},{"id":28311,"n":"Liqueur Grand Marnier Orange & Cognac - 40%vol - 70cl","p":20.9,"u":"29,86 €/L","img":"https://fd2-photos.leclercdrive.fr/image.ashx?id=3007909&use=l&cat=p&typeid=i","cat":286032},{"id":28368,"n":"Tablette de chocolat Equador Noir fleur de sel 100g","p":1.42,"u":"14,20 €/KG","img":"https://fd2-photos.leclercdrive.fr/image.ashx?id=2660565&use=l&cat=p&typeid=i","cat":284956},{"id":28411,"n":"IGP Poulet noir fermier  Label rouge - 1.3kg","p":11.19,"u":"8,61 €/KG","img":"https://fd2-photos.leclercdrive.fr/image.ashx?id=1617456&use=l&cat=p&typeid=i","cat":284336},{"id":28415,"n":"Colin d'Alaska Pêche Océan À la moutarde - MSC - 400g","p":2.99,"u":"7,48 €/KG","img":"https://fd2-photos.leclercdrive.fr/image.ashx?id=2930117&use=l&cat=p&typeid=i","cat":319786},{"id":28419,"n":"Lingettes anti-transfert Texil Tous textiles x25","p":2.32,"u":"0,09 €/P","img":"https://fd2-photos.leclercdrive.fr/image.ashx?id=2964571&use=l&cat=p&typeid=i","cat":290450},{"id":28423,"n":"Choucroute d'Alsace NRT 370g","p":3.04,"u":"8,22 €/KG","img":"https://fd2-photos.leclercdrive.fr/image.ashx?id=2723246&use=l&cat=p&typeid=i","cat":333665},{"id":28432,"n":"Jus d'ananas Eco + Brique 1L","p":1.57,"u":"1,57 €/L","img":"https://fd2-photos.leclercdrive.fr/image.ashx?id=2802263&use=l&cat=p&typeid=i","cat":284916},{"id":28444,"n":"Fleur de sel de Camargue Le Saunier de Camargue - 125g","p":2.5,"pp":1.65,"u":"13,20 €/KG","img":"https://fd2-photos.leclercdrive.fr/image.ashx?id=2819343&use=l&cat=p&typeid=i","cat":284457},{"id":28516,"n":"Chocolat Noir Lindt Excellence  pointe de piment rouge - 100g","p":2.45,"u":"24,50 €/KG","img":"https://fd2-photos.leclercdrive.fr/image.ashx?id=2209200&use=l&cat=p&typeid=i","cat":284956},{"id":28594,"n":"Soupe instantanée Royco  Crème d'asperges - 4x200ml","p":1.58,"u":"1,98 €/L","img":"https://fd2-photos.leclercdrive.fr/image.ashx?id=2650982&use=l&cat=p&typeid=i","cat":293527},{"id":28613,"n":"Nectar multifruits  1L","p":0.98,"u":"0,98 €/L","img":"https://fd2-photos.leclercdrive.fr/image.ashx?id=2869263&use=l&cat=p&typeid=i","cat":284917},{"id":28614,"n":"Pur jus d'orange Eco+ Brique - 1L","p":1.87,"u":"1,87 €/L","img":"https://fd2-photos.leclercdrive.fr/image.ashx?id=2802260&use=l&cat=p&typeid=i","cat":284521},{"id":28713,"n":"Tablettes anti-calcaire Calgon 4 en 1 x17 - 221g","p":3.98,"u":"18,01 €/KG","img":"https://fd2-photos.leclercdrive.fr/image.ashx?id=2953761&use=l&cat=p&typeid=i","cat":284653},{"id":28724,"n":"Nettoyant écologique Uni Vert Spécial Vitres - 750ml","p":1.79,"u":"2,39 €/L","img":"https://fd2-photos.leclercdrive.fr/image.ashx?id=2370993&use=l&cat=p&typeid=i","cat":325363},{"id":28725,"n":"Nettoyant écologique Uni Vert Spécial Vitres - 750ml","p":1.47,"u":"1,96 €/L","img":"https://fd2-photos.leclercdrive.fr/image.ashx?id=2372341&use=l&cat=p&typeid=i","cat":325363},{"id":28730,"n":"Bain moussant Manava Vanille et ambre 500ml","p":2.14,"u":"4,28 €/L","img":"https://fd2-photos.leclercdrive.fr/image.ashx?id=2618326&use=l&cat=p&typeid=i","cat":284594},{"id":28803,"n":"After Eight Chocolat Noël Nuit de Londres - 400g","p":7.0,"u":"17,50 €/KG","img":"https://fd2-photos.leclercdrive.fr/image.ashx?id=2918373&use=l&cat=p&typeid=i","cat":327595},{"id":28809,"n":"Pain burger géant Epi d'Or Nature x4 - 330g","p":0.87,"u":"2,64 €/KG","img":"https://fd2-photos.leclercdrive.fr/image.ashx?id=1861089&use=l&cat=p&typeid=i","cat":325067},{"id":28827,"n":"Chili con carne Côté Table Au piment de Cayenne - 820g","p":3.24,"u":"3,95 €/KG","img":"https://fd2-photos.leclercdrive.fr/image.ashx?id=2977156&use=l&cat=p&typeid=i","cat":325094},{"id":28828,"n":"Pâtes fraîches Turini Gnocchi 380g","p":1.09,"u":"2,87 €/KG","img":"https://fd2-photos.leclercdrive.fr/image.ashx?id=2254526&use=l&cat=p&typeid=i","cat":333682},{"id":28831,"n":"Cookies Méga pépites P'tit Déli Choco amandes caramelisées 184g","p":1.51,"u":"8,21 €/KG","img":"https://fd2-photos.leclercdrive.fr/image.ashx?id=2116128&use=l&cat=p&typeid=i","cat":325066},{"id":28832,"n":"Cookies Méga pépites P'tit Déli Chocolat 184g","p":1.51,"u":"8,21 €/KG","img":"https://fd2-photos.leclercdrive.fr/image.ashx?id=2722814&use=l&cat=p&typeid=i","cat":325066},{"id":28848,"n":"Pennes au saumon Marie A la crème - 900g","p":5.79,"u":"6,43 €/KG","img":"https://fd2-photos.leclercdrive.fr/image.ashx?id=2996761&use=l&cat=p&typeid=i","cat":284254},{"id":28853,"n":"Piment d'Espelette AOP NRT 40g","p":5.99,"u":"149,75 €/KG","img":"https://fd2-photos.leclercdrive.fr/image.ashx?id=2472083&use=l&cat=p&typeid=i","cat":298297},{"id":28856,"n":"Pain burger Epi d'Or Géant complet x4 - 330g","p":0.97,"u":"2,94 €/KG","img":"https://fd2-photos.leclercdrive.fr/image.ashx?id=2984661&use=l&cat=p&typeid=i","cat":325067},{"id":28861,"n":"Pain de mie Epi d'Or Spécial mie - Nature - 500g","p":1.49,"u":"2,98 €/KG","img":"https://fd2-photos.leclercdrive.fr/image.ashx?id=2635688&use=l&cat=p&typeid=i","cat":284477},{"id":28866,"n":"Coq au vin et ses torsades NRT 300g","p":2.61,"u":"8,70 €/KG","img":"https://fd2-photos.leclercdrive.fr/image.ashx?id=2723240&use=l&cat=p&typeid=i","cat":284953},{"id":28869,"n":"Parmentier canard Sud Ouest NRT - 300g","p":2.99,"u":"9,97 €/KG","img":"https://fd2-photos.leclercdrive.fr/image.ashx?id=2925210&use=l&cat=p&typeid=i","cat":284953},{"id":28872,"n":"Saucisses de Toulouse lentilles NRT - 300g","p":2.36,"u":"7,87 €/KG","img":"https://fd2-photos.leclercdrive.fr/image.ashx?id=2723234&use=l&cat=p&typeid=i","cat":284953},{"id":28900,"n":"Clémentines fines de Corse IGP  1kg","p":3.5,"u":"3,50 €/KG","img":"https://fd2-photos.leclercdrive.fr/image.ashx?id=1629034&use=l&cat=p&typeid=i","cat":284356},{"id":28912,"n":"Pastis 51 Anisé 45% vol - 70cl","p":14.23,"u":"20,33 €/L","img":"https://fd2-photos.leclercdrive.fr/image.ashx?id=2452041&use=l&cat=p&typeid=i","cat":284548},{"id":28913,"n":"IGP Filet de poulet blanc fermier Label rouge x2 - 240g","p":6.15,"u":"25,63 €/KG","img":"https://fd2-photos.leclercdrive.fr/image.ashx?id=1617450&use=l&cat=p&typeid=i","cat":284336},{"id":28914,"n":"IGP Cuisse de poulet blanc fermier Label rouge x2 - 520g","p":5.29,"u":"10,17 €/KG","img":"https://fd2-photos.leclercdrive.fr/image.ashx?id=1618918&use=l&cat=p&typeid=i","cat":284336},{"id":28938,"n":"Velouté bio Bio Village Légumes variés  - 1L","p":2.06,"u":"2,06 €/L","img":"https://fd2-photos.leclercdrive.fr/image.ashx?id=2133954&use=l&cat=p&typeid=i","cat":284462},{"id":28966,"n":"Liqueur Malibu Coco 18% vol - 70cl","p":10.19,"u":"14,56 €/L","img":"https://fd2-photos.leclercdrive.fr/image.ashx?id=2993481&use=l&cat=p&typeid=i","cat":284551},{"id":28974,"n":"Saumon fumé MSC Sauvage Ronde des Mers x4T - 120g","p":6.65,"u":"55,42 €/KG","img":"https://fd2-photos.leclercdrive.fr/image.ashx?id=2837692&use=l&cat=p&typeid=i","cat":285188},{"id":29000,"n":"Mayonnaise de Dijon Amora 710g","p":3.09,"u":"4,35 €/KG","img":"https://fd2-photos.leclercdrive.fr/image.ashx?id=2598672&use=l&cat=p&typeid=i","cat":298295},{"id":29006,"n":"Escargots préparés Eco+ Recette bourguignonne - 89g","p":2.99,"u":"33,60 €/KG","img":"https://fd2-photos.leclercdrive.fr/image.ashx?id=2794758&use=l&cat=p&typeid=i","cat":319775},{"id":29015,"n":"Foie gras de canard entier Bocal - 180g","p":12.9,"u":"71,67 €/KG","img":"https://fd2-photos.leclercdrive.fr/image.ashx?id=1899030&use=l&cat=p&typeid=i","cat":316008},{"id":29032,"n":"Chips Bret's Poulet braisé - 125g","p":1.18,"u":"9,44 €/KG","img":"https://fd2-photos.leclercdrive.fr/image.ashx?id=1927788&use=l&cat=p&typeid=i","cat":284447},{"id":29047,"n":"Pignons de pin Tablier Blanc 50g","p":2.39,"u":"47,80 €/KG","img":"https://fd2-photos.leclercdrive.fr/image.ashx?id=2867907&use=l&cat=p&typeid=i","cat":323809},{"id":29048,"n":"Pralin Tablier Blanc 100g","p":1.56,"u":"15,60 €/KG","img":"https://fd2-photos.leclercdrive.fr/image.ashx?id=2460604&use=l&cat=p&typeid=i","cat":284504},{"id":29095,"n":"Yaourts brassés Délisse Vanille - 8x125g","p":2.65,"u":"2,65 €/KG","img":"https://fd2-photos.leclercdrive.fr/image.ashx?id=2372338&use=l&cat=p&typeid=i","cat":284410},{"id":29116,"n":"Bonbons sans sucres Confiséo Goût réglisse - 150g","p":2.64,"u":"17,60 €/KG","img":"https://fd2-photos.leclercdrive.fr/image.ashx?id=2934703&use=l&cat=p&typeid=i","cat":304250},{"id":29117,"n":"Bonbons sans sucres Confiséo Menthe - 150g","p":1.98,"u":"13,20 €/KG","img":"https://fd2-photos.leclercdrive.fr/image.ashx?id=2934697&use=l&cat=p&typeid=i","cat":304252},{"id":29119,"n":"Potage gourmand Régal Soupe 8 légumes à la crème - 1L","p":1.69,"u":"1,69 €/L","img":"https://fd2-photos.leclercdrive.fr/image.ashx?id=2607521&use=l&cat=p&typeid=i","cat":284462},{"id":29129,"n":"Bonbons acidulés Confiséo Aux fruits - 400g","p":2.65,"u":"6,63 €/KG","img":"https://fd2-photos.leclercdrive.fr/image.ashx?id=2061656&use=l&cat=p&typeid=i","cat":304252},{"id":29133,"n":"Sacs poubelle Haute 50L Elembal Poignées coulissantes - x15","p":1.94,"u":"0,13 €/P","img":"https://fd2-photos.leclercdrive.fr/image.ashx?id=2958726&use=l&cat=p&typeid=i","cat":285168},{"id":29134,"n":"Mousse coiffante Vitanove Effet boucles - 200ml","p":1.48,"u":"7,40 €/L","img":"https://fd2-photos.leclercdrive.fr/image.ashx?id=2490040&use=l&cat=p&typeid=i","cat":284609},{"id":29144,"n":"Roquefort AOP Baragnaudes Fromage de brebis - 150g","p":3.88,"u":"25,87 €/KG","img":"https://fd2-photos.leclercdrive.fr/image.ashx?id=2729692&use=l&cat=p&typeid=i","cat":314032},{"id":29156,"n":"Saumon au beurre blanc Marie Echalotes confites au vin 400g","p":4.99,"u":"12,48 €/KG","img":"https://fd2-photos.leclercdrive.fr/image.ashx?id=2996806&use=l&cat=p&typeid=i","cat":319786},{"id":29174,"n":"Lait de douche Manava Pêche de vigne - 250ml","p":0.94,"u":"3,76 €/L","img":"https://fd2-photos.leclercdrive.fr/image.ashx?id=2618323&use=l&cat=p&typeid=i","cat":284594},{"id":29187,"n":"Langue de boeuf Larzul Sauce Madère 274g","p":4.98,"u":"18,18 €/KG","img":"https://fd2-photos.leclercdrive.fr/image.ashx?id=2228786&use=l&cat=p&typeid=i","cat":284441},{"id":29189,"n":"Bûche de chèvre Bio Bio Village 180g","p":2.66,"u":"14,78 €/KG","img":"https://fd2-photos.leclercdrive.fr/image.ashx?id=2070437&use=l&cat=p&typeid=i","cat":314031},{"id":29207,"n":"Pintade Maître Coq Barquette  sous atmosphère - 1.2kg","p":11.5,"u":"9,58 €/KG","img":"https://fd2-photos.leclercdrive.fr/image.ashx?id=2848788&use=l&cat=p&typeid=i","cat":284337},{"id":29267,"n":"Basilic Magda 75g","p":1.38,"u":"18,40 €/KG","img":"https://fd2-photos.leclercdrive.fr/image.ashx?id=2485695&use=l&cat=p&typeid=i","cat":319804},{"id":29354,"n":"Caramels tendres Confiséo 4 parfums 450g","p":3.14,"u":"6,98 €/KG","img":"https://fd2-photos.leclercdrive.fr/image.ashx?id=2934685&use=l&cat=p&typeid=i","cat":304250},{"id":29358,"n":"Pur jus pamplemousse Jafaden Rose - 1L","p":1.67,"u":"1,67 €/L","img":"https://fd2-photos.leclercdrive.fr/image.ashx?id=2869269&use=l&cat=p&typeid=i","cat":284914},{"id":29360,"n":"AOP Cabernet d'Anjou vin rosé Les Caractères - BIB 5L","p":21.49,"u":"4,30 €/L","img":"https://fd2-photos.leclercdrive.fr/image.ashx?id=2602636&use=l&cat=p&typeid=i","cat":289560},{"id":29361,"n":"Sacs poubelle haute 30L Elembal Poignées coulissantes - x25","p":3.23,"u":"0,13 €/P","img":"https://fd2-photos.leclercdrive.fr/image.ashx?id=2958723&use=l&cat=p&typeid=i","cat":285168},{"id":29364,"n":"Boisson base vin rosé Festalie Pamplemousse - 7.5% - 75 cl","p":1.89,"u":"2,52 €/L","img":"https://fd2-photos.leclercdrive.fr/image.ashx?id=2774891&use=l&cat=p&typeid=i","cat":304569},{"id":29370,"n":"AOP Crémant de Loire brut Les Caractères - 75cl","p":4.99,"u":"6,65 €/L","img":"https://fd2-photos.leclercdrive.fr/image.ashx?id=2898844&use=l&cat=p&typeid=i","cat":284545},{"id":29378,"n":"AOP Côtes du Rhône rouge Bio Rives & Terrasses - 3L","p":13.99,"u":"4,66 €/L","img":"https://fd2-photos.leclercdrive.fr/image.ashx?id=2742626&use=l&cat=p&typeid=i","cat":289560},{"id":29396,"n":"Mousse coiffante Vitanove Effet volume - 200ml","p":1.48,"u":"7,40 €/L","img":"https://fd2-photos.leclercdrive.fr/image.ashx?id=2490037&use=l&cat=p&typeid=i","cat":284609},{"id":29446,"n":"Filet de harengs Pêche Océan MSC - Aromates - 200g","p":2.5,"u":"12,50 €/KG","img":"https://fd2-photos.leclercdrive.fr/image.ashx?id=2863033&use=l&cat=p&typeid=i","cat":285190},{"id":29447,"n":"Truite fumée Ronde des mers France 6 tranches - 150g","p":4.95,"u":"33,00 €/KG","img":"https://fd2-photos.leclercdrive.fr/image.ashx?id=2833105&use=l&cat=p&typeid=i","cat":285188},{"id":29493,"n":"Tomato Ketchup Bio Heinz - 580g","p":2.41,"u":"4,16 €/KG","img":"https://fd2-photos.leclercdrive.fr/image.ashx?id=2927726&use=l&cat=p&typeid=i","cat":284455},{"id":29518,"n":"Glace Tyrolia Eskiss Caramel biscuit - 380g","p":2.57,"u":"6,76 €/KG","img":"https://fd2-photos.leclercdrive.fr/image.ashx?id=2075666&use=l&cat=p&typeid=i","cat":284266},{"id":29535,"n":"Croûtons Epi d'Or Ail - 2x90g","p":1.19,"u":"6,61 €/KG","img":"https://fd2-photos.leclercdrive.fr/image.ashx?id=2606049&use=l&cat=p&typeid=i","cat":284464},{"id":29570,"n":"Saucisson Petit Justin Bridou  Bâton de Berger Nature - 160g","p":3.27,"u":"20,44 €/KG","img":"https://fd2-photos.leclercdrive.fr/image.ashx?id=2894893&use=l&cat=p&typeid=i","cat":316006},{"id":29701,"n":"Bonbons Confiséo Menthe fraîcheur - 360g","p":1.87,"u":"5,19 €/KG","img":"https://fd2-photos.leclercdrive.fr/image.ashx?id=2934682&use=l&cat=p&typeid=i","cat":304252},{"id":29718,"n":"La Belle Escalope de Dinde  Le Gaulois x2 - 240g","p":5.1,"u":"21,25 €/KG","img":"https://fd2-photos.leclercdrive.fr/image.ashx?id=2259646&use=l&cat=p&typeid=i","cat":284337},{"id":29724,"n":"Escalope de dinde Le Gaulois Milanaise x2 - 240g","p":4.85,"u":"20,21 €/KG","img":"https://fd2-photos.leclercdrive.fr/image.ashx?id=2259652&use=l&cat=p&typeid=i","cat":284337},{"id":29729,"n":"Escalope de dinde Le Gaulois Extra tendre x2 - 250g","p":5.0,"u":"20,00 €/KG","img":"https://fd2-photos.leclercdrive.fr/image.ashx?id=2259649&use=l&cat=p&typeid=i","cat":284337},{"id":29758,"n":"Tequila San José 35%vol - 70cl","p":15.15,"u":"21,64 €/L","img":"https://fd2-photos.leclercdrive.fr/image.ashx?id=2243143&use=l&cat=p&typeid=i","cat":284550},{"id":29761,"n":"Taboulé Pierre Martinet Au poulet 500g","p":2.16,"u":"4,32 €/KG","img":"https://fd2-photos.leclercdrive.fr/image.ashx?id=2990526&use=l&cat=p&typeid=i","cat":333657},{"id":29768,"n":"Bière blonde 1664 5,5° - 50cl canette","p":1.19,"u":"2,38 €/L","img":"https://fd2-photos.leclercdrive.fr/image.ashx?id=2887563&use=l&cat=p&typeid=i","cat":334853},{"id":29773,"n":"Eau minérale naturelle Mag Source de magnésium - 6x1L","p":2.28,"u":"0,38 €/L","img":"https://fd2-photos.leclercdrive.fr/image.ashx?id=2423520&use=l&cat=p&typeid=i","cat":284535},{"id":29787,"n":"Champignons Menu Fraîcheur A la grecque - 300g","p":2.45,"u":"8,17 €/KG","img":"https://fd2-photos.leclercdrive.fr/image.ashx?id=2965485&use=l&cat=p&typeid=i","cat":333657},{"id":29793,"n":"Fromage de brebis Les Croisés Rond 25%mg - 100g","p":1.83,"u":"18,30 €/KG","img":"https://fd2-photos.leclercdrive.fr/image.ashx?id=1942404&use=l&cat=p&typeid=i","cat":314031},{"id":29794,"n":"Triangolo Fromage enfants vache Les Croisés 24 portions - 400g","p":2.67,"u":"6,68 €/KG","img":"https://fd2-photos.leclercdrive.fr/image.ashx?id=2791779&use=l&cat=p&typeid=i","cat":314030},{"id":29795,"n":"Fromage à tartiner Les Croisés Ail et fines herbes 24%mg 250g","p":2.09,"u":"8,36 €/KG","img":"https://fd2-photos.leclercdrive.fr/image.ashx?id=2476143&use=l&cat=p&typeid=i","cat":314029},{"id":29802,"n":"Kit Pâte à pizza Tablier Blanc 600g","p":2.59,"u":"4,32 €/KG","img":"https://fd2-photos.leclercdrive.fr/image.ashx?id=1731167&use=l&cat=p&typeid=i","cat":333681},{"id":29816,"n":"Bicarbonate alimentaire La Baleine - 800g","p":2.01,"u":"2,51 €/KG","img":"https://fd2-photos.leclercdrive.fr/image.ashx?id=2468335&use=l&cat=p&typeid=i","cat":284457},{"id":29824,"n":"Liqueur Lagoa Goût coco 17%vol - 70cl","p":8.8,"u":"12,57 €/L","img":"https://fd2-photos.leclercdrive.fr/image.ashx?id=2958332&use=l&cat=p&typeid=i","cat":284551},{"id":29828,"n":"Tarte Côté Table Chèvre épinards - 350g","p":2.9,"u":"8,29 €/KG","img":"https://fd2-photos.leclercdrive.fr/image.ashx?id=2858830&use=l&cat=p&typeid=i","cat":333680},{"id":29840,"n":"Bouillon cubes herbes Knorr Huile d'olive Puget x15 -150g","p":1.3,"u":"8,67 €/KG","img":"https://fd2-photos.leclercdrive.fr/image.ashx?id=2890601&use=l&cat=p&typeid=i","cat":288379},{"id":29841,"n":"Bouillon de Poule KNORR 15 Tablettes - 150g","p":1.19,"u":"7,93 €/KG","img":"https://fd2-photos.leclercdrive.fr/image.ashx?id=2906043&use=l&cat=p&typeid=i","cat":288379},{"id":29854,"n":"Beurre de Bretagne Les Croisés Doux - 82% MG - 250g","p":2.61,"u":"10,44 €/KG","img":"https://fd2-photos.leclercdrive.fr/image.ashx?id=2943641&use=l&cat=p&typeid=i","cat":284379},{"id":29855,"n":"Beurre de Bretagne Les Croisés Demi-sel - 80% MG - 250g","p":2.61,"u":"10,44 €/KG","img":"https://fd2-photos.leclercdrive.fr/image.ashx?id=2943644&use=l&cat=p&typeid=i","cat":284379},{"id":29857,"n":"Beurre Les Croisés 80% MG  Demi-sel Extra fin - 125g","p":1.49,"u":"11,92 €/KG","img":"https://fd2-photos.leclercdrive.fr/image.ashx?id=2778066&use=l&cat=p&typeid=i","cat":284379},{"id":29861,"n":"Boisson lactée Délisse Fraise - 6x20cl","p":2.22,"u":"1,85 €/L","img":"https://fd2-photos.leclercdrive.fr/image.ashx?id=2174693&use=l&cat=p&typeid=i","cat":295246},{"id":29862,"n":"Champignons Bio Bio Village Emincés - 600g","p":2.99,"u":"4,98 €/KG","img":"https://fd2-photos.leclercdrive.fr/image.ashx?id=2891815&use=l&cat=p&typeid=i","cat":319805},{"id":29864,"n":"Crème fraîche entière Délisse Fleurette - 30% MG - 40cl","p":1.72,"u":"4,30 €/L","img":"https://fd2-photos.leclercdrive.fr/image.ashx?id=3002575&use=l&cat=p&typeid=i","cat":284381},{"id":29865,"n":"Crème fraîche légère Délisse Fleurette - 12% MG - 40cl","p":1.62,"u":"4,05 €/L","img":"https://fd2-photos.leclercdrive.fr/image.ashx?id=3002578&use=l&cat=p&typeid=i","cat":284381},{"id":29866,"n":"Crème légère fluide UHT Délisse Brique 12%mg - 1L","p":3.39,"u":"3,39 €/L","img":"https://fd2-photos.leclercdrive.fr/image.ashx?id=3002584&use=l&cat=p&typeid=i","cat":284381},{"id":29869,"n":"Crème anglaise Délisse 1L","p":2.49,"u":"2,49 €/L","img":"https://fd2-photos.leclercdrive.fr/image.ashx?id=3002596&use=l&cat=p&typeid=i","cat":284382},{"id":29870,"n":"Crème d'Isigny AOP NRT 40%MG - 20cl","p":1.79,"u":"8,95 €/L","img":"https://fd2-photos.leclercdrive.fr/image.ashx?id=2771070&use=l&cat=p&typeid=i","cat":284381},{"id":29872,"n":"Crème semi-épaisse légère UHT Délisse 18%mg - 2x25cl","p":2.34,"u":"4,68 €/L","img":"https://fd2-photos.leclercdrive.fr/image.ashx?id=3002593&use=l&cat=p&typeid=i","cat":284381},{"id":29874,"n":"Emincés poireaux Notre Jardin A la crème 750g","p":2.55,"u":"3,40 €/KG","img":"https://fd2-photos.leclercdrive.fr/image.ashx?id=2873144&use=l&cat=p&typeid=i","cat":319805},{"id":29875,"n":"Crevettes Nord Pêche Océan Entières cuites - MSC - 500g","p":5.25,"u":"10,50 €/KG","img":"https://fd2-photos.leclercdrive.fr/image.ashx?id=2478769&use=l&cat=p&typeid=i","cat":319787},{"id":29896,"n":"Peppermint Whist Club 17%vol. - 70cl","p":6.99,"u":"9,99 €/L","img":"https://fd2-photos.leclercdrive.fr/image.ashx?id=1730735&use=l&cat=p&typeid=i","cat":286032},{"id":29900,"n":"Bière belge Rince Cochon Blonde - 8.5%vol. - 33cl","p":2.07,"u":"6,27 €/L","img":"https://fd2-photos.leclercdrive.fr/image.ashx?id=2694695&use=l&cat=p&typeid=i","cat":334872},{"id":29913,"n":"Bière belge Rince Cochon Fruits rouges - 7.5%vol. - 33cl","p":2.26,"u":"6,85 €/L","img":"https://fd2-photos.leclercdrive.fr/image.ashx?id=2694698&use=l&cat=p&typeid=i","cat":334872},{"id":29927,"n":"Bière belge Rince Cochon Blonde - 8.5%vol. - 75cl","p":3.15,"u":"4,20 €/L","img":"https://fd2-photos.leclercdrive.fr/image.ashx?id=1741463&use=l&cat=p&typeid=i","cat":334872},{"id":29961,"n":"AOC Buzet rouge L'Excellence - 75cl","p":4.16,"u":"5,55 €/L","img":"https://fd2-photos.leclercdrive.fr/image.ashx?id=2831891&use=l&cat=p&typeid=i","cat":289556},{"id":29979,"n":"Paupiette de veau Marie  Jardinière de légumes - 300g","p":2.86,"u":"9,53 €/KG","img":"https://fd2-photos.leclercdrive.fr/image.ashx?id=2317420&use=l&cat=p&typeid=i","cat":333665},{"id":30029,"n":"Poêlée champignons Notre Jardin Forestière - 400g","p":4.66,"u":"11,65 €/KG","img":"https://fd2-photos.leclercdrive.fr/image.ashx?id=2771372&use=l&cat=p&typeid=i","cat":319823},{"id":30042,"n":"Lait frais demi-écrémé Délisse Bouteille - 1L","p":1.12,"u":"1,12 €/L","img":"https://fd2-photos.leclercdrive.fr/image.ashx?id=2970581&use=l&cat=p&typeid=i","cat":285609},{"id":30043,"n":"Lait frais Délisse Entier Bouteille - 1L","p":1.33,"u":"1,33 €/L","img":"https://fd2-photos.leclercdrive.fr/image.ashx?id=2970584&use=l&cat=p&typeid=i","cat":285609},{"id":30046,"n":"Lait bio Bio Village Bouteille  Demi-écrémé UHT -  50cl","p":0.87,"u":"1,74 €/L","img":"https://fd2-photos.leclercdrive.fr/image.ashx?id=2981906&use=l&cat=p&typeid=i","cat":284377},{"id":30051,"n":"Mini gratins Côté Table Choux fleurs - x4 480g","p":3.19,"u":"6,65 €/KG","img":"https://fd2-photos.leclercdrive.fr/image.ashx?id=2029370&use=l&cat=p&typeid=i","cat":319802},{"id":30053,"n":"Nuggets de poulet Pic'Express x18 400g","p":4.15,"u":"10,38 €/KG","img":"https://fd2-photos.leclercdrive.fr/image.ashx?id=2823747&use=l&cat=p&typeid=i","cat":319780},{"id":30055,"n":"Légumes pour potage Bio Bio Village - 600g","p":1.99,"u":"3,32 €/KG","img":"https://fd2-photos.leclercdrive.fr/image.ashx?id=2891818&use=l&cat=p&typeid=i","cat":319805},{"id":30056,"n":"Ratatouille Bio Bio Village Cuisinée - 600g","p":3.49,"u":"5,82 €/KG","img":"https://fd2-photos.leclercdrive.fr/image.ashx?id=2891821&use=l&cat=p&typeid=i","cat":319823},{"id":30059,"n":"Trio de fleurette Notre Jardin 1kg","p":2.48,"u":"2,48 €/KG","img":"https://fd2-photos.leclercdrive.fr/image.ashx?id=2873135&use=l&cat=p&typeid=i","cat":319805},{"id":30067,"n":"Assaisonnement En Poudre KNORR Secret d’Arômes Tube - 60g","p":1.32,"u":"22,00 €/KG","img":"https://fd2-photos.leclercdrive.fr/image.ashx?id=3014401&use=l&cat=p&typeid=i","cat":298297},{"id":30069,"n":"Roux minute Maïzena Béchamel - 250g","p":1.97,"u":"7,88 €/KG","img":"https://fd2-photos.leclercdrive.fr/image.ashx?id=2769603&use=l&cat=p&typeid=i","cat":288382},{"id":30089,"n":"Blanc de poulet Tradilège 6 tranches - 180g","p":1.51,"u":"8,39 €/KG","img":"https://fd2-photos.leclercdrive.fr/image.ashx?id=2943677&use=l&cat=p&typeid=i","cat":316010},{"id":30091,"n":"Blanc de dinde Tradilège 6 tranches 180g","p":1.96,"u":"10,89 €/KG","img":"https://fd2-photos.leclercdrive.fr/image.ashx?id=2925744&use=l&cat=p&typeid=i","cat":316010},{"id":30093,"n":"Jambon supérieur Tradilège -25% de sel - Découenné x2-80g","p":1.69,"u":"21,13 €/KG","img":"https://fd2-photos.leclercdrive.fr/image.ashx?id=2991515&use=l&cat=p&typeid=i","cat":316009},{"id":30100,"n":"Jambonneau Tradilège Port cuit supérieur - 250g","p":3.79,"u":"15,16 €/KG","img":"https://fd2-photos.leclercdrive.fr/image.ashx?id=2852255&use=l&cat=p&typeid=i","cat":316009},{"id":30105,"n":"Rillettes du Mans Tradilège 110g","p":1.38,"u":"12,55 €/KG","img":"https://fd2-photos.leclercdrive.fr/image.ashx?id=2059435&use=l&cat=p&typeid=i","cat":316008},{"id":30108,"n":"Poitrine Nature Tradilège Tranches fines - 2x7T - 200g","p":2.55,"u":"12,75 €/KG","img":"https://fd2-photos.leclercdrive.fr/image.ashx?id=2852270&use=l&cat=p&typeid=i","cat":316011},{"id":30110,"n":"Pommes de terre NRT à la Sarladaise - 600g","p":2.99,"u":"4,98 €/KG","img":"https://fd2-photos.leclercdrive.fr/image.ashx?id=2699816&use=l&cat=p&typeid=i","cat":319823},{"id":30124,"n":"Soupe Régal Soupe Tomate et vermicelles - 1L","p":1.8,"u":"1,80 €/L","img":"https://fd2-photos.leclercdrive.fr/image.ashx?id=2607518&use=l&cat=p&typeid=i","cat":284462},{"id":30128,"n":"Céréales Chocapic Nestlé Chocolat - 1kg","p":5.65,"u":"5,65 €/KG","img":"https://fd2-photos.leclercdrive.fr/image.ashx?id=2977729&use=l&cat=p&typeid=i","cat":309513},{"id":30150,"n":"Eau aromatisée Volvic Juicy Agrumes -1,5L","p":1.33,"u":"0,89 €/L","img":"https://fd2-photos.leclercdrive.fr/image.ashx?id=2961987&use=l&cat=p&typeid=i","cat":284537},{"id":30167,"n":"Cheeseburger Charal 6x145g","p":11.97,"u":"13,76 €/KG","img":"https://fd2-photos.leclercdrive.fr/image.ashx?id=2516107&use=l&cat=p&typeid=i","cat":333671},{"id":30185,"n":"Haché moelleux oignon Férial x10 - 1kg","p":7.49,"u":"7,49 €/KG","img":"https://fd2-photos.leclercdrive.fr/image.ashx?id=2704517&use=l&cat=p&typeid=i","cat":319778},{"id":30186,"n":"Haché moelleux Férial x10 - 1kg","p":9.73,"u":"9,73 €/KG","img":"https://fd2-photos.leclercdrive.fr/image.ashx?id=2966514&use=l&cat=p&typeid=i","cat":319778},{"id":30188,"n":"Steak haché bio - Bio Village  15%mg x4 - 400g","p":8.25,"u":"20,63 €/KG","img":"https://fd2-photos.leclercdrive.fr/image.ashx?id=2840422&use=l&cat=p&typeid=i","cat":319778},{"id":30189,"n":"Tortillas chips Tokapi Chili - 150g","p":0.99,"u":"6,60 €/KG","img":"https://fd2-photos.leclercdrive.fr/image.ashx?id=2647958&use=l&cat=p&typeid=i","cat":287899},{"id":30212,"n":"Soufflés l'Original Curly Cacahuète - 100g","p":0.88,"u":"8,80 €/KG","img":"https://fd2-photos.leclercdrive.fr/image.ashx?id=2693635&use=l&cat=p&typeid=i","cat":284449},{"id":30235,"n":"Bonbons Tic Tac  Menthe x100 - 49g","p":1.89,"u":"38,57 €/KG","img":"https://fd2-photos.leclercdrive.fr/image.ashx?id=2729470&use=l&cat=p&typeid=i","cat":304256},{"id":30256,"n":"Pâte à tartiner Nutella 825g","p":5.77,"u":"6,99 €/KG","img":"https://fd2-photos.leclercdrive.fr/image.ashx?id=2961813&use=l&cat=p&typeid=i","cat":284481},{"id":30257,"n":"Cassoulet La Belle Chaurienne Au canard 420g","p":2.85,"u":"6,79 €/KG","img":"https://fd2-photos.leclercdrive.fr/image.ashx?id=2831912&use=l&cat=p&typeid=i","cat":284440},{"id":30272,"n":"IGP Pays d'Oc rouge Merlot Les Ormes de Cambras 12.5% BIB 5L","p":15.51,"u":"3,10 €/L","img":"https://fd2-photos.leclercdrive.fr/image.ashx?id=2443871&use=l&cat=p&typeid=i","cat":289560},{"id":30273,"n":"IGP Pays d'OC rouge Les Ormes De Cambras Sauvignon 12% BIB 5L","p":15.08,"u":"3,02 €/L","img":"https://fd2-photos.leclercdrive.fr/image.ashx?id=2445115&use=l&cat=p&typeid=i","cat":289560},{"id":30349,"n":"Nettoyant écologique Uni Vert Salle de bain - 750ml","p":2.06,"u":"2,75 €/L","img":"https://fd2-photos.leclercdrive.fr/image.ashx?id=2531178&use=l&cat=p&typeid=i","cat":325357},{"id":30360,"n":"Bonbons Tic Tac 100 pastilles citron vert et orange - 49g","p":1.89,"u":"38,57 €/KG","img":"https://fd2-photos.leclercdrive.fr/image.ashx?id=2736280&use=l&cat=p&typeid=i","cat":304256},{"id":30362,"n":"Fleur de maïs Maïzena 400g","p":1.38,"u":"3,45 €/KG","img":"https://fd2-photos.leclercdrive.fr/image.ashx?id=2312770&use=l&cat=p&typeid=i","cat":288382},{"id":30365,"n":"Arôme vanille Sainte Lucie Flacon 250ml","p":3.86,"u":"15,44 €/L","img":"https://fd2-photos.leclercdrive.fr/image.ashx?id=2774367&use=l&cat=p&typeid=i","cat":284504},{"id":30372,"n":"Fleur de Maïs Maïzena Sans Gluten Format Famille 700g","p":2.48,"u":"3,54 €/KG","img":"https://fd2-photos.leclercdrive.fr/image.ashx?id=2773907&use=l&cat=p&typeid=i","cat":288382},{"id":30377,"n":"Levure chimique Sainte Lucie Sachet x5 50g","p":0.42,"u":"8,40 €/KG","img":"https://fd2-photos.leclercdrive.fr/image.ashx?id=2775089&use=l&cat=p&typeid=i","cat":294686},{"id":30386,"n":"Crème dessert Mont Blanc Boîte Praliné - 570g","p":2.35,"u":"4,12 €/KG","img":"https://fd2-photos.leclercdrive.fr/image.ashx?id=3011596&use=l&cat=p&typeid=i","cat":284506},{"id":30398,"n":"Noix ambrées Sainte Lucie Cerneaux - 50g","p":1.84,"u":"36,80 €/KG","img":"https://fd2-photos.leclercdrive.fr/image.ashx?id=2775104&use=l&cat=p&typeid=i","cat":323809},{"id":30407,"n":"Dés de fromage salade Boursin Ail & fines herbes -120g","p":2.41,"u":"20,08 €/KG","img":"https://fd2-photos.leclercdrive.fr/image.ashx?id=2864366&use=l&cat=p&typeid=i","cat":314027},{"id":30410,"n":"Lasagnes bolognaise Marie 300g","p":2.98,"u":"9,93 €/KG","img":"https://fd2-photos.leclercdrive.fr/image.ashx?id=2800339&use=l&cat=p&typeid=i","cat":333665},{"id":30415,"n":"IGP Pays d'Oc rouge J-P Chenet Cabernet Syrah 13% vol - BIB 3L","p":10.44,"u":"3,48 €/L","img":"https://fd2-photos.leclercdrive.fr/image.ashx?id=2837451&use=l&cat=p&typeid=i","cat":289560},{"id":30420,"n":"Pizza Cuite sur pierre Turini Royale familiale - 570g","p":2.84,"u":"4,98 €/KG","img":"https://fd2-photos.leclercdrive.fr/image.ashx?id=2815241&use=l&cat=p&typeid=i","cat":284256},{"id":30477,"n":"Chocolat Pâtissier Nestlé Dessert : Praliné - 170g","p":3.06,"u":"18,00 €/KG","img":"https://fd2-photos.leclercdrive.fr/image.ashx?id=2895637&use=l&cat=p&typeid=i","cat":285562},{"id":30520,"n":"Fromage apéritif BoursinFromage Ail et fines herbes 20 roulés","p":3.26,"u":"32,60 €/KG","img":"https://fd2-photos.leclercdrive.fr/image.ashx?id=2918589&use=l&cat=p&typeid=i","cat":314027},{"id":30563,"n":"Coquillettes Lustucru Aux oeufs frais - 500g","p":1.77,"u":"3,54 €/KG","img":"https://fd2-photos.leclercdrive.fr/image.ashx?id=2799856&use=l&cat=p&typeid=i","cat":284427},{"id":30570,"n":"Sauce Tube Ail Oignons Panzani Panzani - 180G","p":1.18,"u":"6,56 €/KG","img":"https://fd2-photos.leclercdrive.fr/image.ashx?id=3004804&use=l&cat=p&typeid=i","cat":288384},{"id":30572,"n":"Pur jus de pomme Jafaden 1L","p":2.15,"u":"2,15 €/L","img":"https://fd2-photos.leclercdrive.fr/image.ashx?id=2916701&use=l&cat=p&typeid=i","cat":285435},{"id":30573,"n":"Edulcorant sucralose Canderel Briquet x300","p":2.97,"u":"95,81 €/KG","img":"https://fd2-photos.leclercdrive.fr/image.ashx?id=2811014&use=l&cat=p&typeid=i","cat":324846},{"id":30575,"n":"Happy' Box Haribo Boîte bonbons - 600g","p":4.13,"u":"6,88 €/KG","img":"https://fd2-photos.leclercdrive.fr/image.ashx?id=2802353&use=l&cat=p&typeid=i","cat":304250},{"id":30576,"n":"Zanzigliss Haribo Sachet bonbons réglisse - 300g","p":1.45,"u":"4,83 €/KG","img":"https://fd2-photos.leclercdrive.fr/image.ashx?id=2802347&use=l&cat=p&typeid=i","cat":304250},{"id":30577,"n":"Les Schtroumpfs Pik Haribo Sachet bonbons acidulés - 275g","p":1.57,"u":"5,71 €/KG","img":"https://fd2-photos.leclercdrive.fr/image.ashx?id=2984898&use=l&cat=p&typeid=i","cat":304250},{"id":30578,"n":"Bonbons LUTTI Scoubidou Doux Fruits - 200g","p":1.23,"u":"6,15 €/KG","img":"https://fd2-photos.leclercdrive.fr/image.ashx?id=2817434&use=l&cat=p&typeid=i","cat":304250},{"id":30588,"n":"Yaourts de Savoie NRT  Pêche Abricot - 4x150g","p":2.35,"u":"3,92 €/KG","img":"https://fd2-photos.leclercdrive.fr/image.ashx?id=2920806&use=l&cat=p&typeid=i","cat":284410},{"id":30591,"n":"Yaourts Savoie NRT  Poire Mirabelle - 4x150g","p":2.35,"u":"3,92 €/KG","img":"https://fd2-photos.leclercdrive.fr/image.ashx?id=2920809&use=l&cat=p&typeid=i","cat":284410},{"id":30592,"n":"Fromage blanc Délisse Sucré 3% MG - 8x100g","p":2.29,"u":"2,86 €/KG","img":"https://fd2-photos.leclercdrive.fr/image.ashx?id=3012833&use=l&cat=p&typeid=i","cat":284409},{"id":30599,"n":"Yaourts à boire Délisse Fraise - 4x100g","p":1.49,"u":"3,73 €/KG","img":"https://fd2-photos.leclercdrive.fr/image.ashx?id=2754889&use=l&cat=p&typeid=i","cat":284415},{"id":30600,"n":"Billes Chocolat au Lait KitKat Sachet  - 250g","p":3.87,"u":"15,48 €/KG","img":"https://fd2-photos.leclercdrive.fr/image.ashx?id=2806063&use=l&cat=p&typeid=i","cat":304238},{"id":30619,"n":"Jambon cru Aoste Quart Tranché  sans conservateur -  x18 - 220g","p":5.24,"u":"23,82 €/KG","img":"https://fd2-photos.leclercdrive.fr/image.ashx?id=2948057&use=l&cat=p&typeid=i","cat":316007},{"id":30640,"n":"Lapin chasseur Côté Table 280g","p":2.2,"u":"7,86 €/KG","img":"https://fd2-photos.leclercdrive.fr/image.ashx?id=2393866&use=l&cat=p&typeid=i","cat":284953},{"id":30652,"n":"Purée pommes de terre Florette 2x200g","p":2.4,"u":"6,00 €/KG","img":"https://fd2-photos.leclercdrive.fr/image.ashx?id=2767678&use=l&cat=p&typeid=i","cat":333665},{"id":30653,"n":"Purée de carottes Florette 2x200g","p":2.4,"u":"6,00 €/KG","img":"https://fd2-photos.leclercdrive.fr/image.ashx?id=2790003&use=l&cat=p&typeid=i","cat":333665},{"id":30656,"n":"Bandes de cire froide Siliss Maillot aisselles - x16","p":2.21,"u":"0,14 €/P","img":"https://fd2-photos.leclercdrive.fr/image.ashx?id=2602784&use=l&cat=p&typeid=i","cat":325351},{"id":30685,"n":"Liquide vaisselle Palmolive Original  amande - 750ml","p":1.43,"u":"1,91 €/L","img":"https://fd2-photos.leclercdrive.fr/image.ashx?id=2690147&use=l&cat=p&typeid=i","cat":284655},{"id":30697,"n":"Savon d'alep Manava 200g","p":3.99,"u":"19,95 €/KG","img":"https://fd2-photos.leclercdrive.fr/image.ashx?id=1952895&use=l&cat=p&typeid=i","cat":284597},{"id":30768,"n":"Gel douche Manava Pétales d'Orient 100ml","p":0.8,"u":"8,00 €/L","img":"https://fd2-photos.leclercdrive.fr/image.ashx?id=1669982&use=l&cat=p&typeid=i","cat":284594},{"id":30781,"n":"Sacs poubelle 50L Eco+ x10","p":0.41,"u":"0,04 €/P","img":"https://fd2-photos.leclercdrive.fr/image.ashx?id=2793143&use=l&cat=p&typeid=i","cat":285168},{"id":30791,"n":"Mouchoirs blancs 2 plis Eco+ Boîte mouchoirs en papier- x150","p":0.62,"img":"https://fd2-photos.leclercdrive.fr/image.ashx?id=2897751&use=l&cat=p&typeid=i","cat":284638},{"id":30815,"n":"Dissolvant Eco+ 250ml","p":1.35,"u":"5,40 €/L","img":"https://fd2-photos.leclercdrive.fr/image.ashx?id=1873934&use=l&cat=p&typeid=i","cat":325347},{"id":30816,"n":"Film étirable Eco+ 50m","p":0.95,"img":"https://fd2-photos.leclercdrive.fr/image.ashx?id=2751847&use=l&cat=p&typeid=i","cat":334134},{"id":30848,"n":"Vinaigre ménager Onyx 1L","p":1.65,"u":"1,65 €/L","img":"https://fd2-photos.leclercdrive.fr/image.ashx?id=2398553&use=l&cat=p&typeid=i","cat":300576},{"id":30850,"n":"Blanquette veau Côté Table Champignons 285g","p":2.21,"u":"7,75 €/KG","img":"https://fd2-photos.leclercdrive.fr/image.ashx?id=2064822&use=l&cat=p&typeid=i","cat":284953},{"id":30851,"n":"Cuisse Dinde Label Rouge x 1  IGP Volailles du Maine  - 750g","p":6.34,"u":"8,45 €/KG","img":"https://fd2-photos.leclercdrive.fr/image.ashx?id=2250570&use=l&cat=p&typeid=i","cat":284337},{"id":30856,"n":"Emincés de poulet Tradilège Rôti - 2x75g","p":2.09,"u":"13,93 €/KG","img":"https://fd2-photos.leclercdrive.fr/image.ashx?id=2994366&use=l&cat=p&typeid=i","cat":316011},{"id":30882,"n":"Bloc de fromage Leerdammer L'Original - 250g","p":3.33,"u":"13,32 €/KG","img":"https://fd2-photos.leclercdrive.fr/image.ashx?id=2146096&use=l&cat=p&typeid=i","cat":314034},{"id":30901,"n":"Cookies Chaque Jour sans gluten aux pépites de chocolat - 150g","p":2.44,"u":"16,27 €/KG","img":"https://fd2-photos.leclercdrive.fr/image.ashx?id=2669744&use=l&cat=p&typeid=i","cat":318654},{"id":30905,"n":"Coquilles moelleuses x6 Chaque Jour Sans Gluten 180g","p":2.2,"u":"12,22 €/KG","img":"https://fd2-photos.leclercdrive.fr/image.ashx?id=2710792&use=l&cat=p&typeid=i","cat":318654},{"id":30910,"n":"Pain façon campagnard Chaque Jour Sans Gluten - 400g","p":4.0,"u":"10,00 €/KG","img":"https://fd2-photos.leclercdrive.fr/image.ashx?id=2710795&use=l&cat=p&typeid=i","cat":325069},{"id":30916,"n":"Ciboulette Sainte Lucie Tubulaire - 5g","p":1.78,"u":"356,00 €/KG","img":"https://fd2-photos.leclercdrive.fr/image.ashx?id=2974336&use=l&cat=p&typeid=i","cat":298297},{"id":30917,"n":"Pâtes Escalope volaille Marie Crème champignons - 900g","p":4.0,"u":"4,44 €/KG","img":"https://fd2-photos.leclercdrive.fr/image.ashx?id=2996794&use=l&cat=p&typeid=i","cat":284254},{"id":30929,"n":"Tortillas chips Tables du Monde Nature - 200g","p":1.15,"u":"5,75 €/KG","img":"https://fd2-photos.leclercdrive.fr/image.ashx?id=2655695&use=l&cat=p&typeid=i","cat":288993},{"id":30932,"n":"Biscuits déli matin P'tit Déli  Chocolat allégé- 300g","p":1.88,"u":"6,27 €/KG","img":"https://fd2-photos.leclercdrive.fr/image.ashx?id=3001202&use=l&cat=p&typeid=i","cat":284491},{"id":30933,"n":"Biscuit chocolat noir Gerblé Sans Sucres Ajoutés - 126g","p":1.87,"u":"14,84 €/KG","img":"https://fd2-photos.leclercdrive.fr/image.ashx?id=2662799&use=l&cat=p&typeid=i","cat":318653},{"id":30936,"n":"Huile Isio 4 Lesieur 2L","p":6.49,"u":"3,25 €/L","img":"https://fd2-photos.leclercdrive.fr/image.ashx?id=2916021&use=l&cat=p&typeid=i","cat":284453},{"id":30947,"n":"Pâtes Collezione Barilla Tagliatelle - 500g","p":1.53,"u":"3,06 €/KG","img":"https://fd2-photos.leclercdrive.fr/image.ashx?id=2654119&use=l&cat=p&typeid=i","cat":284427},{"id":30949,"n":"plat cuisiné quinoa tomates olives bio bjorg- 250g","p":1.84,"u":"7,36 €/KG","img":"https://fd2-photos.leclercdrive.fr/image.ashx?id=2854444&use=l&cat=p&typeid=i","cat":287600},{"id":30951,"n":"Chocolat au lait Tablette d'Or Coeur de lait - 2x100g","p":1.95,"u":"9,75 €/KG","img":"https://fd2-photos.leclercdrive.fr/image.ashx?id=3010575&use=l&cat=p&typeid=i","cat":284497},{"id":30969,"n":"Glace Cône Nestlé Extrême Sorbet fruits rouges x6 - 426g","p":3.28,"u":"7,70 €/KG","img":"https://fd2-photos.leclercdrive.fr/image.ashx?id=2729845&use=l&cat=p&typeid=i","cat":284264},{"id":30976,"n":"Matière grasse Bridelight Demi-sel - 15% MG - 250g","p":2.1,"u":"8,40 €/KG","img":"https://fd2-photos.leclercdrive.fr/image.ashx?id=2643890&use=l&cat=p&typeid=i","cat":284379},{"id":30989,"n":"Quiche lorraine Côté Table 2x150g","p":2.92,"u":"9,73 €/KG","img":"https://fd2-photos.leclercdrive.fr/image.ashx?id=2791770&use=l&cat=p&typeid=i","cat":284257},{"id":30992,"n":"Poêlée paysanne Marie Saucisse fumé - 900g","p":4.59,"u":"5,10 €/KG","img":"https://fd2-photos.leclercdrive.fr/image.ashx?id=2996797&use=l&cat=p&typeid=i","cat":319823},{"id":30999,"n":"Spaghetti courts Lustucru Aux oeufs - 500g","p":1.79,"u":"3,58 €/KG","img":"https://fd2-photos.leclercdrive.fr/image.ashx?id=2519798&use=l&cat=p&typeid=i","cat":284427},{"id":31002,"n":"Petit salé aux lentilles  William Saurin - 840g","p":5.99,"u":"7,13 €/KG","img":"https://fd2-photos.leclercdrive.fr/image.ashx?id=2904095&use=l&cat=p&typeid=i","cat":284441},{"id":31018,"n":"Feuille de brick Tablier Blanc En rouleau - 90g","p":1.49,"u":"16,56 €/KG","img":"https://fd2-photos.leclercdrive.fr/image.ashx?id=2188688&use=l&cat=p&typeid=i","cat":333681},{"id":31021,"n":"Gnocchi Turini 800g","p":2.29,"u":"2,86 €/KG","img":"https://fd2-photos.leclercdrive.fr/image.ashx?id=2254529&use=l&cat=p&typeid=i","cat":333682},{"id":31022,"n":"Gnocchi à poêler Turini 500g","p":1.42,"u":"2,84 €/KG","img":"https://fd2-photos.leclercdrive.fr/image.ashx?id=2606822&use=l&cat=p&typeid=i","cat":333682},{"id":31023,"n":"Ravioli Ricotta épinards Bio  Bio village - 250g","p":2.99,"u":"11,96 €/KG","img":"https://fd2-photos.leclercdrive.fr/image.ashx?id=2650252&use=l&cat=p&typeid=i","cat":333682},{"id":31027,"n":"Cappuccino soluble Plantation nature - 280g","p":3.21,"u":"11,46 €/KG","img":"https://fd2-photos.leclercdrive.fr/image.ashx?id=2819274&use=l&cat=p&typeid=i","cat":284843},{"id":31029,"n":"Escalope Cordon Bleu Père Dodu  Dinde - Comté x2 - 200g","p":2.59,"u":"12,95 €/KG","img":"https://fd2-photos.leclercdrive.fr/image.ashx?id=2957179&use=l&cat=p&typeid=i","cat":333683},{"id":31030,"n":"Escalope Cordon Bleu Père Dodu  Poulet - Raclette x2 - 200g","p":2.68,"u":"13,40 €/KG","img":"https://fd2-photos.leclercdrive.fr/image.ashx?id=2957182&use=l&cat=p&typeid=i","cat":333683},{"id":31035,"n":"Chips La classique Vico Nature - 135g","p":1.27,"u":"9,41 €/KG","img":"https://fd2-photos.leclercdrive.fr/image.ashx?id=2917801&use=l&cat=p&typeid=i","cat":284447},{"id":31037,"n":"Chips La classique Vico Nature - 270g","p":2.21,"u":"8,19 €/KG","img":"https://fd2-photos.leclercdrive.fr/image.ashx?id=2917804&use=l&cat=p&typeid=i","cat":284447},{"id":31044,"n":"Haricots verts Notre Jardin Extra fins - 5 Fagots - 220g","p":2.15,"u":"9,77 €/KG","img":"https://fd2-photos.leclercdrive.fr/image.ashx?id=2119133&use=l&cat=p&typeid=i","cat":312606},{"id":31046,"n":"Assortiment crackers Tokapi Emmental - 100g","p":0.64,"u":"6,40 €/KG","img":"https://fd2-photos.leclercdrive.fr/image.ashx?id=2034386&use=l&cat=p&typeid=i","cat":297000},{"id":31047,"n":"Assortiment Crackers Tokapi Mélange 4 saveurs - 380g","p":2.79,"u":"7,34 €/KG","img":"https://fd2-photos.leclercdrive.fr/image.ashx?id=2671399&use=l&cat=p&typeid=i","cat":297000},{"id":31050,"n":"Biscuits pavot citron GERBLE  - 4x4  200g","p":1.38,"u":"6,90 €/KG","img":"https://fd2-photos.leclercdrive.fr/image.ashx?id=2967001&use=l&cat=p&typeid=i","cat":318651},{"id":31052,"n":"Biscuits figue et son GERBLE   - 5x5, 210g","p":1.5,"u":"7,14 €/KG","img":"https://fd2-photos.leclercdrive.fr/image.ashx?id=2662319&use=l&cat=p&typeid=i","cat":318651},{"id":31054,"n":"Bouillon Cube Maggi Vollaile - x12 cubes - 120g","p":1.5,"u":"12,50 €/KG","img":"https://fd2-photos.leclercdrive.fr/image.ashx?id=2736982&use=l&cat=p&typeid=i","cat":288379},{"id":31058,"n":"Pâtes Barilla Capellini n°1 - 500g","p":0.94,"u":"1,88 €/KG","img":"https://fd2-photos.leclercdrive.fr/image.ashx?id=2392194&use=l&cat=p&typeid=i","cat":284427},{"id":31086,"n":"Capsules Nescafé Dolce Gusto  Lungo Décaféiné - x16","p":4.82,"u":"43,04 €/KG","img":"https://fd2-photos.leclercdrive.fr/image.ashx?id=2836676&use=l&cat=p&typeid=i","cat":293239},{"id":31088,"n":"Coeurs d'artichaut Notre Jardin 245g","p":3.49,"u":"14,24 €/KG","img":"https://fd2-photos.leclercdrive.fr/image.ashx?id=2040299&use=l&cat=p&typeid=i","cat":312611},{"id":31095,"n":"Filets maquereaux Pêche Océan Citron olives - 176g","p":1.78,"u":"10,11 €/KG","img":"https://fd2-photos.leclercdrive.fr/image.ashx?id=2515679&use=l&cat=p&typeid=i","cat":303868},{"id":31098,"n":"Capsules Nescafé Dolce Gusto  Café au Lait - x16","p":4.7,"u":"29,38 €/KG","img":"https://fd2-photos.leclercdrive.fr/image.ashx?id=2946637&use=l&cat=p&typeid=i","cat":293239},{"id":31101,"n":"Filets maquereaux Pêche Océan Sauce escabèche - 169g","p":1.15,"u":"6,80 €/KG","img":"https://fd2-photos.leclercdrive.fr/image.ashx?id=2394666&use=l&cat=p&typeid=i","cat":303868},{"id":31105,"n":"Gaufrettes P'tit Déli Praliné noisette x15 110g","p":0.87,"u":"7,91 €/KG","img":"https://fd2-photos.leclercdrive.fr/image.ashx?id=2418245&use=l&cat=p&typeid=i","cat":284488},{"id":31106,"n":"Gaufrettes P'tit Déli Chocolat x15 110g","p":1.1,"u":"10,00 €/KG","img":"https://fd2-photos.leclercdrive.fr/image.ashx?id=2436020&use=l&cat=p&typeid=i","cat":284488},{"id":31107,"n":"Gâteau P'tit Déli Tout chocolat 300g","p":2.15,"u":"7,17 €/KG","img":"https://fd2-photos.leclercdrive.fr/image.ashx?id=2562707&use=l&cat=p&typeid=i","cat":294776},{"id":31109,"n":"Gaufrettes P'tit Déli Framboise 160g","p":1.47,"u":"9,19 €/KG","img":"https://fd2-photos.leclercdrive.fr/image.ashx?id=2915290&use=l&cat=p&typeid=i","cat":284489},{"id":31113,"n":"Haricots rouges Notre Jardin 500g","p":1.37,"u":"2,74 €/KG","img":"https://fd2-photos.leclercdrive.fr/image.ashx?id=2988054&use=l&cat=p&typeid=i","cat":312606},{"id":31116,"n":"Pâtes bio Jardin Bio' Tire-bouchon semi-complet  500g","p":1.74,"u":"3,48 €/KG","img":"https://fd2-photos.leclercdrive.fr/image.ashx?id=2961116&use=l&cat=p&typeid=i","cat":284427},{"id":31132,"n":"Tartine croustillante Epi d'Or Céréales - 250g","p":1.41,"u":"5,64 €/KG","img":"https://fd2-photos.leclercdrive.fr/image.ashx?id=2535256&use=l&cat=p&typeid=i","cat":284479},{"id":31133,"n":"Tartine croustillante Epi d'Or Seigle - 250g","p":1.29,"u":"5,16 €/KG","img":"https://fd2-photos.leclercdrive.fr/image.ashx?id=2533325&use=l&cat=p&typeid=i","cat":284479},{"id":31139,"n":"Tortillas chips Tables du Monde Chili - 200g","p":1.39,"u":"6,95 €/KG","img":"https://fd2-photos.leclercdrive.fr/image.ashx?id=2661544&use=l&cat=p&typeid=i","cat":288993},{"id":31143,"n":"Lait concentré sucré Délisse 397g","p":1.35,"u":"3,40 €/KG","img":"https://fd2-photos.leclercdrive.fr/image.ashx?id=2576588&use=l&cat=p&typeid=i","cat":299162},{"id":31149,"n":"Les p'tites spirales P'tit Déli Fraise 150g","p":1.55,"u":"10,33 €/KG","img":"https://fd2-photos.leclercdrive.fr/image.ashx?id=2660419&use=l&cat=p&typeid=i","cat":284495},{"id":31171,"n":"Pop corn sucrés Tokapi Micro-ondable - 3x90g","p":1.25,"u":"4,63 €/KG","img":"https://fd2-photos.leclercdrive.fr/image.ashx?id=2351628&use=l&cat=p&typeid=i","cat":304249},{"id":31174,"n":"Pâtes penne rigate Panzani 1kg","p":2.01,"u":"2,01 €/KG","img":"https://fd2-photos.leclercdrive.fr/image.ashx?id=2876020&use=l&cat=p&typeid=i","cat":284427},{"id":31191,"n":"Riz sushi Tanoshi 450g","p":2.73,"u":"6,07 €/KG","img":"https://fd2-photos.leclercdrive.fr/image.ashx?id=2955788&use=l&cat=p&typeid=i","cat":288992},{"id":31193,"n":"Biscuit apéritif ancel Bretzels Sticks - 200g","p":0.97,"u":"4,85 €/KG","img":"https://fd2-photos.leclercdrive.fr/image.ashx?id=2895178&use=l&cat=p&typeid=i","cat":297000},{"id":31200,"n":"AOP Bordeaux rouge Baron de Lestac - BIB 3L","p":18.73,"u":"6,24 €/L","img":"https://fd2-photos.leclercdrive.fr/image.ashx?id=2420910&use=l&cat=p&typeid=i","cat":289560},{"id":31211,"n":"Grana Padano AOP Casa Azzurra Râpé -  100g","p":1.91,"u":"19,10 €/KG","img":"https://fd2-photos.leclercdrive.fr/image.ashx?id=2284730&use=l&cat=p&typeid=i","cat":314035},{"id":31246,"n":"Andouillettes Le Gaulois Canard x2 - 240g","p":3.8,"u":"15,83 €/KG","img":"https://fd2-photos.leclercdrive.fr/image.ashx?id=2236863&use=l&cat=p&typeid=i","cat":316012},{"id":31265,"n":"Friandises chats Félix Original  Party mix - 60g","p":1.22,"u":"20,33 €/KG","img":"https://fd2-photos.leclercdrive.fr/image.ashx?id=2683346&use=l&cat=p&typeid=i","cat":285285},{"id":31288,"n":"Emmental râpé Entremont Spécial pizza 125g","p":1.9,"u":"15,20 €/KG","img":"https://fd2-photos.leclercdrive.fr/image.ashx?id=2785793&use=l&cat=p&typeid=i","cat":314035},{"id":31297,"n":"Fromage crémeux Les Croisés 36%mg - 200g","p":2.43,"u":"12,15 €/KG","img":"https://fd2-photos.leclercdrive.fr/image.ashx?id=2037379&use=l&cat=p&typeid=i","cat":329558},{"id":31298,"n":"Brique affinée Les Croisés 30%mg - 180g","p":2.59,"u":"14,39 €/KG","img":"https://fd2-photos.leclercdrive.fr/image.ashx?id=2913675&use=l&cat=p&typeid=i","cat":314033},{"id":31301,"n":"Steak haché Férial  15%mg - X10 - 1kg","p":11.9,"u":"11,90 €/KG","img":"https://fd2-photos.leclercdrive.fr/image.ashx?id=3004657&use=l&cat=p&typeid=i","cat":319778},{"id":31389,"n":"Menus gourmands Tous mes amis pour chatons - 12x100g","p":4.29,"u":"3,58 €/KG","img":"https://fd2-photos.leclercdrive.fr/image.ashx?id=2027595&use=l&cat=p&typeid=i","cat":285286},{"id":31416,"n":"Chocolat noir Villars 72% -100g","p":2.35,"u":"23,50 €/KG","img":"https://fd2-photos.leclercdrive.fr/image.ashx?id=2464270&use=l&cat=p&typeid=i","cat":284956},{"id":31425,"n":"Liégois de fruits Andros Abricot coulis framboise 4x100g","p":2.06,"u":"5,15 €/KG","img":"https://fd2-photos.leclercdrive.fr/image.ashx?id=2575645&use=l&cat=p&typeid=i","cat":285042},{"id":31441,"n":"Plat bébé Blédina 12 mois  Courgette riz veau - 2x200g","p":2.81,"u":"7,03 €/KG","img":"https://fd2-photos.leclercdrive.fr/image.ashx?id=2975074&use=l&cat=p&typeid=i","cat":312237},{"id":31447,"n":"Tablette Chocolat Lait Crunch Céréales Croustillantes 2x100g","p":2.57,"u":"12,85 €/KG","img":"https://fd2-photos.leclercdrive.fr/image.ashx?id=2899740&use=l&cat=p&typeid=i","cat":284497},{"id":31450,"n":"Délice de jambon Tulip 340g","p":2.99,"u":"8,79 €/KG","img":"https://fd2-photos.leclercdrive.fr/image.ashx?id=2465592&use=l&cat=p&typeid=i","cat":305149},{"id":31458,"n":"Moutarde de Dijon Rustica  Fine et forte - 160g","p":0.95,"u":"5,94 €/KG","img":"https://fd2-photos.leclercdrive.fr/image.ashx?id=1921625&use=l&cat=p&typeid=i","cat":288850},{"id":31641,"n":"Poulet basquaise Côté Table Riz 285g","p":1.81,"u":"6,35 €/KG","img":"https://fd2-photos.leclercdrive.fr/image.ashx?id=2476149&use=l&cat=p&typeid=i","cat":284953},{"id":31652,"n":"Beurre Tendre Elle&Vire Doux - 82% MG - 250g","p":2.95,"u":"11,80 €/KG","img":"https://fd2-photos.leclercdrive.fr/image.ashx?id=2574374&use=l&cat=p&typeid=i","cat":284379},{"id":31656,"n":"Cornichons Rustica Aigre Doux - 360g","p":1.63,"u":"4,53 €/KG","img":"https://fd2-photos.leclercdrive.fr/image.ashx?id=2916698&use=l&cat=p&typeid=i","cat":284458},{"id":31659,"n":"Sirop La Maison Guiot Cerise - 70cl","p":3.18,"u":"4,54 €/L","img":"https://fd2-photos.leclercdrive.fr/image.ashx?id=2857201&use=l&cat=p&typeid=i","cat":295020},{"id":31660,"n":"Sirop La Maison Guiot Fraise des bois - 70cl","p":3.47,"u":"4,96 €/L","img":"https://fd2-photos.leclercdrive.fr/image.ashx?id=2857207&use=l&cat=p&typeid=i","cat":295020},{"id":31661,"n":"Sirop La Maison Guiot Pêche blanche - 70cl","p":3.34,"u":"4,77 €/L","img":"https://fd2-photos.leclercdrive.fr/image.ashx?id=2857198&use=l&cat=p&typeid=i","cat":295020},{"id":31662,"n":"Sirop La Maison Guiot Mûre / Cassis - 70cl","p":3.4,"u":"4,86 €/L","img":"https://fd2-photos.leclercdrive.fr/image.ashx?id=2857186&use=l&cat=p&typeid=i","cat":295020},{"id":31680,"n":"Lingettes bébé Mots d'Enfants Ultra-douces - x24","p":1.25,"u":"0,05 €/P","img":"https://fd2-photos.leclercdrive.fr/image.ashx?id=2856501&use=l&cat=p&typeid=i","cat":284738},{"id":31682,"n":"Sachet repas chat Tous mes amis Viande en sauces - 4x100g","p":1.49,"u":"3,73 €/KG","img":"https://fd2-photos.leclercdrive.fr/image.ashx?id=2043005&use=l&cat=p&typeid=i","cat":285286},{"id":31709,"n":"Viande boeuf séchée Saint Azay 10 tranches - 80g","p":3.78,"u":"47,25 €/KG","img":"https://fd2-photos.leclercdrive.fr/image.ashx?id=2071366&use=l&cat=p&typeid=i","cat":316007},{"id":31710,"n":"Tiramisu Délisse 500g","p":2.99,"u":"5,98 €/KG","img":"https://fd2-photos.leclercdrive.fr/image.ashx?id=2415556&use=l&cat=p&typeid=i","cat":284419},{"id":31714,"n":"Pur jus de pomme Bio Village Bio - 6x20cl","p":3.25,"u":"2,71 €/L","img":"https://fd2-photos.leclercdrive.fr/image.ashx?id=2077442&use=l&cat=p&typeid=i","cat":284524},{"id":31717,"n":"Parmigiano Reg AOP Casa Azzurra Râpé -  60g","p":1.4,"u":"23,33 €/KG","img":"https://fd2-photos.leclercdrive.fr/image.ashx?id=2261951&use=l&cat=p&typeid=i","cat":314035},{"id":31728,"n":"Jus de pomme Jafaden Nectar - 2L","p":2.15,"u":"1,08 €/L","img":"https://fd2-photos.leclercdrive.fr/image.ashx?id=2956077&use=l&cat=p&typeid=i","cat":284522},{"id":31729,"n":"Jus de pomme Jafaden A base de concentré - 1L","p":0.95,"u":"0,95 €/L","img":"https://fd2-photos.leclercdrive.fr/image.ashx?id=2550842&use=l&cat=p&typeid=i","cat":284522},{"id":31731,"n":"Thé glacé Fresh Tea Pêche - 1L","p":1.03,"u":"1,03 €/L","img":"https://fd2-photos.leclercdrive.fr/image.ashx?id=2622251&use=l&cat=p&typeid=i","cat":295019},{"id":31733,"n":"Pur jus multifruits Jafaden 1L","p":1.39,"u":"1,39 €/L","img":"https://fd2-photos.leclercdrive.fr/image.ashx?id=2890006&use=l&cat=p&typeid=i","cat":284917},{"id":31735,"n":"Nectar multifruits Jafaden 1L","p":1.75,"u":"1,75 €/L","img":"https://fd2-photos.leclercdrive.fr/image.ashx?id=2956089&use=l&cat=p&typeid=i","cat":284917},{"id":31736,"n":"Nectar Jafaden Goyave - 1L","p":2.08,"u":"2,08 €/L","img":"https://fd2-photos.leclercdrive.fr/image.ashx?id=2956095&use=l&cat=p&typeid=i","cat":284916},{"id":31737,"n":"Nectar Jafaden Passion - 1L","p":2.71,"u":"2,71 €/L","img":"https://fd2-photos.leclercdrive.fr/image.ashx?id=2959602&use=l&cat=p&typeid=i","cat":284916},{"id":31830,"n":"Sachet repas chat Tous mes amis Viande en sauce - 12x100g","p":3.65,"u":"3,04 €/KG","img":"https://fd2-photos.leclercdrive.fr/image.ashx?id=2677077&use=l&cat=p&typeid=i","cat":285286},{"id":31863,"n":"AOP Camembert Graindorge Au lait cru - 250g","p":3.75,"pp":2.62,"u":"10,48 €/KG","img":"https://fd2-photos.leclercdrive.fr/image.ashx?id=2412600&use=l&cat=p&typeid=i","cat":314033},{"id":31869,"n":"Crème épaisse AOP  Isigny Ste Mère 35%mg - 20cl","p":1.58,"u":"7,90 €/L","img":"https://fd2-photos.leclercdrive.fr/image.ashx?id=2711851&use=l&cat=p&typeid=i","cat":284381},{"id":31877,"n":"AOP Camembert Reo 45%mg - 250g","p":3.85,"u":"15,40 €/KG","img":"https://fd2-photos.leclercdrive.fr/image.ashx?id=2021511&use=l&cat=p&typeid=i","cat":314033},{"id":31915,"n":"Mayonnaise à la moutarde de Dij  de Dijon Rustica - 235 g","p":1.25,"u":"5,32 €/KG","img":"https://fd2-photos.leclercdrive.fr/image.ashx?id=2954355&use=l&cat=p&typeid=i","cat":298295},{"id":31918,"n":"Sucre Tablier Blanc En morceaux - 1kg","p":1.99,"u":"1,99 €/KG","img":"https://fd2-photos.leclercdrive.fr/image.ashx?id=3010425&use=l&cat=p&typeid=i","cat":284502},{"id":31920,"n":"Matière grasse Rustica à tartiner 50%MG Omega 3 - 500g","p":1.98,"u":"3,96 €/KG","img":"https://fd2-photos.leclercdrive.fr/image.ashx?id=2904556&use=l&cat=p&typeid=i","cat":315229},{"id":31924,"n":"Déodorant bille Manava Peaux sensibles 50ml","p":1.15,"u":"23,00 €/L","img":"https://fd2-photos.leclercdrive.fr/image.ashx?id=2481222&use=l&cat=p&typeid=i","cat":284595},{"id":31934,"n":"Spray coiffant Vitanove Fixation forte - 250ml","p":1.19,"u":"4,76 €/L","img":"https://fd2-photos.leclercdrive.fr/image.ashx?id=2331697&use=l&cat=p&typeid=i","cat":284609},{"id":31941,"n":"IGP Ardèche rouge Pont d'Arc 13.5% vol - BIB 5L","p":11.2,"u":"2,24 €/L","img":"https://fd2-photos.leclercdrive.fr/image.ashx?id=2527913&use=l&cat=p&typeid=i","cat":289560},{"id":31965,"n":"Nettoyant spray Clair Cuisine et salle de bain 750ml","p":1.49,"u":"1,99 €/L","img":"https://fd2-photos.leclercdrive.fr/image.ashx?id=2466151&use=l&cat=p&typeid=i","cat":325357},{"id":31976,"n":"Sucre vanillé bio Bio Village 6x7.5g","p":1.85,"u":"41,11 €/KG","img":"https://fd2-photos.leclercdrive.fr/image.ashx?id=2895801&use=l&cat=p&typeid=i","cat":294686},{"id":31981,"n":"Couches bébé Mots d'Enfants T4+ Ultra confort - 9/20kg - x24","p":5.8,"u":"0,24 €/P","img":"https://fd2-photos.leclercdrive.fr/image.ashx?id=2699459&use=l&cat=p&typeid=i","cat":284737},{"id":31983,"n":"Cidre rosé Les Goelleries 2.5%vol. - 75cl","p":2.29,"u":"3,05 €/L","img":"https://fd2-photos.leclercdrive.fr/image.ashx?id=2842295&use=l&cat=p&typeid=i","cat":334880},{"id":31985,"n":"Couches bébé Mots d'Enfants -T4 Ultra confort - 7/18kg - x26","p":5.55,"u":"0,21 €/P","img":"https://fd2-photos.leclercdrive.fr/image.ashx?id=2699456&use=l&cat=p&typeid=i","cat":284737},{"id":31988,"n":"Sachet repas chat Tous mes amis Poissons en gelée - 4x100g","p":1.33,"u":"3,33 €/KG","img":"https://fd2-photos.leclercdrive.fr/image.ashx?id=2043002&use=l&cat=p&typeid=i","cat":285286},{"id":32012,"n":"Beurre Moulé de Baratte Le Gall Doux - 82% MG - 250g","p":2.95,"u":"11,80 €/KG","img":"https://fd2-photos.leclercdrive.fr/image.ashx?id=2380997&use=l&cat=p&typeid=i","cat":284379},{"id":32014,"n":"Beurre de Baratte 80%MG Le Gall Fleur de sel de Guérande - 250g","p":2.93,"u":"11,72 €/KG","img":"https://fd2-photos.leclercdrive.fr/image.ashx?id=2381003&use=l&cat=p&typeid=i","cat":284379},{"id":32059,"n":"Sachet repas chat Tous mes amis Viande en geléé - 12x100g","p":3.65,"u":"3,04 €/KG","img":"https://fd2-photos.leclercdrive.fr/image.ashx?id=2027598&use=l&cat=p&typeid=i","cat":285286},{"id":32064,"n":"Mousse à raser Carré Homme Sensible - 250ml","p":1.39,"u":"5,56 €/L","img":"https://fd2-photos.leclercdrive.fr/image.ashx?id=2704681&use=l&cat=p&typeid=i","cat":284617},{"id":32087,"n":"Yaourts vanille Soignon au lait de chèvre - 4x125g","p":2.19,"u":"4,38 €/KG","img":"https://fd2-photos.leclercdrive.fr/image.ashx?id=2518247&use=l&cat=p&typeid=i","cat":314998},{"id":32093,"n":"Poulet rôti Marie Pommes de terres fondantes 900g","p":4.98,"u":"5,53 €/KG","img":"https://fd2-photos.leclercdrive.fr/image.ashx?id=2996788&use=l&cat=p&typeid=i","cat":284254},{"id":32098,"n":"Biscuits Dinosaurus Lotus  Chocolat noir - 225g","p":1.97,"u":"8,76 €/KG","img":"https://fd2-photos.leclercdrive.fr/image.ashx?id=2859812&use=l&cat=p&typeid=i","cat":284488},{"id":32104,"n":"Goûter laitier Récré O'Lé Gourdes Saveur Vanille - 4x85g","p":2.12,"u":"6,24 €/KG","img":"https://fd2-photos.leclercdrive.fr/image.ashx?id=3008827&use=l&cat=p&typeid=i","cat":284506},{"id":32109,"n":"Oeufs fermiers  Label rouge Plein Air - x6","p":2.0,"u":"0,33 €/P","img":"https://fd2-photos.leclercdrive.fr/image.ashx?id=635003&use=l&cat=p&typeid=i","cat":284378},{"id":32181,"n":"Trousse dentaire Petit Dentamyl 2-6ans","p":2.46,"img":"https://fd2-photos.leclercdrive.fr/image.ashx?id=2072888&use=l&cat=p&typeid=i","cat":288897},{"id":32183,"n":"Couches bébé Mots d'Enfants T4+ Douceur - 9/20kg - x70 changes","p":10.8,"u":"0,15 €/P","img":"https://fd2-photos.leclercdrive.fr/image.ashx?id=2904574&use=l&cat=p&typeid=i","cat":284737},{"id":32186,"n":"Couches bébé Mots d'Enfants T5 Douceur - 11/25kg - x66","p":10.7,"u":"0,16 €/P","img":"https://fd2-photos.leclercdrive.fr/image.ashx?id=2907195&use=l&cat=p&typeid=i","cat":284737},{"id":32202,"n":"Couches bébé Mots d'Enfants T3 Douceur - 4/9kg - x90 changes","p":11.4,"u":"0,13 €/P","img":"https://fd2-photos.leclercdrive.fr/image.ashx?id=2699465&use=l&cat=p&typeid=i","cat":284737},{"id":32213,"n":"Bacon fumé Herta Barquette 100g","p":2.0,"u":"20,00 €/KG","img":"https://fd2-photos.leclercdrive.fr/image.ashx?id=2876236&use=l&cat=p&typeid=i","cat":316011},{"id":32214,"n":"Sandwich Daunat Jambon beurre XXL - 230g","p":2.08,"u":"9,04 €/KG","img":"https://fd2-photos.leclercdrive.fr/image.ashx?id=2892703&use=l&cat=p&typeid=i","cat":333658},{"id":32216,"n":"Sandwich XXL Daunat Poulet rôti Mayonnaise - 230g","p":2.09,"u":"9,09 €/KG","img":"https://fd2-photos.leclercdrive.fr/image.ashx?id=2892706&use=l&cat=p&typeid=i","cat":333658},{"id":32217,"n":"Sandwich XXL Daunat Thon Oeuf Crudités - 230g","p":1.86,"u":"8,09 €/KG","img":"https://fd2-photos.leclercdrive.fr/image.ashx?id=2892697&use=l&cat=p&typeid=i","cat":333658},{"id":32255,"n":"Déodorant Manava Pierre d'alun/Aloé véra - 200ml","p":1.39,"u":"6,95 €/L","img":"https://fd2-photos.leclercdrive.fr/image.ashx?id=2481225&use=l&cat=p&typeid=i","cat":284595},{"id":32258,"n":"Couches bébé Mots d'Enfants -T3 Ultra confort - 4/9kg - x29","p":5.99,"u":"0,21 €/P","img":"https://fd2-photos.leclercdrive.fr/image.ashx?id=2699453&use=l&cat=p&typeid=i","cat":284737},{"id":32267,"n":"Emmental fromage rapé Les Croisés - 325g","p":2.65,"u":"8,15 €/KG","img":"https://fd2-photos.leclercdrive.fr/image.ashx?id=2942786&use=l&cat=p&typeid=i","cat":314035},{"id":32268,"n":"Bûche de chèvre Les Croisés Non affiné 19%mg - 150g","p":1.89,"u":"12,60 €/KG","img":"https://fd2-photos.leclercdrive.fr/image.ashx?id=2919613&use=l&cat=p&typeid=i","cat":314031},{"id":32271,"n":"Pizza Turini Jambon emmental - 200g","p":1.22,"u":"6,10 €/KG","img":"https://fd2-photos.leclercdrive.fr/image.ashx?id=2989670&use=l&cat=p&typeid=i","cat":333679},{"id":32286,"n":"Papillons d'Alsace NRT 250g","p":1.39,"u":"5,56 €/KG","img":"https://fd2-photos.leclercdrive.fr/image.ashx?id=2839992&use=l&cat=p&typeid=i","cat":284427},{"id":32293,"n":"Sucre de canne Tablier Blanc Cassonade 750g","p":1.55,"u":"2,07 €/KG","img":"https://fd2-photos.leclercdrive.fr/image.ashx?id=2501676&use=l&cat=p&typeid=i","cat":284502},{"id":32301,"n":"Biscuit Petit beurre P'tit Déli Tablette chocolat blanc - 150g","p":1.49,"u":"9,93 €/KG","img":"https://fd2-photos.leclercdrive.fr/image.ashx?id=2970738&use=l&cat=p&typeid=i","cat":284488},{"id":32307,"n":"Le Rossignol Les Croisés 29%mg - 250g","p":2.16,"u":"8,64 €/KG","img":"https://fd2-photos.leclercdrive.fr/image.ashx?id=2841753&use=l&cat=p&typeid=i","cat":329558},{"id":32317,"n":"Apéritif Lagoa Cocktail Planteur sans alcool 75cl","p":3.04,"u":"4,05 €/L","img":"https://fd2-photos.leclercdrive.fr/image.ashx?id=2047868&use=l&cat=p&typeid=i","cat":284549},{"id":32335,"n":"100% Pur jus d'orange Jafaden Très pulpé - 1L","p":2.61,"u":"2,61 €/L","img":"https://fd2-photos.leclercdrive.fr/image.ashx?id=2869272&use=l&cat=p&typeid=i","cat":284521},{"id":32339,"n":"Sirop Frucci Pamplemousse Rose - 75cl","p":3.65,"u":"4,87 €/L","img":"https://fd2-photos.leclercdrive.fr/image.ashx?id=728406&use=l&cat=p&typeid=i","cat":295020},{"id":32352,"n":"Emmental fromage râpé bio Bio village - 200g","p":2.31,"u":"11,55 €/KG","img":"https://fd2-photos.leclercdrive.fr/image.ashx?id=1972558&use=l&cat=p&typeid=i","cat":314035},{"id":32357,"n":"Yaourts en gourde Délisse 3 Abricots + 3 Fraises - 6x90g","p":2.89,"u":"5,35 €/KG","img":"https://fd2-photos.leclercdrive.fr/image.ashx?id=2699565&use=l&cat=p&typeid=i","cat":284415},{"id":32371,"n":"Petits pots  Babybio Bio Carotte quinoa - 8mois 2x200g","p":2.64,"u":"6,60 €/KG","img":"https://fd2-photos.leclercdrive.fr/image.ashx?id=2834512&use=l&cat=p&typeid=i","cat":312239},{"id":32380,"n":"Farine de blé Eco+ 1kg","p":0.55,"u":"0,55 €/KG","img":"https://fd2-photos.leclercdrive.fr/image.ashx?id=2659774&use=l&cat=p&typeid=i","cat":284503},{"id":32386,"n":"Mélange forestier Notre Jardin 225g","p":2.57,"u":"11,42 €/KG","img":"https://fd2-photos.leclercdrive.fr/image.ashx?id=2613705&use=l&cat=p&typeid=i","cat":312612},{"id":32387,"n":"Ratatouille Notre Jardin A la provençale - 375g","p":1.06,"u":"2,83 €/KG","img":"https://fd2-photos.leclercdrive.fr/image.ashx?id=2526294&use=l&cat=p&typeid=i","cat":312612},{"id":32388,"n":"Maïs Notre Jardin Aux 2 poivrons - 270g","p":1.19,"u":"4,41 €/KG","img":"https://fd2-photos.leclercdrive.fr/image.ashx?id=2988057&use=l&cat=p&typeid=i","cat":312611},{"id":32478,"n":"Fruits rouges Fruistar 650g","p":4.72,"u":"7,26 €/KG","img":"https://fd2-photos.leclercdrive.fr/image.ashx?id=2898245&use=l&cat=p&typeid=i","cat":284268},{"id":32479,"n":"Culotte absorbante Tena Taille L - Plus - x8","p":7.21,"u":"0,90 €/P","img":"https://fd2-photos.leclercdrive.fr/image.ashx?id=2428585&use=l&cat=p&typeid=i","cat":284628},{"id":32480,"n":"Culotte absorbante Tena Taille M - Plus - x9","p":7.75,"u":"0,86 €/P","img":"https://fd2-photos.leclercdrive.fr/image.ashx?id=2428591&use=l&cat=p&typeid=i","cat":284628},{"id":32492,"n":"Crème glacée L'Angelys Vanille - 450g","p":4.86,"u":"10,80 €/KG","img":"https://fd2-photos.leclercdrive.fr/image.ashx?id=2963574&use=l&cat=p&typeid=i","cat":284263},{"id":32493,"n":"Crème glacée L'Angelys Caramel beurre salé - 450g","p":5.1,"u":"11,33 €/KG","img":"https://fd2-photos.leclercdrive.fr/image.ashx?id=2883188&use=l&cat=p&typeid=i","cat":284263},{"id":32497,"n":"Recharge Savon Mains Dettol Parfum Citron 250ml","p":2.12,"u":"8,48 €/L","img":"https://fd2-photos.leclercdrive.fr/image.ashx?id=2962020&use=l&cat=p&typeid=i","cat":284597},{"id":32516,"n":"Saumon fumé Bio Bio Village Atlantique x4T - 120g","p":5.77,"u":"48,08 €/KG","img":"https://fd2-photos.leclercdrive.fr/image.ashx?id=2374606&use=l&cat=p&typeid=i","cat":285188},{"id":32532,"n":"Saucisses cocktail Jean Floc'h Nature - 200g","p":1.7,"u":"8,50 €/KG","img":"https://fd2-photos.leclercdrive.fr/image.ashx?id=1662146&use=l&cat=p&typeid=i","cat":284450},{"id":32533,"n":"Langue de bœuf Larzul Sauce madère 410g","p":7.25,"u":"17,68 €/KG","img":"https://fd2-photos.leclercdrive.fr/image.ashx?id=2204021&use=l&cat=p&typeid=i","cat":284441},{"id":32547,"n":"Galettes de Pleyben Gavottes Pur beurre 130g","p":1.29,"u":"9,92 €/KG","img":"https://fd2-photos.leclercdrive.fr/image.ashx?id=2276894&use=l&cat=p&typeid=i","cat":284487},{"id":32555,"n":"Fromage Maasdam Les Croisés tranches x14 - 27.1%mg - 350g","p":3.23,"u":"9,23 €/KG","img":"https://fd2-photos.leclercdrive.fr/image.ashx?id=2026322&use=l&cat=p&typeid=i","cat":314028},{"id":32556,"n":"Gouda Les Croisés 30.5%mg portion - 250g","p":3.25,"u":"13,00 €/KG","img":"https://fd2-photos.leclercdrive.fr/image.ashx?id=2900121&use=l&cat=p&typeid=i","cat":314034},{"id":32557,"n":"Edam Les Croisés 23.7%mg portion - 250g","p":3.09,"u":"12,36 €/KG","img":"https://fd2-photos.leclercdrive.fr/image.ashx?id=2900124&use=l&cat=p&typeid=i","cat":314034},{"id":32558,"n":"Mimolette Les Croisés 23.7%mg portion - 250g","p":2.97,"u":"11,88 €/KG","img":"https://fd2-photos.leclercdrive.fr/image.ashx?id=2796049&use=l&cat=p&typeid=i","cat":314034},{"id":32631,"n":"Biscuits palmier Bio Village Bio - 100g","p":1.27,"u":"12,70 €/KG","img":"https://fd2-photos.leclercdrive.fr/image.ashx?id=2610729&use=l&cat=p&typeid=i","cat":284487},{"id":32690,"n":"Tranches de fromage Leerdammer Le Léger - 8 Tranches - 200g","p":3.8,"u":"19,00 €/KG","img":"https://fd2-photos.leclercdrive.fr/image.ashx?id=2507581&use=l&cat=p&typeid=i","cat":314028},{"id":32707,"n":"Poisson pané  Cabillaud Findus MSC x4 - 400g","p":6.55,"u":"16,38 €/KG","img":"https://fd2-photos.leclercdrive.fr/image.ashx?id=2650666&use=l&cat=p&typeid=i","cat":319788},{"id":32724,"n":"Pain grillé bio Bio Village Céréales et graines - 225g","p":1.59,"u":"7,07 €/KG","img":"https://fd2-photos.leclercdrive.fr/image.ashx?id=2595119&use=l&cat=p&typeid=i","cat":284479},{"id":32730,"n":"Filets de merlu blanc Meunière Cité Marine MSC - 220g","p":4.1,"u":"18,64 €/KG","img":"https://fd2-photos.leclercdrive.fr/image.ashx?id=2298088&use=l&cat=p&typeid=i","cat":284344},{"id":32751,"n":"Lait écrémé de Bretagne Brique : 1L","p":0.98,"u":"0,98 €/L","img":"https://fd2-photos.leclercdrive.fr/image.ashx?id=1582625&use=l&cat=p&typeid=i","cat":284949},{"id":32752,"n":"Lait entier Les Eleveurs de Brique : 1L","p":1.16,"u":"1,16 €/L","img":"https://fd2-photos.leclercdrive.fr/image.ashx?id=1574207&use=l&cat=p&typeid=i","cat":285610},{"id":32754,"n":"Lait Les Eleveurs Bretagne  Bio demi écrémé bouteille 1L","p":1.2,"u":"1,20 €/L","img":"https://fd2-photos.leclercdrive.fr/image.ashx?id=1574183&use=l&cat=p&typeid=i","cat":284377},{"id":32765,"n":"Bonbons Copains Copines Planch' acid goût fruit 225g","p":1.11,"u":"4,93 €/KG","img":"https://fd2-photos.leclercdrive.fr/image.ashx?id=2934709&use=l&cat=p&typeid=i","cat":304250},{"id":32768,"n":"Lait demi écrémé LesEleveurs de Bretagne brique 6x1L","p":6.06,"u":"1,01 €/L","img":"https://fd2-photos.leclercdrive.fr/image.ashx?id=1574195&use=l&cat=p&typeid=i","cat":284377},{"id":32770,"n":"Lait écrémé de Bretagne Brique : 6x1L","p":5.83,"u":"0,97 €/L","img":"https://fd2-photos.leclercdrive.fr/image.ashx?id=1582616&use=l&cat=p&typeid=i","cat":284949},{"id":32771,"n":"Lait entier Les Eleveurs de Bretagne - Brique : 6x1L","p":6.96,"u":"1,16 €/L","img":"https://fd2-photos.leclercdrive.fr/image.ashx?id=1574204&use=l&cat=p&typeid=i","cat":285610},{"id":32778,"n":"Lait Bio demi-écrémé  Les éleveurs de bretagne  6x1L","p":7.2,"u":"1,20 €/L","img":"https://fd2-photos.leclercdrive.fr/image.ashx?id=1574186&use=l&cat=p&typeid=i","cat":284377},{"id":32786,"n":"Déodorant bille Manava Pierre d'alun - 50ml","p":0.99,"u":"19,80 €/L","img":"https://fd2-photos.leclercdrive.fr/image.ashx?id=2481219&use=l&cat=p&typeid=i","cat":284595},{"id":32802,"n":"Coeur de laitue Florette Florette - 320g","p":2.69,"u":"8,41 €/KG","img":"https://fd2-photos.leclercdrive.fr/image.ashx?id=2090057&use=l&cat=p&typeid=i","cat":284353},{"id":32817,"n":"Eau minérale Mont Blanc 6x1.5L","p":3.33,"u":"0,37 €/L","img":"https://fd2-photos.leclercdrive.fr/image.ashx?id=2401110&use=l&cat=p&typeid=i","cat":284535},{"id":32843,"n":"Chipolatas superieure Socopa Sous atmosphère x6 - 330g","p":3.53,"u":"10,70 €/KG","img":"https://fd2-photos.leclercdrive.fr/image.ashx?id=2638130&use=l&cat=p&typeid=i","cat":284334},{"id":32877,"n":"Tarte au fromage Côté Table 2x130g","p":2.71,"u":"10,42 €/KG","img":"https://fd2-photos.leclercdrive.fr/image.ashx?id=2201483&use=l&cat=p&typeid=i","cat":333680},{"id":32934,"n":"Bière blanche 1664 Blanc 5° - 12x25cl","p":9.42,"u":"3,14 €/L","img":"https://fd2-photos.leclercdrive.fr/image.ashx?id=2886696&use=l&cat=p&typeid=i","cat":334878},{"id":32949,"n":"Gel Douche Fa Cap tonique mixte flacon- 250ml","p":1.47,"u":"5,88 €/L","img":"https://fd2-photos.leclercdrive.fr/image.ashx?id=2995418&use=l&cat=p&typeid=i","cat":284594},{"id":32954,"n":"Bûche glacée Eskiss Poire Chocolat - 549g","p":3.89,"u":"7,09 €/KG","img":"https://fd2-photos.leclercdrive.fr/image.ashx?id=2968988&use=l&cat=p&typeid=i","cat":284266},{"id":32957,"n":"Poitrine fumée Herta 2x100g","p":2.9,"u":"14,50 €/KG","img":"https://fd2-photos.leclercdrive.fr/image.ashx?id=2787773&use=l&cat=p&typeid=i","cat":316011},{"id":32969,"n":"Mousse à raser Carré Homme Menthol 250ml","p":1.39,"u":"5,56 €/L","img":"https://fd2-photos.leclercdrive.fr/image.ashx?id=2704705&use=l&cat=p&typeid=i","cat":284617},{"id":32970,"n":"Lingettes Bionaïa Démaquillantes Bio x25","p":1.04,"u":"0,04 €/P","img":"https://fd2-photos.leclercdrive.fr/image.ashx?id=2376025&use=l&cat=p&typeid=i","cat":284603},{"id":32971,"n":"Mousse à raser Carré Homme Protectrice 250ml","p":1.12,"u":"4,48 €/L","img":"https://fd2-photos.leclercdrive.fr/image.ashx?id=2842289&use=l&cat=p&typeid=i","cat":284617},{"id":32981,"n":"Biscuits sec thé P'tit Déli 340g","p":1.21,"u":"3,56 €/KG","img":"https://fd2-photos.leclercdrive.fr/image.ashx?id=2679488&use=l&cat=p&typeid=i","cat":284487},{"id":32982,"n":"Pâtes coquillettes Turini Les 3 min - 1kg","p":1.43,"u":"1,43 €/KG","img":"https://fd2-photos.leclercdrive.fr/image.ashx?id=2607530&use=l&cat=p&typeid=i","cat":284427},{"id":32985,"n":"Riz long Comptoir du Grain Cuisson rapide - 2kg","p":3.36,"u":"1,68 €/KG","img":"https://fd2-photos.leclercdrive.fr/image.ashx?id=2226197&use=l&cat=p&typeid=i","cat":284428},{"id":32986,"n":"Pâtes penne Turini Les 3 min - 500g","p":0.99,"u":"1,98 €/KG","img":"https://fd2-photos.leclercdrive.fr/image.ashx?id=2744240&use=l&cat=p&typeid=i","cat":284427},{"id":32996,"n":"Tripes à la mode de Caen Bigard 500g","p":5.21,"u":"10,42 €/KG","img":"https://fd2-photos.leclercdrive.fr/image.ashx?id=2032138&use=l&cat=p&typeid=i","cat":333666},{"id":32997,"n":"Tripes à la provençale Bigard 500g","p":5.21,"u":"10,42 €/KG","img":"https://fd2-photos.leclercdrive.fr/image.ashx?id=2095773&use=l&cat=p&typeid=i","cat":284328},{"id":33004,"n":"Mousse au chocolat Marie Morin A l'ancienne - 2x100g","p":3.59,"u":"17,95 €/KG","img":"https://fd2-photos.leclercdrive.fr/image.ashx?id=2631687&use=l&cat=p&typeid=i","cat":284417},{"id":33019,"n":"Crème Nourrissante Nivea Visage Corps Mains - 150ml","p":1.88,"u":"12,53 €/L","img":"https://fd2-photos.leclercdrive.fr/image.ashx?id=2600536&use=l&cat=p&typeid=i","cat":325350},{"id":33034,"n":"AOC Crémant Bourgogne brut Veuve Ambal - Tastevine - 75cl","p":7.99,"u":"10,65 €/L","img":"https://fd2-photos.leclercdrive.fr/image.ashx?id=1965240&use=l&cat=p&typeid=i","cat":284545},{"id":33036,"n":"Beurre allégé Les Croisés Doux - 60% MG - 250g","p":1.87,"u":"7,48 €/KG","img":"https://fd2-photos.leclercdrive.fr/image.ashx?id=2893319&use=l&cat=p&typeid=i","cat":284379},{"id":33047,"n":"AOC Bordeaux vin rouge Chantet Blanet - BIB 5L","p":15.49,"u":"3,10 €/L","img":"https://fd2-photos.leclercdrive.fr/image.ashx?id=2952391&use=l&cat=p&typeid=i","cat":289560},{"id":33063,"n":"Lait de toilette Mots d'Enfants Extra-doux - 750ml","p":3.69,"u":"4,92 €/L","img":"https://fd2-photos.leclercdrive.fr/image.ashx?id=2266495&use=l&cat=p&typeid=i","cat":284741},{"id":33097,"n":"Steak haché façon bouchère 560g Férial - 15%mg - X4","p":9.45,"u":"16,88 €/KG","img":"https://fd2-photos.leclercdrive.fr/image.ashx?id=3004660&use=l&cat=p&typeid=i","cat":319778},{"id":33098,"n":"Viande hachée Férial 15%mg - 400G","p":5.49,"u":"13,73 €/KG","img":"https://fd2-photos.leclercdrive.fr/image.ashx?id=2966517&use=l&cat=p&typeid=i","cat":319779},{"id":33150,"n":"Blanquette Weight Watchers Poulet 300g","p":3.02,"u":"10,07 €/KG","img":"https://fd2-photos.leclercdrive.fr/image.ashx?id=2880739&use=l&cat=p&typeid=i","cat":333665},{"id":33151,"n":"Préparation culinaire Soja Délisse - 5%mg - 3x20cl","p":1.89,"u":"3,15 €/L","img":"https://fd2-photos.leclercdrive.fr/image.ashx?id=2852115&use=l&cat=p&typeid=i","cat":316069},{"id":33199,"n":"Sirop Eco+ Fraise - 1L","p":2.43,"u":"2,43 €/L","img":"https://fd2-photos.leclercdrive.fr/image.ashx?id=2959701&use=l&cat=p&typeid=i","cat":295020},{"id":33219,"n":"Truite fumée Ovive Aquitaine 4 tranches - 120g","p":5.03,"u":"41,92 €/KG","img":"https://fd2-photos.leclercdrive.fr/image.ashx?id=2996941&use=l&cat=p&typeid=i","cat":285188},{"id":33236,"n":"Jambon Tranché Fin FleuryMichon à l'italienne x6 - 180g","p":3.45,"u":"19,17 €/KG","img":"https://fd2-photos.leclercdrive.fr/image.ashx?id=2889292&use=l&cat=p&typeid=i","cat":316009},{"id":33251,"n":"Déodorant Manava peux sensibles Anti-transpirant spray - 200ml","p":1.29,"u":"6,45 €/L","img":"https://fd2-photos.leclercdrive.fr/image.ashx?id=2886454&use=l&cat=p&typeid=i","cat":284595},{"id":33252,"n":"Mini feuilletés Côté Table Escargot x16 - 170g","p":5.49,"u":"32,29 €/KG","img":"https://fd2-photos.leclercdrive.fr/image.ashx?id=2600408&use=l&cat=p&typeid=i","cat":319774},{"id":33255,"n":"Pâtes farfalle Turini Les 3 min - 500g","p":1.07,"u":"2,14 €/KG","img":"https://fd2-photos.leclercdrive.fr/image.ashx?id=2669723&use=l&cat=p&typeid=i","cat":284427},{"id":33262,"n":"Céréales Corn Flakes Kellogg's 500g","p":2.39,"u":"4,78 €/KG","img":"https://fd2-photos.leclercdrive.fr/image.ashx?id=2522005&use=l&cat=p&typeid=i","cat":309513},{"id":33266,"n":"Céréales Smacks Kellogg's 400g","p":2.37,"u":"5,93 €/KG","img":"https://fd2-photos.leclercdrive.fr/image.ashx?id=2584235&use=l&cat=p&typeid=i","cat":309513},{"id":33268,"n":"Cassolette Côté Table Fruits de mer 2x110g","p":3.99,"u":"18,14 €/KG","img":"https://fd2-photos.leclercdrive.fr/image.ashx?id=2234972&use=l&cat=p&typeid=i","cat":284254},{"id":33269,"n":"Pommes de terre Pom'lisse Grenaille - 450g","p":2.49,"u":"5,53 €/KG","img":"https://fd2-photos.leclercdrive.fr/image.ashx?id=2704708&use=l&cat=p&typeid=i","cat":319792},{"id":33274,"n":"Pâtes spaghetti Turini Les 3 min - 1kg","p":1.55,"u":"1,55 €/KG","img":"https://fd2-photos.leclercdrive.fr/image.ashx?id=2607533&use=l&cat=p&typeid=i","cat":284427},{"id":33304,"n":"Soja cuisine Bio Village Fluide bio - 3x20cl","p":1.61,"u":"2,68 €/L","img":"https://fd2-photos.leclercdrive.fr/image.ashx?id=2493679&use=l&cat=p&typeid=i","cat":316069},{"id":33334,"n":"Crème hydratante Mots d'Enfants Bébé - 100ml","p":2.38,"u":"23,80 €/L","img":"https://fd2-photos.leclercdrive.fr/image.ashx?id=3014218&use=l&cat=p&typeid=i","cat":284741},{"id":33440,"n":"AOP Crémant d'Alsace rosé Brut - Wolfberger - 75cl","p":8.19,"u":"10,92 €/L","img":"https://fd2-photos.leclercdrive.fr/image.ashx?id=2556123&use=l&cat=p&typeid=i","cat":284545},{"id":33499,"n":"Jus de pomme pétillant Champomy Pink Pomme Raisin - 75cl","p":2.82,"u":"3,76 €/L","img":"https://fd2-photos.leclercdrive.fr/image.ashx?id=2688638&use=l&cat=p&typeid=i","cat":289460},{"id":33503,"n":"Salade & Cie Sodebo Antibes Thon riz - 320g","p":2.81,"u":"8,78 €/KG","img":"https://fd2-photos.leclercdrive.fr/image.ashx?id=2799431&use=l&cat=p&typeid=i","cat":333657},{"id":33515,"n":"Beurre Les Eleveurs de Bretagne Demi-sel Extra fin -80%MG- 250g","p":2.66,"u":"10,64 €/KG","img":"https://fd2-photos.leclercdrive.fr/image.ashx?id=651213&use=l&cat=p&typeid=i","cat":284379},{"id":33594,"n":"Cacahuètes  Benenuts Grillées salées - 220g","p":1.18,"u":"5,36 €/KG","img":"https://fd2-photos.leclercdrive.fr/image.ashx?id=2418762&use=l&cat=p&typeid=i","cat":284448},{"id":33595,"n":"Monster Munch Salé - 85g","p":1.0,"u":"11,76 €/KG","img":"https://fd2-photos.leclercdrive.fr/image.ashx?id=2971598&use=l&cat=p&typeid=i","cat":284449},{"id":33596,"n":"Monster Munch Jambon fromage - 85g","p":1.18,"u":"13,88 €/KG","img":"https://fd2-photos.leclercdrive.fr/image.ashx?id=2971604&use=l&cat=p&typeid=i","cat":284449},{"id":33600,"n":"Monster Munch Ketchup - 85g","p":1.07,"u":"12,59 €/KG","img":"https://fd2-photos.leclercdrive.fr/image.ashx?id=2996932&use=l&cat=p&typeid=i","cat":284449},{"id":33667,"n":"Crème de cassis Auguste Mugniot 15%vol. - 70cl","p":4.89,"u":"6,99 €/L","img":"https://fd2-photos.leclercdrive.fr/image.ashx?id=1211501&use=l&cat=p&typeid=i","cat":286032},{"id":33745,"n":"IGP Pays d'Oc rosé Cinsault  Syrah Ormes de Cambras - BIB 5L","p":15.4,"u":"3,08 €/L","img":"https://fd2-photos.leclercdrive.fr/image.ashx?id=2445118&use=l&cat=p&typeid=i","cat":289560},{"id":33749,"n":"IGP Terres du Midi Listel Vin rosé 12% vol - BIB 3L","p":12.74,"u":"4,25 €/L","img":"https://fd2-photos.leclercdrive.fr/image.ashx?id=2883468&use=l&cat=p&typeid=i","cat":289560},{"id":33773,"n":"Biscuits petit dej P'tit Déli  Multi céréales - 400g","p":1.87,"u":"4,68 €/KG","img":"https://fd2-photos.leclercdrive.fr/image.ashx?id=2999505&use=l&cat=p&typeid=i","cat":284491},{"id":33804,"n":"Déodorant Manava Douceur satin 200ml","p":1.44,"u":"7,20 €/L","img":"https://fd2-photos.leclercdrive.fr/image.ashx?id=1911801&use=l&cat=p&typeid=i","cat":284595},{"id":33805,"n":"Lingettes désinfectantes Clair Anti-bactériennes x40","p":1.05,"u":"0,03 €/P","img":"https://fd2-photos.leclercdrive.fr/image.ashx?id=2768095&use=l&cat=p&typeid=i","cat":325358},{"id":33811,"n":"Pastis de Marseille 45%vol - 1L","p":16.35,"u":"16,35 €/L","img":"https://fd2-photos.leclercdrive.fr/image.ashx?id=2637817&use=l&cat=p&typeid=i","cat":284548},{"id":33820,"n":"Friandises chat Catisfactions Saumon - 60g","p":1.11,"u":"18,50 €/KG","img":"https://fd2-photos.leclercdrive.fr/image.ashx?id=2912605&use=l&cat=p&typeid=i","cat":285285},{"id":33824,"n":"Pur jus multifruits Jafaden  Orange Carotte Banane - 1L","p":2.29,"u":"2,29 €/L","img":"https://fd2-photos.leclercdrive.fr/image.ashx?id=2841157&use=l&cat=p&typeid=i","cat":284917},{"id":33837,"n":"Tripes à la tomate Bigard 500g","p":4.9,"u":"9,80 €/KG","img":"https://fd2-photos.leclercdrive.fr/image.ashx?id=2032135&use=l&cat=p&typeid=i","cat":333666},{"id":33847,"n":"Pur jus multifruits Jafaden Orange Ananas Mangue - 1L","p":2.29,"u":"2,29 €/L","img":"https://fd2-photos.leclercdrive.fr/image.ashx?id=2841160&use=l&cat=p&typeid=i","cat":284917},{"id":33848,"n":"Pur jus multifruits Jafaden  Orange Clémentine Banane - 1L","p":2.35,"u":"2,35 €/L","img":"https://fd2-photos.leclercdrive.fr/image.ashx?id=2841163&use=l&cat=p&typeid=i","cat":284917},{"id":33882,"n":"Farfalle Bio Village Bio Au blé complet - 500g","p":1.95,"u":"3,90 €/KG","img":"https://fd2-photos.leclercdrive.fr/image.ashx?id=2625373&use=l&cat=p&typeid=i","cat":284427},{"id":33885,"n":"Olives noires  Rustica Dénoyautées - 180g","p":1.23,"u":"6,83 €/KG","img":"https://fd2-photos.leclercdrive.fr/image.ashx?id=1698893&use=l&cat=p&typeid=i","cat":284458},{"id":33887,"n":"Pains grillés complet Epi d'or 400g","p":1.57,"u":"3,93 €/KG","img":"https://fd2-photos.leclercdrive.fr/image.ashx?id=2982610&use=l&cat=p&typeid=i","cat":284479},{"id":33891,"n":"Paëlla royale Côté Table 300g","p":3.39,"u":"11,30 €/KG","img":"https://fd2-photos.leclercdrive.fr/image.ashx?id=2393872&use=l&cat=p&typeid=i","cat":284953},{"id":33893,"n":"Penne Bio Village  Bio - 500g","p":0.89,"u":"1,78 €/KG","img":"https://fd2-photos.leclercdrive.fr/image.ashx?id=2625370&use=l&cat=p&typeid=i","cat":284427},{"id":33910,"n":"Biscuit Petit beurre P'tit Déli Chocolat noir pocket - 250g","p":2.39,"u":"9,56 €/KG","img":"https://fd2-photos.leclercdrive.fr/image.ashx?id=750629&use=l&cat=p&typeid=i","cat":284488},{"id":33914,"n":"Tartines craquante  Sans Gluten - 2x125g","p":2.59,"u":"10,36 €/KG","img":"https://fd2-photos.leclercdrive.fr/image.ashx?id=2518550&use=l&cat=p&typeid=i","cat":318654},{"id":33915,"n":"Veau aux légumes Côté table Barquette 280g","p":2.29,"u":"8,18 €/KG","img":"https://fd2-photos.leclercdrive.fr/image.ashx?id=2476152&use=l&cat=p&typeid=i","cat":284953},{"id":33917,"n":"Thon entier Pêche Océan Huile d'olive - 160g","p":2.29,"u":"14,31 €/KG","img":"https://fd2-photos.leclercdrive.fr/image.ashx?id=2942199&use=l&cat=p&typeid=i","cat":303867},{"id":33918,"n":"Pâtes torsettes Turini Blé complet - 500g","p":0.99,"u":"1,98 €/KG","img":"https://fd2-photos.leclercdrive.fr/image.ashx?id=2607527&use=l&cat=p&typeid=i","cat":284427},{"id":33921,"n":"Boisson énergisante X-tense Bouteille - 1L","p":1.8,"u":"1,80 €/L","img":"https://fd2-photos.leclercdrive.fr/image.ashx?id=2956101&use=l&cat=p&typeid=i","cat":284533},{"id":33923,"n":"Filets d'Anchois Pêche Océan Marinés Nature - 100g","p":1.99,"u":"19,90 €/KG","img":"https://fd2-photos.leclercdrive.fr/image.ashx?id=2992513&use=l&cat=p&typeid=i","cat":285190},{"id":33925,"n":"Hachés au thon Pêche Océan Albacore à la tomate - 200g","p":2.7,"u":"13,50 €/KG","img":"https://fd2-photos.leclercdrive.fr/image.ashx?id=2953629&use=l&cat=p&typeid=i","cat":284344},{"id":33982,"n":"Soupe de poisson NRT à la Sétoise - 780g","p":3.99,"u":"5,12 €/KG","img":"https://fd2-photos.leclercdrive.fr/image.ashx?id=2834335&use=l&cat=p&typeid=i","cat":285192},{"id":33988,"n":"Bloc WC Syphon Activ' Effect Marine x1","p":1.58,"img":"https://fd2-photos.leclercdrive.fr/image.ashx?id=2302690&use=l&cat=p&typeid=i","cat":284662},{"id":34006,"n":"Boisson aux fruits Capri Sun Tropical - 10x20cl","p":3.85,"u":"1,93 €/L","img":"https://fd2-photos.leclercdrive.fr/image.ashx?id=2506399&use=l&cat=p&typeid=i","cat":295018},{"id":34012,"n":"Coquelet jaune certifié Les Eleveurs de l'Ouest - 550g","p":4.54,"u":"8,25 €/KG","img":"https://fd2-photos.leclercdrive.fr/image.ashx?id=2744064&use=l&cat=p&typeid=i","cat":284336},{"id":34106,"n":"Dosettes café Plantation  Classique - x36 - 250g","p":3.72,"u":"14,88 €/KG","img":"https://fd2-photos.leclercdrive.fr/image.ashx?id=2622109&use=l&cat=p&typeid=i","cat":293238},{"id":34107,"n":"Dosettes café Plantation  Corsé - x36 - 250g","p":3.72,"u":"14,88 €/KG","img":"https://fd2-photos.leclercdrive.fr/image.ashx?id=2622112&use=l&cat=p&typeid=i","cat":293238},{"id":34176,"n":"Bouillon de légumes Jardin Bio' Bio cube sans huile palme x10","p":1.75,"u":"19,44 €/KG","img":"https://fd2-photos.leclercdrive.fr/image.ashx?id=2990844&use=l&cat=p&typeid=i","cat":288379},{"id":34177,"n":"Effilés aux legumes Purina One Poulet / Boeufs - 4x85g","p":2.09,"u":"6,15 €/KG","img":"https://fd2-photos.leclercdrive.fr/image.ashx?id=2467483&use=l&cat=p&typeid=i","cat":285286},{"id":34178,"n":"Sachet repas chats Purina One Viandes et Poissons - 4x85g","p":2.09,"u":"6,15 €/KG","img":"https://fd2-photos.leclercdrive.fr/image.ashx?id=2467486&use=l&cat=p&typeid=i","cat":285286},{"id":34184,"n":"Filets poulet blanc Maître Coq 600g","p":6.79,"u":"11,32 €/KG","img":"https://fd2-photos.leclercdrive.fr/image.ashx?id=2551156&use=l&cat=p&typeid=i","cat":284336},{"id":34186,"n":"Aiguillettes poulet Maitre coq Blanc - 450g","p":6.54,"u":"14,53 €/KG","img":"https://fd2-photos.leclercdrive.fr/image.ashx?id=2551162&use=l&cat=p&typeid=i","cat":284336},{"id":34188,"n":"Poulet Label Rouge Blanc  IGP Volailles du Maine 1,25kg","p":10.95,"u":"8,76 €/KG","img":"https://fd2-photos.leclercdrive.fr/image.ashx?id=2411746&use=l&cat=p&typeid=i","cat":284336},{"id":34189,"n":"Poulet Label Rouge Jaune  IGP Volailles du Maine  1,25kg","p":10.95,"u":"8,76 €/KG","img":"https://fd2-photos.leclercdrive.fr/image.ashx?id=2411749&use=l&cat=p&typeid=i","cat":284336},{"id":34196,"n":"Gratin Fleury Michon Choux-fleur jambon 280g","p":2.55,"u":"9,11 €/KG","img":"https://fd2-photos.leclercdrive.fr/image.ashx?id=3003293&use=l&cat=p&typeid=i","cat":333665},{"id":34198,"n":"Filet poulet blanc Douce France  x2 -300G","p":4.34,"u":"14,47 €/KG","img":"https://fd2-photos.leclercdrive.fr/image.ashx?id=2305323&use=l&cat=p&typeid=i","cat":284336},{"id":34204,"n":"Lait corps bio Bio naïa 250ml","p":3.83,"u":"15,32 €/L","img":"https://fd2-photos.leclercdrive.fr/image.ashx?id=2431131&use=l&cat=p&typeid=i","cat":325349},{"id":34241,"n":"Manchons de poulet Côté Croc Barbecue - 250g","p":2.49,"u":"9,96 €/KG","img":"https://fd2-photos.leclercdrive.fr/image.ashx?id=2560482&use=l&cat=p&typeid=i","cat":333685},{"id":34248,"n":"Chocolats Schoko-bons Kinder 500g","p":8.95,"u":"17,90 €/KG","img":"https://fd2-photos.leclercdrive.fr/image.ashx?id=2323799&use=l&cat=p&typeid=i","cat":327592},{"id":34258,"n":"Bière blonde spéciale 5 Lager Canette - 5%vol. - 50cl","p":0.79,"u":"1,58 €/L","img":"https://fd2-photos.leclercdrive.fr/image.ashx?id=2954097&use=l&cat=p&typeid=i","cat":334853},{"id":34326,"n":"Dosettes café Plantation  Caramel - x10 - 70g","p":1.63,"u":"23,29 €/KG","img":"https://fd2-photos.leclercdrive.fr/image.ashx?id=2824277&use=l&cat=p&typeid=i","cat":293238},{"id":34327,"n":"Dosettes café Plantation Noisette - x10 - 70g","p":1.82,"u":"26,00 €/KG","img":"https://fd2-photos.leclercdrive.fr/image.ashx?id=1979859&use=l&cat=p&typeid=i","cat":293238},{"id":34333,"n":"Boisson à base de vin rosé Very Framboise - 75cl","p":2.95,"u":"3,93 €/L","img":"https://fd2-photos.leclercdrive.fr/image.ashx?id=2446632&use=l&cat=p&typeid=i","cat":304569},{"id":34334,"n":"Boisson à base de vin blanc  Very Pech'- Pêche - 75cl","p":2.95,"u":"3,93 €/L","img":"https://fd2-photos.leclercdrive.fr/image.ashx?id=2443874&use=l&cat=p&typeid=i","cat":304569},{"id":34350,"n":"Shampooing sec Vitanove Cheveux normaux - 150ml","p":1.87,"u":"12,47 €/L","img":"https://fd2-photos.leclercdrive.fr/image.ashx?id=2669720&use=l&cat=p&typeid=i","cat":289143},{"id":34406,"n":"Dosettes café Plantation  Décaféiné - x36 - 250g","p":3.99,"u":"15,96 €/KG","img":"https://fd2-photos.leclercdrive.fr/image.ashx?id=2824274&use=l&cat=p&typeid=i","cat":293238},{"id":34500,"n":"Dosettes café Plantation  Classique - x48 - 336g","p":4.95,"u":"14,73 €/KG","img":"https://fd2-photos.leclercdrive.fr/image.ashx?id=2824271&use=l&cat=p&typeid=i","cat":293238},{"id":34519,"n":"Vin mousseux brut rosé  produit en Allemagne -75cl","p":2.98,"u":"3,97 €/L","img":"https://fd2-photos.leclercdrive.fr/image.ashx?id=2523359&use=l&cat=p&typeid=i","cat":284544},{"id":34572,"n":"IGP Comte Tolosan rouge Terreo 12% vol - 75cl","p":3.83,"u":"5,11 €/L","img":"https://fd2-photos.leclercdrive.fr/image.ashx?id=1575348&use=l&cat=p&typeid=i","cat":289556},{"id":34633,"n":"Vinaigre blanc Saas Melfor Vinaigre d'alcool - 1L","p":0.77,"u":"0,77 €/L","img":"https://fd2-photos.leclercdrive.fr/image.ashx?id=2354812&use=l&cat=p&typeid=i","cat":298543},{"id":34659,"n":"Mini chinois Epi d'Or Nature x6 - 300g","p":1.8,"u":"6,00 €/KG","img":"https://fd2-photos.leclercdrive.fr/image.ashx?id=2860739&use=l&cat=p&typeid=i","cat":296366},{"id":34693,"n":"Briochettes pépites Epi d'Or Chocolat au lait x12 - 500g","p":2.44,"u":"4,88 €/KG","img":"https://fd2-photos.leclercdrive.fr/image.ashx?id=2867913&use=l&cat=p&typeid=i","cat":293505},{"id":34694,"n":"Briochettes pépites Epi d'Or Chocolat - x12 500g","p":2.79,"u":"5,58 €/KG","img":"https://fd2-photos.leclercdrive.fr/image.ashx?id=2867910&use=l&cat=p&typeid=i","cat":293505},{"id":34813,"n":"Thé Britley Citron - x25 - 40g","p":0.88,"u":"22,00 €/KG","img":"https://fd2-photos.leclercdrive.fr/image.ashx?id=2897784&use=l&cat=p&typeid=i","cat":293233},{"id":34841,"n":"Rillettes Tradilège poulet rôti 220g","p":1.79,"u":"8,14 €/KG","img":"https://fd2-photos.leclercdrive.fr/image.ashx?id=2930924&use=l&cat=p&typeid=i","cat":316008},{"id":34845,"n":"IGP Vinaigre balsamique Maille 50cl","p":3.32,"u":"6,64 €/L","img":"https://fd2-photos.leclercdrive.fr/image.ashx?id=2866178&use=l&cat=p&typeid=i","cat":298543},{"id":34908,"n":"Fromage frais Petit Yoplait Nature 3.8%MG - 6x60g","p":1.3,"u":"3,61 €/KG","img":"https://fd2-photos.leclercdrive.fr/image.ashx?id=2811026&use=l&cat=p&typeid=i","cat":284409},{"id":34910,"n":"Fromage Blanc Calin Nature 3.2%MG - 450g","p":1.45,"u":"3,22 €/KG","img":"https://fd2-photos.leclercdrive.fr/image.ashx?id=2973721&use=l&cat=p&typeid=i","cat":284409},{"id":34915,"n":"Fromage frais Petit Yoplait Nature 3.8%MG - 12x60g","p":1.9,"u":"2,64 €/KG","img":"https://fd2-photos.leclercdrive.fr/image.ashx?id=2811029&use=l&cat=p&typeid=i","cat":284409},{"id":34919,"n":"Fromage frais Petit Yoplait Nature 0%MG - 12x60g","p":2.27,"u":"3,15 €/KG","img":"https://fd2-photos.leclercdrive.fr/image.ashx?id=2811023&use=l&cat=p&typeid=i","cat":315000},{"id":34930,"n":"Bière blonde Coreff 4.2%vol. - 6x25cl","p":5.61,"u":"3,74 €/L","img":"https://fd2-photos.leclercdrive.fr/image.ashx?id=1620844&use=l&cat=p&typeid=i","cat":334872},{"id":34943,"n":"Blanc de poulet Fleury Michon rôti à la broche x4 - 120g","p":1.59,"u":"13,25 €/KG","img":"https://fd2-photos.leclercdrive.fr/image.ashx?id=2977288&use=l&cat=p&typeid=i","cat":316010},{"id":34952,"n":"Ratatouille à la Provençale NRT 650g","p":3.3,"u":"5,08 €/KG","img":"https://fd2-photos.leclercdrive.fr/image.ashx?id=2791105&use=l&cat=p&typeid=i","cat":312612},{"id":34973,"n":"Bière Trois Monts Grande réserve 9.5%vol. - 75cl","p":2.8,"u":"3,73 €/L","img":"https://fd2-photos.leclercdrive.fr/image.ashx?id=2548376&use=l&cat=p&typeid=i","cat":334852},{"id":34975,"n":"Bière Cuvée des Trolls Blonde - 7.5%vol. - 75cl","p":4.62,"u":"6,16 €/L","img":"https://fd2-photos.leclercdrive.fr/image.ashx?id=2611083&use=l&cat=p&typeid=i","cat":334872},{"id":34982,"n":"Bûche chèvre Soignon 200g","p":2.24,"u":"11,20 €/KG","img":"https://fd2-photos.leclercdrive.fr/image.ashx?id=2995325&use=l&cat=p&typeid=i","cat":314031},{"id":34999,"n":"Nuggets Croustillant Père Dodu  Poulet x10 - 200g","p":2.44,"u":"12,20 €/KG","img":"https://fd2-photos.leclercdrive.fr/image.ashx?id=2956975&use=l&cat=p&typeid=i","cat":333684},{"id":35006,"n":"Aiguillettes canard Volandrie 210g","p":4.85,"u":"23,10 €/KG","img":"https://fd2-photos.leclercdrive.fr/image.ashx?id=2358351&use=l&cat=p&typeid=i","cat":284339},{"id":35008,"n":"Céréales Special K Kellogg's Nature - 750g","p":4.19,"u":"5,59 €/KG","img":"https://fd2-photos.leclercdrive.fr/image.ashx?id=2586288&use=l&cat=p&typeid=i","cat":309512},{"id":35018,"n":"Bouillon de poule Jardin Bio' Bio cube sans huile palme - x8","p":1.56,"u":"19,50 €/KG","img":"https://fd2-photos.leclercdrive.fr/image.ashx?id=2535004&use=l&cat=p&typeid=i","cat":288379},{"id":35022,"n":"Cordon bleu Le Gaulois Dinde x4 - 400g","p":4.46,"u":"11,15 €/KG","img":"https://fd2-photos.leclercdrive.fr/image.ashx?id=2860226&use=l&cat=p&typeid=i","cat":333683},{"id":35027,"n":"Dessert fruitier bio Jardin Bio Pomme poire 680g","p":2.64,"u":"3,88 €/KG","img":"https://fd2-photos.leclercdrive.fr/image.ashx?id=2939877&use=l&cat=p&typeid=i","cat":284508},{"id":35031,"n":"Batonnets Fritelle Lay's Goût nature - 80g","p":0.73,"u":"9,13 €/KG","img":"https://fd2-photos.leclercdrive.fr/image.ashx?id=2140635&use=l&cat=p&typeid=i","cat":284449},{"id":35034,"n":"Eau minérale gazeuse Perrier  Canettes - 6x33cl","p":2.72,"u":"1,37 €/L","img":"https://fd2-photos.leclercdrive.fr/image.ashx?id=2672554&use=l&cat=p&typeid=i","cat":284536},{"id":35039,"n":"Dosettes café Plantation Corsé - x48 - 336g","p":4.95,"u":"14,73 €/KG","img":"https://fd2-photos.leclercdrive.fr/image.ashx?id=2622115&use=l&cat=p&typeid=i","cat":293238},{"id":35078,"n":"Viande bovine 1x côte à l'os*** à griller - 900g","p":19.75,"u":"21,94 €/KG","img":"https://fd2-photos.leclercdrive.fr/image.ashx?id=2369768&use=l&cat=p&typeid=i","cat":284328},{"id":35089,"n":"Chips extra craquantes Vico Nature - 270g","p":2.22,"u":"8,22 €/KG","img":"https://fd2-photos.leclercdrive.fr/image.ashx?id=2917807&use=l&cat=p&typeid=i","cat":284447},{"id":35108,"n":"Bière blonde Affligem 6,7%vol. - 12x25cl","p":9.4,"u":"3,13 €/L","img":"https://fd2-photos.leclercdrive.fr/image.ashx?id=2639405&use=l&cat=p&typeid=i","cat":334852},{"id":35117,"n":"Riste d'aubergines provençale NRT - 650g","p":3.99,"u":"6,14 €/KG","img":"https://fd2-photos.leclercdrive.fr/image.ashx?id=2771387&use=l&cat=p&typeid=i","cat":284441},{"id":35138,"n":"Yaourt SMARTIES Vanille bonbons chocolat 4x120g","p":2.15,"u":"4,48 €/KG","img":"https://fd2-photos.leclercdrive.fr/image.ashx?id=2571038&use=l&cat=p&typeid=i","cat":284414},{"id":35146,"n":"Fromages râpé spécial Pizza  Les Croisés - 125g","p":1.62,"u":"12,96 €/KG","img":"https://fd2-photos.leclercdrive.fr/image.ashx?id=2946175&use=l&cat=p&typeid=i","cat":314035},{"id":35147,"n":"Fromage Cheddar Burger Les Croisés 20 Tranches - 340g","p":1.99,"u":"5,85 €/KG","img":"https://fd2-photos.leclercdrive.fr/image.ashx?id=2946844&use=l&cat=p&typeid=i","cat":314028},{"id":35148,"n":"Fromage Emmental Croque Les Croisés 20 Tranches - 340g","p":2.01,"u":"5,91 €/KG","img":"https://fd2-photos.leclercdrive.fr/image.ashx?id=2946847&use=l&cat=p&typeid=i","cat":314028},{"id":35155,"n":"Tablette de chocolat noir Lindt Fleur de sel - 100g","p":2.24,"u":"22,40 €/KG","img":"https://fd2-photos.leclercdrive.fr/image.ashx?id=2681595&use=l&cat=p&typeid=i","cat":284956},{"id":35159,"n":"Croco Haribo Sachet bonbons - 280g","p":1.27,"u":"4,54 €/KG","img":"https://fd2-photos.leclercdrive.fr/image.ashx?id=2446467&use=l&cat=p&typeid=i","cat":304250},{"id":35160,"n":"Croissants Pasquier x16 - 640g","p":3.74,"u":"5,84 €/KG","img":"https://fd2-photos.leclercdrive.fr/image.ashx?id=2853056&use=l&cat=p&typeid=i","cat":296366},{"id":35182,"n":"Boisson énergisante Monster Original - 50cl","p":1.31,"u":"2,62 €/L","img":"https://fd2-photos.leclercdrive.fr/image.ashx?id=2510163&use=l&cat=p&typeid=i","cat":284533},{"id":35183,"n":"Boisson énergisante Monster Original Canette - 4x50cl","p":5.4,"u":"2,70 €/L","img":"https://fd2-photos.leclercdrive.fr/image.ashx?id=2210242&use=l&cat=p&typeid=i","cat":284533},{"id":35185,"n":"Eau aromatisée Volvic Juicy Citronnade - 1,5L","p":1.39,"u":"0,93 €/L","img":"https://fd2-photos.leclercdrive.fr/image.ashx?id=3011008&use=l&cat=p&typeid=i","cat":284537},{"id":35300,"n":"Jambon supérieur Tradilège À l'étouffée 6 tranches - 240g","p":2.92,"u":"12,17 €/KG","img":"https://fd2-photos.leclercdrive.fr/image.ashx?id=2155339&use=l&cat=p&typeid=i","cat":316009},{"id":35308,"n":"Beurre Tendre Elle&Vire Demi-Sel - 80% MG - 250g","p":2.76,"u":"11,04 €/KG","img":"https://fd2-photos.leclercdrive.fr/image.ashx?id=2604773&use=l&cat=p&typeid=i","cat":284379},{"id":35309,"n":"Beurre Tendre Elle&Vire Doux - 82% MG - 250g","p":2.76,"u":"11,04 €/KG","img":"https://fd2-photos.leclercdrive.fr/image.ashx?id=2765629&use=l&cat=p&typeid=i","cat":284379},{"id":35354,"n":"Lingettes Cadum Bébé  Natural Caresse 2x60","p":4.68,"u":"0,04 €/P","img":"https://fd2-photos.leclercdrive.fr/image.ashx?id=2484422&use=l&cat=p&typeid=i","cat":284738},{"id":35387,"n":"Déodorant spray Narta Bactipur - 200ml","p":2.63,"u":"13,15 €/L","img":"https://fd2-photos.leclercdrive.fr/image.ashx?id=2578235&use=l&cat=p&typeid=i","cat":284595},{"id":35389,"n":"Déodorant Rexona spray antibactérien - Musc - 100ml","p":2.35,"u":"23,50 €/L","img":"https://fd2-photos.leclercdrive.fr/image.ashx?id=2515801&use=l&cat=p&typeid=i","cat":284595},{"id":35425,"n":"Déodorant spray Monsavon Fleur de cerisier - 100ml","p":2.01,"u":"20,10 €/L","img":"https://fd2-photos.leclercdrive.fr/image.ashx?id=2904628&use=l&cat=p&typeid=i","cat":284595},{"id":35433,"n":"Tampons Doulys Compact Super plus - x20","p":2.6,"u":"0,13 €/P","img":"https://fd2-photos.leclercdrive.fr/image.ashx?id=2965509&use=l&cat=p&typeid=i","cat":284626},{"id":35436,"n":"Lessive en poudre Persil 45 doses - 3,15kg","p":10.82,"u":"3,43 €/KG","img":"https://fd2-photos.leclercdrive.fr/image.ashx?id=2662550&use=l&cat=p&typeid=i","cat":284642},{"id":35530,"n":"Mouchoirs en papier Lotus Boîte x1 - 80 mouchoirs","p":1.4,"u":"0,02 €/P","img":"https://fd2-photos.leclercdrive.fr/image.ashx?id=2867368&use=l&cat=p&typeid=i","cat":284638},{"id":35647,"n":"Bière blonde Falsbourg Canette - 4.2%vol. - 6x33cl","p":2.69,"u":"1,36 €/L","img":"https://fd2-photos.leclercdrive.fr/image.ashx?id=2637913&use=l&cat=p&typeid=i","cat":334853},{"id":35716,"n":"Gourdes Goûters lactés Délisse Vanille - 4x85g","p":1.81,"u":"5,32 €/KG","img":"https://fd2-photos.leclercdrive.fr/image.ashx?id=2681427&use=l&cat=p&typeid=i","cat":284506},{"id":35723,"n":"Liqueur Curaçao bleu Giffard 25%vol. - 50cl","p":8.91,"u":"17,82 €/L","img":"https://fd2-photos.leclercdrive.fr/image.ashx?id=1650446&use=l&cat=p&typeid=i","cat":286032},{"id":35727,"n":"Spécialité au soja nature Nat & Vie - 6x100g","p":1.62,"u":"4,05 €/P","img":"https://fd2-photos.leclercdrive.fr/image.ashx?id=2901452&use=l&cat=p&typeid=i","cat":316071},{"id":35729,"n":"Tiramisu Délisse Au café - 4x80g","p":2.49,"u":"7,78 €/KG","img":"https://fd2-photos.leclercdrive.fr/image.ashx?id=2711604&use=l&cat=p&typeid=i","cat":284419},{"id":35730,"n":"Crème dessert Délisse Vanille Billes 3 chocolats 4x117g","p":2.15,"u":"4,59 €/KG","img":"https://fd2-photos.leclercdrive.fr/image.ashx?id=2965503&use=l&cat=p&typeid=i","cat":285041},{"id":35731,"n":"Crème dessert Chocolat Délisse Mix'n croc color 4x120g","p":2.09,"u":"4,35 €/KG","img":"https://fd2-photos.leclercdrive.fr/image.ashx?id=2965506&use=l&cat=p&typeid=i","cat":285041},{"id":35761,"n":"Céréales Frosties Kellogg's 620g","p":3.49,"u":"5,63 €/KG","img":"https://fd2-photos.leclercdrive.fr/image.ashx?id=2589768&use=l&cat=p&typeid=i","cat":309513},{"id":35785,"n":"Bière belge Rince Cochon Fruits rouges - 7.5%vol. - 50cl","p":2.13,"u":"4,26 €/L","img":"https://fd2-photos.leclercdrive.fr/image.ashx?id=1741472&use=l&cat=p&typeid=i","cat":334853},{"id":35788,"n":"Café Soluble Nescafé 200g","p":5.61,"u":"28,05 €/KG","img":"https://fd2-photos.leclercdrive.fr/image.ashx?id=2810627&use=l&cat=p&typeid=i","cat":284843},{"id":35790,"n":"Nettoyant ménager Uni Vert Multi-surfaces 1L","p":1.53,"u":"1,53 €/L","img":"https://fd2-photos.leclercdrive.fr/image.ashx?id=2520837&use=l&cat=p&typeid=i","cat":284907},{"id":35815,"n":"Matière grasse St Hubert  Omega 3 - 52% MG - 255g","p":2.07,"u":"8,12 €/KG","img":"https://fd2-photos.leclercdrive.fr/image.ashx?id=2734093&use=l&cat=p&typeid=i","cat":315229},{"id":35816,"n":"Matière grasse St Hubert Omega3 52% MG - demi-sel - 255g","p":2.06,"u":"8,08 €/KG","img":"https://fd2-photos.leclercdrive.fr/image.ashx?id=2734096&use=l&cat=p&typeid=i","cat":315229},{"id":35817,"n":"Mélange de matières grasses Le Fleurier - 53%mg - 510g","p":4.0,"u":"7,84 €/KG","img":"https://fd2-photos.leclercdrive.fr/image.ashx?id=2978023&use=l&cat=p&typeid=i","cat":315229},{"id":35820,"n":"Liquide pour cuisson Rustica végétal - 500ml","p":2.09,"u":"4,18 €/L","img":"https://fd2-photos.leclercdrive.fr/image.ashx?id=2903950&use=l&cat=p&typeid=i","cat":315229},{"id":35822,"n":"Roquefort AOP Bio Bio village - 100g","p":2.89,"u":"28,90 €/KG","img":"https://fd2-photos.leclercdrive.fr/image.ashx?id=2646023&use=l&cat=p&typeid=i","cat":314032},{"id":35823,"n":"Roquefort AOP en portions Les Croisés - 25gx4 -100g","p":2.31,"u":"23,10 €/KG","img":"https://fd2-photos.leclercdrive.fr/image.ashx?id=2645945&use=l&cat=p&typeid=i","cat":314032},{"id":35825,"n":"Fromage Pavé d'Affinois Original - 200g","p":2.41,"u":"12,05 €/KG","img":"https://fd2-photos.leclercdrive.fr/image.ashx?id=3002078&use=l&cat=p&typeid=i","cat":314033},{"id":35830,"n":"Yaourt La Laitière   Fruits panachés - 8x125g","p":3.68,"u":"3,68 €/KG","img":"https://fd2-photos.leclercdrive.fr/image.ashx?id=2744590&use=l&cat=p&typeid=i","cat":286006},{"id":35833,"n":"Yaourt La Laitière Citron - 4x125g","p":1.95,"u":"3,90 €/KG","img":"https://fd2-photos.leclercdrive.fr/image.ashx?id=2904065&use=l&cat=p&typeid=i","cat":286006},{"id":35837,"n":"Fromage blanc Bio Vrai Nature - 3.6%mg - 500g","p":1.76,"u":"3,52 €/KG","img":"https://fd2-photos.leclercdrive.fr/image.ashx?id=2516278&use=l&cat=p&typeid=i","cat":284409},{"id":35838,"n":"Yaourts nature Vrai Bio - 4x125g","p":1.26,"u":"2,52 €/KG","img":"https://fd2-photos.leclercdrive.fr/image.ashx?id=2360707&use=l&cat=p&typeid=i","cat":284409},{"id":35846,"n":"Yaourt à boire Délisse Vanille - 850g","p":1.49,"u":"1,75 €/KG","img":"https://fd2-photos.leclercdrive.fr/image.ashx?id=2775890&use=l&cat=p&typeid=i","cat":284415},{"id":35847,"n":"Yaourt à boire Délisse Framboise - 850g","p":1.35,"u":"1,59 €/KG","img":"https://fd2-photos.leclercdrive.fr/image.ashx?id=2777797&use=l&cat=p&typeid=i","cat":284415},{"id":35850,"n":"Jambon fumé Tradilège Avec couenne -4 tranches - 160g","p":2.49,"u":"15,56 €/KG","img":"https://fd2-photos.leclercdrive.fr/image.ashx?id=2448327&use=l&cat=p&typeid=i","cat":316009},{"id":35906,"n":"Gourdes Goûters lactés Délisse Chocolat - 4x85g","p":1.75,"u":"5,15 €/KG","img":"https://fd2-photos.leclercdrive.fr/image.ashx?id=2681424&use=l&cat=p&typeid=i","cat":284506},{"id":35907,"n":"Cassoulet mitonné   William Saurin - 840g","p":2.95,"u":"3,51 €/KG","img":"https://fd2-photos.leclercdrive.fr/image.ashx?id=2890148&use=l&cat=p&typeid=i","cat":284440},{"id":35908,"n":"Cassoulet mitonné   William Saurin - 420g","p":1.88,"u":"4,48 €/KG","img":"https://fd2-photos.leclercdrive.fr/image.ashx?id=2890151&use=l&cat=p&typeid=i","cat":284441},{"id":35918,"n":"Jus de pomme Jafaden A base de concentré - 6x20cl","p":1.32,"u":"1,10 €/L","img":"https://fd2-photos.leclercdrive.fr/image.ashx?id=2949185&use=l&cat=p&typeid=i","cat":284524},{"id":35919,"n":"Jus de raisin Jafaden Briquettes - 6x20cl","p":2.46,"u":"2,05 €/L","img":"https://fd2-photos.leclercdrive.fr/image.ashx?id=2989935&use=l&cat=p&typeid=i","cat":284915},{"id":35921,"n":"Pur jus de pomme Jafaden 1,5L","p":1.48,"u":"0,99 €/L","img":"https://fd2-photos.leclercdrive.fr/image.ashx?id=1936641&use=l&cat=p&typeid=i","cat":284522},{"id":35922,"n":"Bière blonde Forte Extra Strong Canette - 10%vol - 50cl","p":1.19,"u":"2,38 €/L","img":"https://fd2-photos.leclercdrive.fr/image.ashx?id=2928004&use=l&cat=p&typeid=i","cat":334853},{"id":35924,"n":"Cocktail Punch planteur Lagoa 15%vol - 70cl","p":4.29,"u":"6,13 €/L","img":"https://fd2-photos.leclercdrive.fr/image.ashx?id=2958338&use=l&cat=p&typeid=i","cat":284551},{"id":35927,"n":"Cocktail Mojito Lagoa 15%vol - 70cl","p":4.99,"u":"7,13 €/L","img":"https://fd2-photos.leclercdrive.fr/image.ashx?id=2958344&use=l&cat=p&typeid=i","cat":284551},{"id":35955,"n":"Magret de canard Périgord Nos Régions ont du Talent 410g","p":8.99,"u":"21,93 €/KG","img":"https://fd2-photos.leclercdrive.fr/image.ashx?id=2867925&use=l&cat=p&typeid=i","cat":284339},{"id":35971,"n":"Papier toilette Lotus Confort Blanc - x24","p":7.85,"u":"0,33 €/P","img":"https://fd2-photos.leclercdrive.fr/image.ashx?id=3002042&use=l&cat=p&typeid=i","cat":284634},{"id":35979,"n":"Gaufrettes amusantes Nord NRT 175g","p":2.45,"u":"14,00 €/KG","img":"https://fd2-photos.leclercdrive.fr/image.ashx?id=2622335&use=l&cat=p&typeid=i","cat":284487},{"id":35992,"n":"Rhum blanc Damoiseau 55%vol - 70cl","p":15.5,"u":"22,14 €/L","img":"https://fd2-photos.leclercdrive.fr/image.ashx?id=1650662&use=l&cat=p&typeid=i","cat":284550},{"id":36009,"n":"Bâtonnets Trium Vanille Amandes x4 - 314g","p":2.05,"u":"6,53 €/KG","img":"https://fd2-photos.leclercdrive.fr/image.ashx?id=2931775&use=l&cat=p&typeid=i","cat":284265},{"id":36010,"n":"Bâtonnets Trium Vanille chocolat blanc x4 -308g","p":2.59,"u":"8,41 €/KG","img":"https://fd2-photos.leclercdrive.fr/image.ashx?id=2920776&use=l&cat=p&typeid=i","cat":284265},{"id":36039,"n":"Crème légère fluide UHT Délisse 12%mg - 3x20cl","p":1.84,"u":"3,07 €/L","img":"https://fd2-photos.leclercdrive.fr/image.ashx?id=2909392&use=l&cat=p&typeid=i","cat":284381},{"id":36040,"n":"Spécialité laitière UHT Délisse Semi-épaisse 4%mg - 3x20cl","p":2.21,"u":"3,68 €/L","img":"https://fd2-photos.leclercdrive.fr/image.ashx?id=3002599&use=l&cat=p&typeid=i","cat":284381},{"id":36041,"n":"Crème semi-épaisse entière UHT Délisse 30%mg - 3x20cl","p":3.5,"u":"5,83 €/L","img":"https://fd2-photos.leclercdrive.fr/image.ashx?id=2494099&use=l&cat=p&typeid=i","cat":284381},{"id":36077,"n":"Lait de toilette bébé Eco+ 300ml","p":1.07,"u":"3,57 €/L","img":"https://fd2-photos.leclercdrive.fr/image.ashx?id=2690862&use=l&cat=p&typeid=i","cat":284741},{"id":36115,"n":"Carré fondant Rians Au chocolat - 2x110g","p":1.97,"u":"8,95 €/KG","img":"https://fd2-photos.leclercdrive.fr/image.ashx?id=2495701&use=l&cat=p&typeid=i","cat":284419},{"id":36124,"n":"Haricots blancs Notre Jardin - 500g","p":1.03,"u":"2,06 €/KG","img":"https://fd2-photos.leclercdrive.fr/image.ashx?id=2988072&use=l&cat=p&typeid=i","cat":312606},{"id":36125,"n":"Haricots blancs Notre Jardin 250g","p":0.85,"u":"3,40 €/KG","img":"https://fd2-photos.leclercdrive.fr/image.ashx?id=3002602&use=l&cat=p&typeid=i","cat":312606},{"id":36193,"n":"Dés de jambon Tradilège -25% de sel - 2x75g","p":1.5,"u":"10,00 €/KG","img":"https://fd2-photos.leclercdrive.fr/image.ashx?id=2925750&use=l&cat=p&typeid=i","cat":316011},{"id":36197,"n":"Truite fumée Landvika Mini tranches - 100g","p":2.71,"u":"27,10 €/KG","img":"https://fd2-photos.leclercdrive.fr/image.ashx?id=2159415&use=l&cat=p&typeid=i","cat":285188},{"id":36200,"n":"Coton Démaquillant Eco+ Prédécoupé - 200g","p":1.57,"u":"7,85 €/KG","img":"https://fd2-photos.leclercdrive.fr/image.ashx?id=2293441&use=l&cat=p&typeid=i","cat":285593},{"id":36201,"n":"Crème hydratante Eco+ Visage et corps - 250ml","p":1.54,"u":"6,16 €/L","img":"https://fd2-photos.leclercdrive.fr/image.ashx?id=2487410&use=l&cat=p&typeid=i","cat":325350},{"id":36267,"n":"Noix St Jacques NRT de Normandie - 300g","p":16.95,"u":"56,50 €/KG","img":"https://fd2-photos.leclercdrive.fr/image.ashx?id=2699819&use=l&cat=p&typeid=i","cat":319787},{"id":36268,"n":"Soufflés ExtraTerrestres Tokapi Jambon fromage - 80g","p":0.8,"u":"10,00 €/KG","img":"https://fd2-photos.leclercdrive.fr/image.ashx?id=2922929&use=l&cat=p&typeid=i","cat":284449},{"id":36269,"n":"Soufflés ExtraTerrestres Tokapi Ketchup - 80g","p":0.8,"u":"10,00 €/KG","img":"https://fd2-photos.leclercdrive.fr/image.ashx?id=1915578&use=l&cat=p&typeid=i","cat":284449},{"id":36270,"n":"Soufflés ExtraTerrestres Tokapi Salé - 80g","p":0.8,"u":"10,00 €/KG","img":"https://fd2-photos.leclercdrive.fr/image.ashx?id=1932960&use=l&cat=p&typeid=i","cat":284449},{"id":36309,"n":"Shampooing Nateïs Cranberry Huile de jojoba 250ml","p":1.4,"u":"5,60 €/L","img":"https://fd2-photos.leclercdrive.fr/image.ashx?id=2358700&use=l&cat=p&typeid=i","cat":284606},{"id":36310,"n":"Shampooing Nateïs Argile Pamplemousse - 250ml","p":1.39,"u":"5,56 €/L","img":"https://fd2-photos.leclercdrive.fr/image.ashx?id=2358697&use=l&cat=p&typeid=i","cat":284606},{"id":36311,"n":"Shampooing Nateïs Huile d'argan - 250ml","p":1.29,"u":"5,16 €/L","img":"https://fd2-photos.leclercdrive.fr/image.ashx?id=2652906&use=l&cat=p&typeid=i","cat":284606},{"id":36312,"n":"Shampooing Nateïs Henné / Cassis - 250ml","p":1.57,"u":"6,28 €/L","img":"https://fd2-photos.leclercdrive.fr/image.ashx?id=2652903&use=l&cat=p&typeid=i","cat":284606},{"id":36313,"n":"Shampooing extra-doux Nateïs Karité / Huile d'avocat - 250ml","p":1.39,"u":"5,56 €/L","img":"https://fd2-photos.leclercdrive.fr/image.ashx?id=2345559&use=l&cat=p&typeid=i","cat":284606},{"id":36347,"n":"Rondelé aux Noix 125g","p":1.63,"u":"13,04 €/KG","img":"https://fd2-photos.leclercdrive.fr/image.ashx?id=2967732&use=l&cat=p&typeid=i","cat":314029},{"id":36348,"n":"Papier aluminium Alfapac Gaufré - Rouleau 20m","p":3.17,"img":"https://fd2-photos.leclercdrive.fr/image.ashx?id=2870446&use=l&cat=p&typeid=i","cat":334134},{"id":36356,"n":"Compote Douceur du Verger Pomme Framboise - 4x100g","p":1.46,"u":"3,65 €/KG","img":"https://fd2-photos.leclercdrive.fr/image.ashx?id=1910634&use=l&cat=p&typeid=i","cat":284416},{"id":36388,"n":"Bière ambrée corse Pietra 6° - 6x25cl","p":7.93,"pp":5.55,"u":"3,70 €/L","img":"https://fd2-photos.leclercdrive.fr/image.ashx?id=3011464&use=l&cat=p&typeid=i","cat":334872},{"id":36394,"n":"Yaourt aromatisé aux Fruits Panachés Frulos - 16x125g","p":3.21,"u":"1,61 €/KG","img":"https://fd2-photos.leclercdrive.fr/image.ashx?id=2799895&use=l&cat=p&typeid=i","cat":286006},{"id":36395,"n":"Yaourt Nature Sucré Yoplait - 12x125g","p":2.69,"u":"1,79 €/KG","img":"https://fd2-photos.leclercdrive.fr/image.ashx?id=2796827&use=l&cat=p&typeid=i","cat":284409},{"id":36396,"n":"Gâteau fourré Mini BN Chocolat 175g","p":1.8,"u":"10,29 €/KG","img":"https://fd2-photos.leclercdrive.fr/image.ashx?id=2746854&use=l&cat=p&typeid=i","cat":284488},{"id":36397,"n":"Biscuits Mini BN Goûter à la fraise - 175g","p":1.85,"u":"10,57 €/KG","img":"https://fd2-photos.leclercdrive.fr/image.ashx?id=2748212&use=l&cat=p&typeid=i","cat":284489},{"id":36399,"n":"Pizza La Pizz Sodebo Chèvre lardons - 470g","p":3.4,"u":"7,23 €/KG","img":"https://fd2-photos.leclercdrive.fr/image.ashx?id=2851494&use=l&cat=p&typeid=i","cat":333679},{"id":36400,"n":"Pizza La Pizz Sodebo 4 fromages - 470g","p":3.3,"u":"7,02 €/KG","img":"https://fd2-photos.leclercdrive.fr/image.ashx?id=2905366&use=l&cat=p&typeid=i","cat":333679},{"id":36401,"n":"Pizza Dolce Sodebo 4 fromaggi - 380g","p":3.65,"u":"9,61 €/KG","img":"https://fd2-photos.leclercdrive.fr/image.ashx?id=2921636&use=l&cat=p&typeid=i","cat":333679},{"id":36402,"n":"Pizza Dolce Sodebo Prosciutto Jambon Mozza - 400g","p":3.52,"u":"8,80 €/KG","img":"https://fd2-photos.leclercdrive.fr/image.ashx?id=2919277&use=l&cat=p&typeid=i","cat":333679},{"id":36403,"n":"Pizza Dolce Sodebo Campanella Jambon Speck - 380g","p":3.59,"u":"9,45 €/KG","img":"https://fd2-photos.leclercdrive.fr/image.ashx?id=2921639&use=l&cat=p&typeid=i","cat":333679},{"id":36404,"n":"Pizza Dolce Sodebo Regina Jambon Champignons 400g","p":3.31,"u":"8,28 €/KG","img":"https://fd2-photos.leclercdrive.fr/image.ashx?id=3008251&use=l&cat=p&typeid=i","cat":333679},{"id":36412,"n":"Compote Douceur du Verger Coupelle pomme - 16x100g","p":3.09,"u":"1,93 €/KG","img":"https://fd2-photos.leclercdrive.fr/image.ashx?id=2663515&use=l&cat=p&typeid=i","cat":284508},{"id":36414,"n":"Compote Douceur du Verger Coupelle pomme - 8x100g","p":1.89,"u":"2,36 €/KG","img":"https://fd2-photos.leclercdrive.fr/image.ashx?id=2663509&use=l&cat=p&typeid=i","cat":284508},{"id":36416,"n":"Compote Douceur du Verger Coupelle pomme rhubarbe -4x100g","p":1.3,"u":"3,25 €/KG","img":"https://fd2-photos.leclercdrive.fr/image.ashx?id=2663521&use=l&cat=p&typeid=i","cat":284508},{"id":36417,"n":"Compote Douceur du Verger Gourdes multivariétés - 4x90g","p":1.69,"u":"4,69 €/KG","img":"https://fd2-photos.leclercdrive.fr/image.ashx?id=2805030&use=l&cat=p&typeid=i","cat":284508},{"id":36418,"n":"Compote Douceur du Verger Gourdes Pomme Poire - 4x90g","p":1.49,"u":"4,14 €/KG","img":"https://fd2-photos.leclercdrive.fr/image.ashx?id=2837054&use=l&cat=p&typeid=i","cat":284508},{"id":36419,"n":"Compote Douceur du Verger Coupelle pomme - 4x100g","p":0.99,"u":"2,48 €/KG","img":"https://fd2-photos.leclercdrive.fr/image.ashx?id=2663527&use=l&cat=p&typeid=i","cat":284508},{"id":36421,"n":"Fromage Petit Livarot NRT AOP  250g","p":4.99,"u":"19,96 €/KG","img":"https://fd2-photos.leclercdrive.fr/image.ashx?id=2070440&use=l&cat=p&typeid=i","cat":329558},{"id":36424,"n":"Brownie P'tit Deli Chocolat noisette 285g","p":1.85,"u":"6,49 €/KG","img":"https://fd2-photos.leclercdrive.fr/image.ashx?id=2892055&use=l&cat=p&typeid=i","cat":294776},{"id":36437,"n":"Friandises pour chien Lydog Assortiment sticks - x15 126g","p":1.33,"u":"10,56 €/KG","img":"https://fd2-photos.leclercdrive.fr/image.ashx?id=1947271&use=l&cat=p&typeid=i","cat":294527},{"id":36438,"n":"Sticks dentaires Lydog Petit chien - x7 110g","p":0.99,"u":"9,00 €/KG","img":"https://fd2-photos.leclercdrive.fr/image.ashx?id=1878604&use=l&cat=p&typeid=i","cat":294527},{"id":36441,"n":"Aiguillettes poulet Tradilège Rôti - 2x75g","p":2.02,"u":"13,47 €/KG","img":"https://fd2-photos.leclercdrive.fr/image.ashx?id=2994375&use=l&cat=p&typeid=i","cat":316011},{"id":36445,"n":"Râpé de jambon Tradilège Fumé - 150g","p":1.79,"u":"11,93 €/KG","img":"https://fd2-photos.leclercdrive.fr/image.ashx?id=2970468&use=l&cat=p&typeid=i","cat":316011},{"id":36454,"n":"Pastilles NRT  Du Bassin de Vichy - 230g","p":0.98,"u":"4,26 €/KG","img":"https://fd2-photos.leclercdrive.fr/image.ashx?id=1646510&use=l&cat=p&typeid=i","cat":304252},{"id":36475,"n":"Thé glacé Fresh Tea Pêche - 6x25cl","p":2.85,"u":"1,90 €/L","img":"https://fd2-photos.leclercdrive.fr/image.ashx?id=2622263&use=l&cat=p&typeid=i","cat":295019},{"id":36498,"n":"IGP vin rouge Merlot Bio Pays d'Oc 13.5% vol - 75cl","p":3.49,"u":"4,65 €/L","img":"https://fd2-photos.leclercdrive.fr/image.ashx?id=2756900&use=l&cat=p&typeid=i","cat":289556},{"id":36504,"n":"Pizza La Pizz Sodebo Jambon emmental - 470g","p":2.87,"u":"6,11 €/KG","img":"https://fd2-photos.leclercdrive.fr/image.ashx?id=2886786&use=l&cat=p&typeid=i","cat":333679},{"id":36569,"n":"Farine de blé Bigoudenne Moulin de l'Ecluse - 1kg","p":1.83,"u":"1,83 €/KG","img":"https://fd2-photos.leclercdrive.fr/image.ashx?id=2184209&use=l&cat=p&typeid=i","cat":284503},{"id":36580,"n":"Limonade Breizh Limo Bouteille - 1,5L","p":1.79,"u":"1,19 €/L","img":"https://fd2-photos.leclercdrive.fr/image.ashx?id=2907605&use=l&cat=p&typeid=i","cat":284531},{"id":36584,"n":"Bière blanche Britt Malt froment 4,8%vol. - 6x25cl","p":4.89,"u":"3,26 €/L","img":"https://fd2-photos.leclercdrive.fr/image.ashx?id=2193572&use=l&cat=p&typeid=i","cat":334878},{"id":36633,"n":"Glace Cône Nestlé Extrême Crème brulée x6 - 426g","p":3.65,"u":"8,57 €/KG","img":"https://fd2-photos.leclercdrive.fr/image.ashx?id=2831672&use=l&cat=p&typeid=i","cat":284264},{"id":36650,"n":"Barres céréales Bio Village Bio Fraise x6 125g","p":1.79,"u":"14,32 €/KG","img":"https://fd2-photos.leclercdrive.fr/image.ashx?id=2807306&use=l&cat=p&typeid=i","cat":285869},{"id":36651,"n":"Barres céréales Bio Village Bio Chocolat noir x6 125g","p":1.95,"u":"15,60 €/KG","img":"https://fd2-photos.leclercdrive.fr/image.ashx?id=2807309&use=l&cat=p&typeid=i","cat":285869},{"id":36656,"n":"Soupe liquide Liebig  Velouté 10 légumes - Brique 1L","p":1.62,"u":"1,62 €/L","img":"https://fd2-photos.leclercdrive.fr/image.ashx?id=2892133&use=l&cat=p&typeid=i","cat":284462},{"id":36658,"n":"Soupe liquide Liebig  Mouliné 10 légumes - Brique 1L","p":1.66,"u":"1,66 €/L","img":"https://fd2-photos.leclercdrive.fr/image.ashx?id=2651396&use=l&cat=p&typeid=i","cat":284462},{"id":36662,"n":"Miel de fleurs crémeux Apiculteurs Associés - 1kg","p":7.15,"u":"7,15 €/KG","img":"https://fd2-photos.leclercdrive.fr/image.ashx?id=2315338&use=l&cat=p&typeid=i","cat":287643},{"id":36704,"n":"Sucre en morceaux Daddy Demi-morceaux rond - 750g","p":1.73,"u":"2,31 €/KG","img":"https://fd2-photos.leclercdrive.fr/image.ashx?id=2907947&use=l&cat=p&typeid=i","cat":284502},{"id":36705,"n":"Sucre bûchettes Daddy Distributeur x100 500g","p":2.64,"u":"5,28 €/KG","img":"https://fd2-photos.leclercdrive.fr/image.ashx?id=1948730&use=l&cat=p&typeid=i","cat":284502},{"id":36710,"n":"Sucre canne Béghin Say Pure - en morceaux - 750g","p":2.35,"u":"3,13 €/KG","img":"https://fd2-photos.leclercdrive.fr/image.ashx?id=2948830&use=l&cat=p&typeid=i","cat":284502},{"id":36711,"n":"Sucre cassonade Béghin Say En poudre - 750g","p":2.29,"u":"3,05 €/KG","img":"https://fd2-photos.leclercdrive.fr/image.ashx?id=2949928&use=l&cat=p&typeid=i","cat":284502},{"id":36714,"n":"Sucre en poudre Saint Louis 1kg","p":1.38,"u":"1,38 €/KG","img":"https://fd2-photos.leclercdrive.fr/image.ashx?id=2624242&use=l&cat=p&typeid=i","cat":284502},{"id":36720,"n":"Haricots blancs à la tomate 400 g","p":0.75,"u":"1,88 €/KG","img":"https://fd2-photos.leclercdrive.fr/image.ashx?id=2988078&use=l&cat=p&typeid=i","cat":312606},{"id":36756,"n":"Haricots Blancs à la tomate 800g","p":1.08,"u":"1,35 €/KG","img":"https://fd2-photos.leclercdrive.fr/image.ashx?id=2988075&use=l&cat=p&typeid=i","cat":312606},{"id":36835,"n":"Crochets anti-mites Insectivor Lavande 2x3ml","p":1.69,"u":"0,85 €/P","img":"https://fd2-photos.leclercdrive.fr/image.ashx?id=1899690&use=l&cat=p&typeid=i","cat":298368},{"id":36836,"n":"Gel douche Carré Homme Tonifiant 250ml","p":1.22,"u":"4,88 €/L","img":"https://fd2-photos.leclercdrive.fr/image.ashx?id=1541956&use=l&cat=p&typeid=i","cat":284619},{"id":36837,"n":"Gel douche Carré Homme Séduction 250ml","p":1.2,"u":"4,80 €/L","img":"https://fd2-photos.leclercdrive.fr/image.ashx?id=2946178&use=l&cat=p&typeid=i","cat":284619},{"id":36849,"n":"Recharges plumeaux Clair Jetables x10","p":4.46,"u":"0,45 €/P","img":"https://fd2-photos.leclercdrive.fr/image.ashx?id=2832948&use=l&cat=p&typeid=i","cat":325364},{"id":36886,"n":"Miel de montagne L'Apiculteur Crémeux - 500g","p":5.92,"u":"11,84 €/KG","img":"https://fd2-photos.leclercdrive.fr/image.ashx?id=2310926&use=l&cat=p&typeid=i","cat":287643},{"id":36920,"n":"Protège-slips Doulys Ultra-mince - Large - x30","p":0.82,"u":"0,03 €/P","img":"https://fd2-photos.leclercdrive.fr/image.ashx?id=2847967&use=l&cat=p&typeid=i","cat":284625},{"id":37030,"n":"Farine suprême Francine 1kg","p":1.69,"u":"1,69 €/KG","img":"https://fd2-photos.leclercdrive.fr/image.ashx?id=2902654&use=l&cat=p&typeid=i","cat":284503},{"id":37032,"n":"Huile Fruit d'Or De Tournesol et Colza - 2L","p":7.84,"u":"3,92 €/L","img":"https://fd2-photos.leclercdrive.fr/image.ashx?id=2450874&use=l&cat=p&typeid=i","cat":284453},{"id":37044,"n":"Sauces Party Mix Bénédicta 6 sauces de 85g - 500g","p":3.48,"u":"6,96 €/KG","img":"https://fd2-photos.leclercdrive.fr/image.ashx?id=2616174&use=l&cat=p&typeid=i","cat":318430},{"id":37049,"n":"Sauce Samourai Amora 255g","p":1.58,"u":"7,02 €/KG","img":"https://fd2-photos.leclercdrive.fr/image.ashx?id=2893838&use=l&cat=p&typeid=i","cat":318431},{"id":37054,"n":"Sucre pure canne Beghin Say Morceaux - 1kg","p":2.42,"u":"2,42 €/KG","img":"https://fd2-photos.leclercdrive.fr/image.ashx?id=2978688&use=l&cat=p&typeid=i","cat":284502},{"id":37073,"n":"Crêpes de froment fraîches   6x1p","p":2.39,"u":"0,40 €/P","img":"https://fd2-photos.leclercdrive.fr/image.ashx?id=723657&use=l&cat=p&typeid=i","cat":284494},{"id":37107,"n":"Gel lavant mains Manava Spécial cuisine - 300ml","p":0.99,"u":"3,30 €/L","img":"https://fd2-photos.leclercdrive.fr/image.ashx?id=2935495&use=l&cat=p&typeid=i","cat":284597},{"id":37120,"n":"Sauce Soja sucrée Kikkoman 250ml","p":4.13,"u":"16,52 €/L","img":"https://fd2-photos.leclercdrive.fr/image.ashx?id=2536296&use=l&cat=p&typeid=i","cat":288992},{"id":37149,"n":"Cookies Méga pépites P'tit Déli Chocolat noisettes 184g","p":1.51,"u":"8,21 €/KG","img":"https://fd2-photos.leclercdrive.fr/image.ashx?id=2116149&use=l&cat=p&typeid=i","cat":325066},{"id":37198,"n":"Poêlée Notre Jardin Méditerranéenne 750g","p":3.17,"u":"4,23 €/KG","img":"https://fd2-photos.leclercdrive.fr/image.ashx?id=2835029&use=l&cat=p&typeid=i","cat":319823},{"id":37199,"n":"Poêlée Notre Jardin Parisienne 750g","p":2.24,"u":"2,99 €/KG","img":"https://fd2-photos.leclercdrive.fr/image.ashx?id=2865062&use=l&cat=p&typeid=i","cat":319823},{"id":37255,"n":"Céréales Extra Kellogg's Noisettes Caramelisées - 500g","p":3.24,"u":"6,48 €/KG","img":"https://fd2-photos.leclercdrive.fr/image.ashx?id=2736598&use=l&cat=p&typeid=i","cat":309512},{"id":37260,"n":"Boisson au thé Fresh Tea Citron vert - 1,5L","p":1.23,"u":"0,82 €/L","img":"https://fd2-photos.leclercdrive.fr/image.ashx?id=2622257&use=l&cat=p&typeid=i","cat":295019},{"id":37261,"n":"Boisson au thé Fresh Tea Mangue - 1,5L","p":1.25,"u":"0,83 €/L","img":"https://fd2-photos.leclercdrive.fr/image.ashx?id=2622260&use=l&cat=p&typeid=i","cat":295019},{"id":37262,"n":"Boisson au thé Fresh Tea Framboise - 1,5L","p":1.33,"u":"0,89 €/L","img":"https://fd2-photos.leclercdrive.fr/image.ashx?id=2982619&use=l&cat=p&typeid=i","cat":295019},{"id":37278,"n":"Orangina Pik Haribo Sachet bonbons acidulés - 250g","p":1.62,"u":"6,48 €/KG","img":"https://fd2-photos.leclercdrive.fr/image.ashx?id=2806090&use=l&cat=p&typeid=i","cat":304250},{"id":37281,"n":"Bonbons Longfizz Lutti 200g","p":1.35,"u":"6,75 €/KG","img":"https://fd2-photos.leclercdrive.fr/image.ashx?id=2962173&use=l&cat=p&typeid=i","cat":304250},{"id":37286,"n":"Paëlla royale Marie 900g","p":4.69,"u":"5,21 €/KG","img":"https://fd2-photos.leclercdrive.fr/image.ashx?id=2996770&use=l&cat=p&typeid=i","cat":284254},{"id":37405,"n":"Foie de morue Connétable MSC Nature - 121g","p":2.0,"u":"16,53 €/KG","img":"https://fd2-photos.leclercdrive.fr/image.ashx?id=2918718&use=l&cat=p&typeid=i","cat":305147},{"id":37438,"n":"Papier cuisson Elembal Rouleau 15m","p":1.79,"img":"https://fd2-photos.leclercdrive.fr/image.ashx?id=2824952&use=l&cat=p&typeid=i","cat":334134},{"id":37456,"n":"Saucisse fumée Tradilège VPF x3 375g","p":3.18,"u":"8,48 €/KG","img":"https://fd2-photos.leclercdrive.fr/image.ashx?id=2659085&use=l&cat=p&typeid=i","cat":316012},{"id":37457,"n":"Yaourt bio Les 2 Vaches brassé nature - 4x115g","p":1.32,"u":"2,87 €/KG","img":"https://fd2-photos.leclercdrive.fr/image.ashx?id=2571545&use=l&cat=p&typeid=i","cat":284409},{"id":37468,"n":"Jambon cru Fine Fondante Aoste Sans conservateur - x6 - 100g","p":3.51,"u":"35,10 €/KG","img":"https://fd2-photos.leclercdrive.fr/image.ashx?id=2937172&use=l&cat=p&typeid=i","cat":316007},{"id":37580,"n":"Soupe Régal Soupe Légumes et vermicelles - 1L","p":1.84,"u":"1,84 €/L","img":"https://fd2-photos.leclercdrive.fr/image.ashx?id=2607539&use=l&cat=p&typeid=i","cat":284462},{"id":37593,"n":"Snacks chats Tous mes amis Poulet fromage - 60g","p":0.84,"u":"14,00 €/KG","img":"https://fd2-photos.leclercdrive.fr/image.ashx?id=1947280&use=l&cat=p&typeid=i","cat":285285},{"id":37594,"n":"Snacks chats Tous mes amis Boeuf - 60g","p":0.94,"u":"15,67 €/KG","img":"https://fd2-photos.leclercdrive.fr/image.ashx?id=2046107&use=l&cat=p&typeid=i","cat":285285},{"id":37595,"n":"Snacks chats Tous mes amis Saumon - 60g","p":0.89,"u":"14,83 €/KG","img":"https://fd2-photos.leclercdrive.fr/image.ashx?id=1938588&use=l&cat=p&typeid=i","cat":285285},{"id":37596,"n":"Snacks chats Tous mes amis Contre les boules de poils- 60g","p":0.99,"u":"16,50 €/KG","img":"https://fd2-photos.leclercdrive.fr/image.ashx?id=1947277&use=l&cat=p&typeid=i","cat":285285},{"id":37615,"n":"Rasoirs jetables Eco+ x10","p":0.71,"u":"0,07 €/P","img":"https://fd2-photos.leclercdrive.fr/image.ashx?id=2913642&use=l&cat=p&typeid=i","cat":284616},{"id":37623,"n":"Trancetto Balconi Cacao x10 280g","p":1.39,"u":"4,96 €/KG","img":"https://fd2-photos.leclercdrive.fr/image.ashx?id=2878414&use=l&cat=p&typeid=i","cat":284495},{"id":37712,"n":"Haricots Verts Cassegrain Extra Fins Cueillis main 390g","p":3.0,"u":"7,69 €/KG","img":"https://fd2-photos.leclercdrive.fr/image.ashx?id=2913025&use=l&cat=p&typeid=i","cat":312606},{"id":37774,"n":"Recharge Dentamyl Brosse à dents électrique x2","p":6.99,"u":"3,50 €/P","img":"https://fd2-photos.leclercdrive.fr/image.ashx?id=2790967&use=l&cat=p&typeid=i","cat":297133},{"id":37775,"n":"Serviette incontinence Chorys Maxi - x12","p":3.65,"u":"0,30 €/P","img":"https://fd2-photos.leclercdrive.fr/image.ashx?id=2393884&use=l&cat=p&typeid=i","cat":284628},{"id":37778,"n":"Lait corps Inell Réparateur - 250ml","p":2.33,"u":"9,32 €/L","img":"https://fd2-photos.leclercdrive.fr/image.ashx?id=2691664&use=l&cat=p&typeid=i","cat":325349},{"id":37842,"n":"Thé glacé zéro Fresh Tea  Pêche - 1,5L","p":1.29,"u":"0,86 €/L","img":"https://fd2-photos.leclercdrive.fr/image.ashx?id=2622266&use=l&cat=p&typeid=i","cat":295019},{"id":37843,"n":"100% Pur jus d'orange Jafaden Sans pulpe - 2L","p":3.54,"u":"1,77 €/L","img":"https://fd2-photos.leclercdrive.fr/image.ashx?id=2796052&use=l&cat=p&typeid=i","cat":284521},{"id":37862,"n":"Couches Bébé Eco+ T5 - x52 changes","p":6.94,"u":"0,13 €/P","img":"https://fd2-photos.leclercdrive.fr/image.ashx?id=2487144&use=l&cat=p&typeid=i","cat":284737},{"id":37867,"n":"Rillettes Tradilège poulet 110g","p":1.4,"u":"12,73 €/KG","img":"https://fd2-photos.leclercdrive.fr/image.ashx?id=2683586&use=l&cat=p&typeid=i","cat":316008},{"id":37891,"n":"Magret de canard Montfort Tranché fumé 2x80g","p":4.99,"u":"31,19 €/KG","img":"https://fd2-photos.leclercdrive.fr/image.ashx?id=2094250&use=l&cat=p&typeid=i","cat":284339},{"id":37914,"n":"IGP Magret de canard Montfort Séché au poivre - 2x80g","p":4.99,"u":"31,19 €/KG","img":"https://fd2-photos.leclercdrive.fr/image.ashx?id=2095536&use=l&cat=p&typeid=i","cat":284339},{"id":37940,"n":"Beignets de calamar Pescanova A la Romaine 500g","p":3.58,"u":"7,16 €/KG","img":"https://fd2-photos.leclercdrive.fr/image.ashx?id=2983369&use=l&cat=p&typeid=i","cat":319788},{"id":38026,"n":"Soufflés Frites Tokapi Bacon - 80g","p":0.79,"u":"9,88 €/KG","img":"https://fd2-photos.leclercdrive.fr/image.ashx?id=2597028&use=l&cat=p&typeid=i","cat":284449},{"id":38027,"n":"Quinoa gourmand Tipiak 400g","p":2.06,"u":"5,15 €/KG","img":"https://fd2-photos.leclercdrive.fr/image.ashx?id=2640617&use=l&cat=p&typeid=i","cat":284429},{"id":38100,"n":"Chocolat en poudre Nesquik Boîte 490g","p":3.69,"u":"7,53 €/KG","img":"https://fd2-photos.leclercdrive.fr/image.ashx?id=3005305&use=l&cat=p&typeid=i","cat":293235},{"id":38230,"n":"Mouchoirs blancs 4 plis Caresse Pock kid mouchoirs papier x10","p":1.12,"u":"0,11 €/P","img":"https://fd2-photos.leclercdrive.fr/image.ashx?id=2856687&use=l&cat=p&typeid=i","cat":284638},{"id":38232,"n":"Mouchoirs blancs 3 plis Caresse Boîte décor aléatoire Kids -x60","p":1.75,"u":"0,03 €/P","img":"https://fd2-photos.leclercdrive.fr/image.ashx?id=2814432&use=l&cat=p&typeid=i","cat":284638},{"id":38234,"n":"Dessert - P'tit Brassé Nestlé Banane - dès 6 mois - 4x100g","p":1.88,"u":"4,70 €/KG","img":"https://fd2-photos.leclercdrive.fr/image.ashx?id=2615131&use=l&cat=p&typeid=i","cat":312392},{"id":38235,"n":"Dessert - P'tit Brassé Nestlé Framboise - dès 6 mois - 4x100g","p":1.69,"u":"4,23 €/KG","img":"https://fd2-photos.leclercdrive.fr/image.ashx?id=2604876&use=l&cat=p&typeid=i","cat":312392},{"id":38236,"n":"Dessert - P'tit Brassé Nestlé Abricot - dès 6 mois - 4x100g","p":1.69,"u":"4,23 €/KG","img":"https://fd2-photos.leclercdrive.fr/image.ashx?id=2600569&use=l&cat=p&typeid=i","cat":312392},{"id":38237,"n":"Dessert - P'tit Brassé Nestlé Poire - dès 6 mois - 4x100g","p":1.79,"u":"4,48 €/KG","img":"https://fd2-photos.leclercdrive.fr/image.ashx?id=2615756&use=l&cat=p&typeid=i","cat":312392},{"id":38238,"n":"Dessert - P'tit Brassé Nestlé Fraise - dès 6 mois - 4x100g","p":1.68,"u":"4,20 €/KG","img":"https://fd2-photos.leclercdrive.fr/image.ashx?id=2510187&use=l&cat=p&typeid=i","cat":312392},{"id":38239,"n":"Dessert - P'tit Brassé Nestlé Myrtille - dès 6 mois - 4x100g","p":1.89,"u":"4,73 €/KG","img":"https://fd2-photos.leclercdrive.fr/image.ashx?id=2583235&use=l&cat=p&typeid=i","cat":312392},{"id":38297,"n":"Matière grasse St Hubert Omega3 52%mg - demi-sel - 510g","p":3.59,"u":"7,04 €/KG","img":"https://fd2-photos.leclercdrive.fr/image.ashx?id=2734099&use=l&cat=p&typeid=i","cat":315229},{"id":38298,"n":"Matière grasse St Hubert Omega 3 - 52%mg - doux - 510g","p":3.35,"u":"6,57 €/KG","img":"https://fd2-photos.leclercdrive.fr/image.ashx?id=2734108&use=l&cat=p&typeid=i","cat":315229},{"id":38304,"n":"Taboulé Pierre Martinet Au poulet - 300g","p":1.85,"u":"6,17 €/KG","img":"https://fd2-photos.leclercdrive.fr/image.ashx?id=2990529&use=l&cat=p&typeid=i","cat":333657},{"id":38322,"n":"Compote Douceur du Verger Gourdes multivariétés - 20x90g","p":5.95,"u":"3,31 €/KG","img":"https://fd2-photos.leclercdrive.fr/image.ashx?id=2837057&use=l&cat=p&typeid=i","cat":284508},{"id":38345,"n":"Vodka premium Grey Goose Original 40° - 70cl","p":36.99,"pp":32.99,"u":"47,13 €/L","img":"https://fd2-photos.leclercdrive.fr/image.ashx?id=2848331&use=l&cat=p&typeid=i","cat":284550},{"id":38374,"n":"Brosse à dents Dentamyl Super pro interdent x1","p":1.3,"img":"https://fd2-photos.leclercdrive.fr/image.ashx?id=2790970&use=l&cat=p&typeid=i","cat":284614},{"id":38524,"n":"Tendres perles Blé Tipiak Prêt en 5 min - 350g","p":1.44,"u":"4,11 €/KG","img":"https://fd2-photos.leclercdrive.fr/image.ashx?id=2640614&use=l&cat=p&typeid=i","cat":284429},{"id":38543,"n":"Jambon supérieur Tradilège Torchon 4 tranches 160g","p":2.69,"u":"16,81 €/KG","img":"https://fd2-photos.leclercdrive.fr/image.ashx?id=2970471&use=l&cat=p&typeid=i","cat":316009},{"id":38562,"n":"Cône Nestlé Extrême  Vanille de Madagascar x6 - 426g","p":3.46,"u":"8,12 €/KG","img":"https://fd2-photos.leclercdrive.fr/image.ashx?id=3000432&use=l&cat=p&typeid=i","cat":284264},{"id":38563,"n":"Cône Extrême Nestlé Chocolat intense 6x71g","p":3.66,"u":"8,59 €/KG","img":"https://fd2-photos.leclercdrive.fr/image.ashx?id=2353089&use=l&cat=p&typeid=i","cat":284264},{"id":38668,"n":"Shampooing Vitanove Eclat - Ultime gloss 250ml","p":1.79,"u":"7,16 €/L","img":"https://fd2-photos.leclercdrive.fr/image.ashx?id=1909564&use=l&cat=p&typeid=i","cat":284606},{"id":38685,"n":"Actifidus Delisse Nature - 16x125g","p":2.97,"u":"1,49 €/KG","img":"https://fd2-photos.leclercdrive.fr/image.ashx?id=2452675&use=l&cat=p&typeid=i","cat":315000},{"id":38705,"n":"Chocolat Pâtissier Nestlé Dessert - 2x205g","p":5.84,"u":"14,24 €/KG","img":"https://fd2-photos.leclercdrive.fr/image.ashx?id=2959491&use=l&cat=p&typeid=i","cat":285562},{"id":38735,"n":"Lait de douche Manava Lait et miel - 250ml","p":0.94,"u":"3,76 €/L","img":"https://fd2-photos.leclercdrive.fr/image.ashx?id=2618338&use=l&cat=p&typeid=i","cat":284594},{"id":38744,"n":"Beurre allégé Les Croisés Demi-sel - 60% MG - 250g","p":1.89,"u":"7,56 €/KG","img":"https://fd2-photos.leclercdrive.fr/image.ashx?id=2897787&use=l&cat=p&typeid=i","cat":284379},{"id":38757,"n":"Bâtonnets Trium Pistache - x4 280g","p":3.6,"u":"12,86 €/KG","img":"https://fd2-photos.leclercdrive.fr/image.ashx?id=2071101&use=l&cat=p&typeid=i","cat":284265},{"id":38764,"n":"Cidre artisanal Les Goelleries Brut 5,5% - 75cl","p":2.49,"u":"3,32 €/L","img":"https://fd2-photos.leclercdrive.fr/image.ashx?id=2842301&use=l&cat=p&typeid=i","cat":334880},{"id":38765,"n":"Soda Jean's Cola Cherry Bouteille - 1,5L","p":1.49,"u":"0,99 €/L","img":"https://fd2-photos.leclercdrive.fr/image.ashx?id=2637916&use=l&cat=p&typeid=i","cat":284530},{"id":38773,"n":"Pur jus d'orange Jafaden Avec pulpe - 1,5L","p":3.0,"u":"2,00 €/L","img":"https://fd2-photos.leclercdrive.fr/image.ashx?id=2796058&use=l&cat=p&typeid=i","cat":284521},{"id":38780,"n":"Shampooing Manava Anti-pelliculaire 500ml","p":1.0,"u":"2,00 €/L","img":"https://fd2-photos.leclercdrive.fr/image.ashx?id=1903863&use=l&cat=p&typeid=i","cat":284606},{"id":38781,"n":"Mouchoirs blancs 4 plis Caresse Boîte mouchoirs papier - x80","p":1.1,"u":"0,01 €/P","img":"https://fd2-photos.leclercdrive.fr/image.ashx?id=2801049&use=l&cat=p&typeid=i","cat":284638},{"id":38799,"n":"Essuie-tout Mimosa Demi-feuille - x3","p":4.9,"u":"1,63 €/P","img":"https://fd2-photos.leclercdrive.fr/image.ashx?id=2418335&use=l&cat=p&typeid=i","cat":284635},{"id":38801,"n":"Déodorant spray Manava Vanille 100ml","p":1.35,"u":"13,50 €/L","img":"https://fd2-photos.leclercdrive.fr/image.ashx?id=2671408&use=l&cat=p&typeid=i","cat":284595},{"id":38802,"n":"Déodorant spray Manava Pierre d'alun/Aloe Vera - 100ml","p":1.39,"u":"13,90 €/L","img":"https://fd2-photos.leclercdrive.fr/image.ashx?id=3013609&use=l&cat=p&typeid=i","cat":284595},{"id":38803,"n":"Déodorant spray grenade Manava A l'huile sauge sclarée - 100ml","p":1.34,"u":"13,40 €/L","img":"https://fd2-photos.leclercdrive.fr/image.ashx?id=2656448&use=l&cat=p&typeid=i","cat":284595},{"id":38812,"n":"Pains au lait Pasquier x10 - 350g","p":1.39,"u":"3,97 €/KG","img":"https://fd2-photos.leclercdrive.fr/image.ashx?id=2576940&use=l&cat=p&typeid=i","cat":293505},{"id":38857,"n":"Fromage Boursin cuisine Ail & fines herbes - 240g","p":2.15,"u":"8,96 €/KG","img":"https://fd2-photos.leclercdrive.fr/image.ashx?id=2615418&use=l&cat=p&typeid=i","cat":314029},{"id":38868,"n":"Chips ondulées Pom'Lisse Poulet rôti - 135g","p":1.05,"u":"7,78 €/KG","img":"https://fd2-photos.leclercdrive.fr/image.ashx?id=2919625&use=l&cat=p&typeid=i","cat":284447},{"id":38869,"n":"Purée de tomates Turini Saveur basilic - 200g","p":0.79,"u":"3,95 €/KG","img":"https://fd2-photos.leclercdrive.fr/image.ashx?id=2174702&use=l&cat=p&typeid=i","cat":288384},{"id":38938,"n":"Le Bleu Président  145g","p":2.54,"u":"17,52 €/KG","img":"https://fd2-photos.leclercdrive.fr/image.ashx?id=1555906&use=l&cat=p&typeid=i","cat":314032},{"id":38985,"n":"Beurre Grand Fermage  Demi-sel - 80% MG - 250g","p":2.61,"u":"10,44 €/KG","img":"https://fd2-photos.leclercdrive.fr/image.ashx?id=2915569&use=l&cat=p&typeid=i","cat":284379},{"id":39022,"n":"AOP Graves de Vayres rouge Château Cantelaudette - 75cl","p":4.98,"u":"6,64 €/L","img":"https://fd2-photos.leclercdrive.fr/image.ashx?id=2944768&use=l&cat=p&typeid=i","cat":289556},{"id":39024,"n":"AOP Entre-deux-mers blanc Cuvée Hortense - 75cl","p":4.75,"u":"6,33 €/L","img":"https://fd2-photos.leclercdrive.fr/image.ashx?id=2516068&use=l&cat=p&typeid=i","cat":289557},{"id":39051,"n":"AOC Buzet rosé L'Excellence - 75cl","p":3.31,"u":"4,41 €/L","img":"https://fd2-photos.leclercdrive.fr/image.ashx?id=2833420&use=l&cat=p&typeid=i","cat":289558},{"id":39056,"n":"AOC Côtes de Provence rosé Billette - BIB 3L","p":21.44,"u":"7,15 €/L","img":"https://fd2-photos.leclercdrive.fr/image.ashx?id=2863434&use=l&cat=p&typeid=i","cat":289560},{"id":39061,"n":"Film étirable Alfapac Rouleau 35m x 29cm","p":1.55,"img":"https://fd2-photos.leclercdrive.fr/image.ashx?id=2918268&use=l&cat=p&typeid=i","cat":334134},{"id":39067,"n":"Tablettes lave vaisselle Sun Classic x60 - 570g","p":6.52,"u":"11,44 €/KG","img":"https://fd2-photos.leclercdrive.fr/image.ashx?id=2775745&use=l&cat=p&typeid=i","cat":284656},{"id":39107,"n":"Gel lavant Manava Savon de Marseille - 300ml","p":1.02,"u":"3,40 €/L","img":"https://fd2-photos.leclercdrive.fr/image.ashx?id=2935498&use=l&cat=p&typeid=i","cat":284597},{"id":39122,"n":"Fromage de chèvre Soignon Bûche Sainte Maure - 300g","p":3.21,"u":"10,70 €/KG","img":"https://fd2-photos.leclercdrive.fr/image.ashx?id=2963331&use=l&cat=p&typeid=i","cat":314031},{"id":39139,"n":"Olives vertes Tropic Apéro Dénoyautées au piment - 110g","p":1.6,"u":"14,55 €/KG","img":"https://fd2-photos.leclercdrive.fr/image.ashx?id=2438969&use=l&cat=p&typeid=i","cat":316002},{"id":39143,"n":"Beurre Les Eleveurs de Bretagne Demi-sel Extra-fin -80% MG 500g","p":5.38,"u":"10,76 €/KG","img":"https://fd2-photos.leclercdrive.fr/image.ashx?id=2128839&use=l&cat=p&typeid=i","cat":284379},{"id":39145,"n":"Mouchoirs blancs 4 plis Caresse Etuis x15 - Mentholés","p":1.98,"u":"0,13 €/P","img":"https://fd2-photos.leclercdrive.fr/image.ashx?id=2572996&use=l&cat=p&typeid=i","cat":284638},{"id":39155,"n":"Chips La classique Vico Nature - 6x27,5g","p":1.75,"u":"10,61 €/KG","img":"https://fd2-photos.leclercdrive.fr/image.ashx?id=2917813&use=l&cat=p&typeid=i","cat":284447},{"id":39172,"n":"AOP Cabernet d'Anjou vin rosé Les Caractères - 75cl","p":3.99,"u":"5,32 €/L","img":"https://fd2-photos.leclercdrive.fr/image.ashx?id=2908846&use=l&cat=p&typeid=i","cat":289558},{"id":39182,"n":"Pain de mie 100% Mie Harrys Complet sans croûte Maxi - 650g","p":2.29,"u":"3,52 €/KG","img":"https://fd2-photos.leclercdrive.fr/image.ashx?id=2517438&use=l&cat=p&typeid=i","cat":284477},{"id":39199,"n":"Pizza Turini Cuite sur pierre Campagnarde - 400g","p":2.99,"u":"7,48 €/KG","img":"https://fd2-photos.leclercdrive.fr/image.ashx?id=2816576&use=l&cat=p&typeid=i","cat":284256},{"id":39204,"n":"Tartinable Ronde des Mers Saumon fumé - 120g","p":2.49,"u":"20,75 €/KG","img":"https://fd2-photos.leclercdrive.fr/image.ashx?id=2631435&use=l&cat=p&typeid=i","cat":285191},{"id":39205,"n":"Tartinable Ronde des Mers Thon - 120g","p":1.84,"u":"15,33 €/KG","img":"https://fd2-photos.leclercdrive.fr/image.ashx?id=2631441&use=l&cat=p&typeid=i","cat":285191},{"id":39206,"n":"Tartinable Ronde des Mers Surimi-crabe - 120g","p":1.69,"u":"14,08 €/KG","img":"https://fd2-photos.leclercdrive.fr/image.ashx?id=2631438&use=l&cat=p&typeid=i","cat":285191},{"id":39233,"n":"AOP Côtes de Provence rosé Estandon - 75cl","p":7.3,"u":"9,73 €/L","img":"https://fd2-photos.leclercdrive.fr/image.ashx?id=2868966&use=l&cat=p&typeid=i","cat":289558},{"id":39266,"n":"AOP Corse vin rosé Terres Ocrées - 75cl","p":4.99,"u":"6,65 €/L","img":"https://fd2-photos.leclercdrive.fr/image.ashx?id=2865242&use=l&cat=p&typeid=i","cat":289558},{"id":39268,"n":"AOP Bergerac vin blanc sec Terrasses d'Autan - 75cl","p":2.99,"u":"3,99 €/L","img":"https://fd2-photos.leclercdrive.fr/image.ashx?id=2858108&use=l&cat=p&typeid=i","cat":289557},{"id":39269,"n":"AOC Cabernet d'Anjou vin rosé Les Caractères - 37,5cl","p":2.99,"u":"7,97 €/L","img":"https://fd2-photos.leclercdrive.fr/image.ashx?id=2710943&use=l&cat=p&typeid=i","cat":289558},{"id":39270,"n":"AOP Touraine Sauvignon vin Blanc - Les Caractères - 75cl","p":4.99,"u":"6,65 €/L","img":"https://fd2-photos.leclercdrive.fr/image.ashx?id=2699693&use=l&cat=p&typeid=i","cat":289557},{"id":39271,"n":"AOP Alsace Pinot gris  vin blanc Rebmann - 75 cl","p":4.99,"u":"6,65 €/L","img":"https://fd2-photos.leclercdrive.fr/image.ashx?id=2907467&use=l&cat=p&typeid=i","cat":289557},{"id":39328,"n":"Vin mousseux Kriter Brut 3x20cl","p":5.25,"u":"8,75 €/L","img":"https://fd2-photos.leclercdrive.fr/image.ashx?id=2538509&use=l&cat=p&typeid=i","cat":284544},{"id":39338,"n":"Moutarde Savora Amora 385g","p":2.17,"u":"5,64 €/KG","img":"https://fd2-photos.leclercdrive.fr/image.ashx?id=2775685&use=l&cat=p&typeid=i","cat":288850},{"id":39339,"n":"Moutarde Amora Fine & douce - 190g","p":1.6,"u":"8,42 €/KG","img":"https://fd2-photos.leclercdrive.fr/image.ashx?id=2738791&use=l&cat=p&typeid=i","cat":288850},{"id":39376,"n":"Pur jus d'orange Tropicana Sans pulpe - 1,5L","p":3.63,"u":"2,42 €/L","img":"https://fd2-photos.leclercdrive.fr/image.ashx?id=2509637&use=l&cat=p&typeid=i","cat":284521},{"id":39387,"n":"AOC Tursan rosé Secret d'Eugénie - 75cl","p":5.28,"u":"7,04 €/L","img":"https://fd2-photos.leclercdrive.fr/image.ashx?id=2827335&use=l&cat=p&typeid=i","cat":289558},{"id":39388,"n":"Haricots verts Bio Village Bio - 360g","p":1.89,"u":"5,25 €/KG","img":"https://fd2-photos.leclercdrive.fr/image.ashx?id=3002659&use=l&cat=p&typeid=i","cat":312606},{"id":39389,"n":"Haricots beurre Notre Jardin Extra fins 1kg","p":2.29,"u":"2,29 €/KG","img":"https://fd2-photos.leclercdrive.fr/image.ashx?id=2431134&use=l&cat=p&typeid=i","cat":319805},{"id":39403,"n":"Joker Pur Jus Engagé Orange  sans pulpe - 1L","p":2.55,"u":"2,55 €/L","img":"https://fd2-photos.leclercdrive.fr/image.ashx?id=2984982&use=l&cat=p&typeid=i","cat":284521},{"id":39417,"n":"Boisson Sunny Delight Florida - 1,25L","p":2.6,"u":"2,08 €/L","img":"https://fd2-photos.leclercdrive.fr/image.ashx?id=2309960&use=l&cat=p&typeid=i","cat":285435},{"id":39418,"n":"Boisson Sunny Delight Doux California - 1,25L","p":1.98,"u":"1,58 €/L","img":"https://fd2-photos.leclercdrive.fr/image.ashx?id=2309963&use=l&cat=p&typeid=i","cat":285435},{"id":39421,"n":"Jus innocent pomme 900ml","p":2.63,"u":"2,92 €/L","img":"https://fd2-photos.leclercdrive.fr/image.ashx?id=2891703&use=l&cat=p&typeid=i","cat":284354},{"id":39443,"n":"Jus innocent  orange avec pulpe 1.5L","p":3.56,"u":"2,37 €/L","img":"https://fd2-photos.leclercdrive.fr/image.ashx?id=2891223&use=l&cat=p&typeid=i","cat":285435},{"id":39444,"n":"Jus innocent orange avec pulpe 900ml","p":2.67,"u":"2,97 €/L","img":"https://fd2-photos.leclercdrive.fr/image.ashx?id=2891700&use=l&cat=p&typeid=i","cat":285435},{"id":39445,"n":"Confiture Douceur Du Verger Extra myrtilles allegée - 340g","p":1.89,"u":"5,56 €/KG","img":"https://fd2-photos.leclercdrive.fr/image.ashx?id=2965515&use=l&cat=p&typeid=i","cat":284480},{"id":39471,"n":"Mousse aux oeufs Bonne Maman Chocolat - 4x50g","p":2.4,"u":"12,00 €/KG","img":"https://fd2-photos.leclercdrive.fr/image.ashx?id=2571509&use=l&cat=p&typeid=i","cat":284417},{"id":39472,"n":"Mousse aux oeufs Bonne Maman Chocolat au lait - 4x50g","p":2.26,"u":"11,30 €/KG","img":"https://fd2-photos.leclercdrive.fr/image.ashx?id=2571512&use=l&cat=p&typeid=i","cat":284417},{"id":39477,"n":"Crêpes fourrées P'tit Déli Fraise - 256g","p":2.02,"u":"7,89 €/KG","img":"https://fd2-photos.leclercdrive.fr/image.ashx?id=2498068&use=l&cat=p&typeid=i","cat":284494},{"id":39480,"n":"Chips ondulées Pom'Lisse Nature - 6x30g","p":1.57,"u":"8,72 €/KG","img":"https://fd2-photos.leclercdrive.fr/image.ashx?id=2728246&use=l&cat=p&typeid=i","cat":284447},{"id":39485,"n":"Barre chocolatée Balisto Miel amande - x10 barres - 185g","p":2.95,"u":"15,95 €/KG","img":"https://fd2-photos.leclercdrive.fr/image.ashx?id=1930977&use=l&cat=p&typeid=i","cat":284498},{"id":39497,"n":"Barre chocolatée P'tit Déli Bille de riz - 162g","p":1.5,"u":"9,26 €/KG","img":"https://fd2-photos.leclercdrive.fr/image.ashx?id=2529599&use=l&cat=p&typeid=i","cat":284488},{"id":39498,"n":"Biscottes Epi d'Or Gout brioché x36 - 300g","p":1.51,"u":"5,03 €/KG","img":"https://fd2-photos.leclercdrive.fr/image.ashx?id=2684028&use=l&cat=p&typeid=i","cat":284479},{"id":39503,"n":"Chocolat Pâtissier Tablette dOr Praliné - 200g","p":2.15,"u":"10,75 €/KG","img":"https://fd2-photos.leclercdrive.fr/image.ashx?id=2565619&use=l&cat=p&typeid=i","cat":285562},{"id":39507,"n":"Moutarde Rustica Douce - 435g","p":1.39,"u":"3,20 €/KG","img":"https://fd2-photos.leclercdrive.fr/image.ashx?id=2052019&use=l&cat=p&typeid=i","cat":288850},{"id":39508,"n":"Mini canapés Epi d'Or Nature - 255g","p":1.12,"u":"4,39 €/KG","img":"https://fd2-photos.leclercdrive.fr/image.ashx?id=2129233&use=l&cat=p&typeid=i","cat":285454},{"id":39509,"n":"Pain au seigle complet Epi d'Or 500g","p":1.83,"u":"3,66 €/KG","img":"https://fd2-photos.leclercdrive.fr/image.ashx?id=1879287&use=l&cat=p&typeid=i","cat":325069},{"id":39511,"n":"Thé lady grey Twinings x20 sachets -  40g","p":2.51,"u":"62,75 €/KG","img":"https://fd2-photos.leclercdrive.fr/image.ashx?id=2875552&use=l&cat=p&typeid=i","cat":293233},{"id":39517,"n":"Thé vert Twinings Citron x25 sachets -50g","p":2.24,"u":"44,80 €/KG","img":"https://fd2-photos.leclercdrive.fr/image.ashx?id=2893012&use=l&cat=p&typeid=i","cat":293233},{"id":39521,"n":"Cacahuètes enrobées Tokapi Salées - 150g","p":0.85,"u":"5,67 €/KG","img":"https://fd2-photos.leclercdrive.fr/image.ashx?id=1957812&use=l&cat=p&typeid=i","cat":284448},{"id":39522,"n":"Cacahuètes enrobées Tokapi Bacon - 150g","p":0.85,"u":"5,67 €/KG","img":"https://fd2-photos.leclercdrive.fr/image.ashx?id=1951858&use=l&cat=p&typeid=i","cat":284448},{"id":39523,"n":"Cacahuètes enrobées Tokapi Paprika - 150g","p":0.85,"u":"5,67 €/KG","img":"https://fd2-photos.leclercdrive.fr/image.ashx?id=1972828&use=l&cat=p&typeid=i","cat":284448},{"id":39524,"n":"Cacahuètes enrobées Tokapi Epicées - 150g","p":0.85,"u":"5,67 €/KG","img":"https://fd2-photos.leclercdrive.fr/image.ashx?id=2033239&use=l&cat=p&typeid=i","cat":284448},{"id":39529,"n":"Jus de citron Rustica Sicile - 50cl","p":1.67,"u":"3,34 €/L","img":"https://fd2-photos.leclercdrive.fr/image.ashx?id=2974804&use=l&cat=p&typeid=i","cat":288383},{"id":39530,"n":"Dessert bébé BabyBio Bio 6 mois Pomme / Fraise - 260g","p":1.9,"u":"7,31 €/KG","img":"https://fd2-photos.leclercdrive.fr/image.ashx?id=2827509&use=l&cat=p&typeid=i","cat":312388},{"id":39531,"n":"Compote bébé Babybio Bio 4 mois Pomme / Mangue - 260g","p":1.9,"u":"7,31 €/KG","img":"https://fd2-photos.leclercdrive.fr/image.ashx?id=2827500&use=l&cat=p&typeid=i","cat":312387},{"id":39534,"n":"Barres énergétiques Ovomaltine x5 barres - 100g","p":2.4,"u":"24,00 €/KG","img":"https://fd2-photos.leclercdrive.fr/image.ashx?id=2413029&use=l&cat=p&typeid=i","cat":318652},{"id":39547,"n":"Duo Haricots verts et beurre Notre Jardin - 225g","p":1.03,"u":"4,58 €/KG","img":"https://fd2-photos.leclercdrive.fr/image.ashx?id=2988060&use=l&cat=p&typeid=i","cat":312606},{"id":39548,"n":"Haricots verts Notre Jardin Extra fins - 3x110g","p":1.83,"u":"5,55 €/KG","img":"https://fd2-photos.leclercdrive.fr/image.ashx?id=2472514&use=l&cat=p&typeid=i","cat":312606},{"id":39550,"n":"Sirop d'agave bio Bio Village 345g","p":1.99,"u":"5,77 €/KG","img":"https://fd2-photos.leclercdrive.fr/image.ashx?id=2764961&use=l&cat=p&typeid=i","cat":287643},{"id":39554,"n":"Mélange 4 champignons N.Jardin 230g","p":2.57,"u":"11,17 €/KG","img":"https://fd2-photos.leclercdrive.fr/image.ashx?id=2072719&use=l&cat=p&typeid=i","cat":312610},{"id":39555,"n":"Repas bébé bio Babybio - 6 mois Veau / Légumes - 2x200g","p":3.05,"u":"7,63 €/KG","img":"https://fd2-photos.leclercdrive.fr/image.ashx?id=2850545&use=l&cat=p&typeid=i","cat":312236},{"id":39556,"n":"Gaufres liégeoises P'tit Déli Sucrées - 550g","p":2.69,"u":"4,89 €/KG","img":"https://fd2-photos.leclercdrive.fr/image.ashx?id=2430219&use=l&cat=p&typeid=i","cat":294777},{"id":39558,"n":"Croquettes chat Tous mes amis Stérilisés - 2kg","p":3.24,"u":"1,62 €/KG","img":"https://fd2-photos.leclercdrive.fr/image.ashx?id=2301490&use=l&cat=p&typeid=i","cat":284680},{"id":39559,"n":"Céréales Jordans Spécial Muesli Fruits et Noix - 750g","p":3.45,"u":"4,60 €/KG","img":"https://fd2-photos.leclercdrive.fr/image.ashx?id=2966770&use=l&cat=p&typeid=i","cat":309512},{"id":39560,"n":"Duo Haricots verts et beurre Notre Jardin - 455g","p":1.99,"u":"4,37 €/KG","img":"https://fd2-photos.leclercdrive.fr/image.ashx?id=2291408&use=l&cat=p&typeid=i","cat":312606},{"id":39562,"n":"Céréales Bio Jordans Muesli - 500g","p":2.8,"u":"5,60 €/KG","img":"https://fd2-photos.leclercdrive.fr/image.ashx?id=2475897&use=l&cat=p&typeid=i","cat":309512},{"id":39569,"n":"Céréales Jordans Country Crisp Chocolat Noir 70% - 550g","p":3.57,"u":"6,49 €/KG","img":"https://fd2-photos.leclercdrive.fr/image.ashx?id=3000836&use=l&cat=p&typeid=i","cat":309512},{"id":39570,"n":"Céréales Jordans Country Crisp 4 Noix - 550g","p":3.0,"u":"5,45 €/KG","img":"https://fd2-photos.leclercdrive.fr/image.ashx?id=2973487&use=l&cat=p&typeid=i","cat":309512},{"id":39576,"n":"AOP Côtes de Provence rosé Berne Grande récolte - 75cl","p":8.9,"u":"11,87 €/L","img":"https://fd2-photos.leclercdrive.fr/image.ashx?id=2857530&use=l&cat=p&typeid=i","cat":289558},{"id":39616,"n":"Sirop Moulin de Valdonne Fraise - 70cl","p":3.28,"u":"4,69 €/L","img":"https://fd2-photos.leclercdrive.fr/image.ashx?id=2170559&use=l&cat=p&typeid=i","cat":295020},{"id":39617,"n":"Sirop Moulin de Valdonne Menthe - 70cl","p":3.0,"u":"4,29 €/L","img":"https://fd2-photos.leclercdrive.fr/image.ashx?id=2170550&use=l&cat=p&typeid=i","cat":295020},{"id":39621,"n":"Boisson énergisante Red Bull 4x355ml","p":6.17,"u":"4,35 €/L","img":"https://fd2-photos.leclercdrive.fr/image.ashx?id=3011983&use=l&cat=p&typeid=i","cat":284533},{"id":39651,"n":"Sel fin iodé Cérébos Boîte 125g","p":0.49,"u":"3,92 €/KG","img":"https://fd2-photos.leclercdrive.fr/image.ashx?id=2817536&use=l&cat=p&typeid=i","cat":284457},{"id":39686,"n":"Protection incontinence Chorys Homme - Normal - x20","p":5.32,"u":"0,27 €/P","img":"https://fd2-photos.leclercdrive.fr/image.ashx?id=2158215&use=l&cat=p&typeid=i","cat":291514},{"id":39705,"n":"Détendeur spécifique Clairgaz Butane - 6kg","p":6.6,"img":"https://fd2-photos.leclercdrive.fr/image.ashx?id=770494&use=l&cat=p&typeid=i","cat":335916},{"id":39706,"n":"Recharge de gaz Clairgaz Butane - 13kg","p":33.9,"u":"2,61 €/KG","img":"https://fd2-photos.leclercdrive.fr/image.ashx?id=764901&use=l&cat=p&typeid=i","cat":335916},{"id":39707,"n":"Recharge de gaz Clairgaz Propane - 11kg","p":32.9,"u":"2,99 €/KG","img":"https://fd2-photos.leclercdrive.fr/image.ashx?id=764897&use=l&cat=p&typeid=i","cat":335916},{"id":39750,"n":"Confiture Bonne Maman Myrtille cassis 370g","p":2.14,"u":"5,78 €/KG","img":"https://fd2-photos.leclercdrive.fr/image.ashx?id=2963427&use=l&cat=p&typeid=i","cat":284480},{"id":39752,"n":"Confiture Bonne Maman Abricots / Pêches - 370g","p":2.19,"u":"5,92 €/KG","img":"https://fd2-photos.leclercdrive.fr/image.ashx?id=2335946&use=l&cat=p&typeid=i","cat":284480},{"id":39770,"n":"Edulcorant Canderel Pot, poudre 80g","p":2.29,"u":"28,63 €/KG","img":"https://fd2-photos.leclercdrive.fr/image.ashx?id=2811020&use=l&cat=p&typeid=i","cat":324846},{"id":39777,"n":"AOP Crémant d'Alsace Blanc Brut Arthur Metz - 75cl","p":5.95,"u":"7,93 €/L","img":"https://fd2-photos.leclercdrive.fr/image.ashx?id=2422926&use=l&cat=p&typeid=i","cat":284544},{"id":39793,"n":"Feuilleté toast Kauffer's x36 - 500g","p":7.11,"u":"14,22 €/KG","img":"https://fd2-photos.leclercdrive.fr/image.ashx?id=1627899&use=l&cat=p&typeid=i","cat":319774},{"id":39794,"n":"Feuilleté canapé Kauffer's x36 - 500g","p":5.53,"u":"11,06 €/KG","img":"https://fd2-photos.leclercdrive.fr/image.ashx?id=1657663&use=l&cat=p&typeid=i","cat":319774},{"id":39796,"n":"Bûche de chèvre Soignon Crémeuse - 180g","p":3.08,"u":"17,11 €/KG","img":"https://fd2-photos.leclercdrive.fr/image.ashx?id=2787134&use=l&cat=p&typeid=i","cat":314031},{"id":39847,"n":"Eau minérale Plancoët 6x1.5L","p":2.7,"u":"0,30 €/L","img":"https://fd2-photos.leclercdrive.fr/image.ashx?id=2565032&use=l&cat=p&typeid=i","cat":284535},{"id":39856,"n":"Sirop Frucci  Citron vert - 75cl","p":3.29,"u":"4,39 €/L","img":"https://fd2-photos.leclercdrive.fr/image.ashx?id=2842307&use=l&cat=p&typeid=i","cat":295020},{"id":39858,"n":"Sirop Frucci Fruits exotiques - 75cl","p":2.65,"u":"3,53 €/L","img":"https://fd2-photos.leclercdrive.fr/image.ashx?id=2842313&use=l&cat=p&typeid=i","cat":295020},{"id":39871,"n":"Pur jus d'orange Jafaden 4x20cl","p":3.33,"u":"4,16 €/L","img":"https://fd2-photos.leclercdrive.fr/image.ashx?id=2802293&use=l&cat=p&typeid=i","cat":284521},{"id":39872,"n":"Pur jus d'ananas Jafaden 4x20cl","p":3.35,"u":"4,19 €/L","img":"https://fd2-photos.leclercdrive.fr/image.ashx?id=2553333&use=l&cat=p&typeid=i","cat":284524},{"id":39903,"n":"Pâté de campagne à l'Andouille NRT -180g","p":1.98,"u":"11,00 €/KG","img":"https://fd2-photos.leclercdrive.fr/image.ashx?id=2560512&use=l&cat=p&typeid=i","cat":305149},{"id":39934,"n":"Yaourts à la Grecque Délisse Nature - 8x125g","p":2.15,"u":"2,15 €/KG","img":"https://fd2-photos.leclercdrive.fr/image.ashx?id=2699480&use=l&cat=p&typeid=i","cat":314999},{"id":39941,"n":"Laque Fixation Forte 24h Dop Vivelle - 250ml","p":3.75,"u":"15,00 €/L","img":"https://fd2-photos.leclercdrive.fr/image.ashx?id=2457239&use=l&cat=p&typeid=i","cat":284609},{"id":39942,"n":"Laque Fixation 24H Extrême Dop Vivelle - 250ml","p":3.79,"u":"15,16 €/L","img":"https://fd2-photos.leclercdrive.fr/image.ashx?id=2575624&use=l&cat=p&typeid=i","cat":284609},{"id":39943,"n":"Laque fixation Extra-Forte Dop Vivelle - 250ml","p":3.79,"u":"15,16 €/L","img":"https://fd2-photos.leclercdrive.fr/image.ashx?id=2457236&use=l&cat=p&typeid=i","cat":284609},{"id":39946,"n":"Crème de nuit L'Oréal Paris Revitalift anti-rides - 50ml","p":7.59,"u":"151,80 €/L","img":"https://fd2-photos.leclercdrive.fr/image.ashx?id=2865869&use=l&cat=p&typeid=i","cat":325345},{"id":39950,"n":"Yaourts Lait de brebis Délisse Nature - 4x125g","p":2.19,"u":"4,38 €/KG","img":"https://fd2-photos.leclercdrive.fr/image.ashx?id=1872007&use=l&cat=p&typeid=i","cat":314998},{"id":39951,"n":"Crème dessert Délisse Pistache - 4x125g","p":0.89,"u":"1,78 €/KG","img":"https://fd2-photos.leclercdrive.fr/image.ashx?id=2441333&use=l&cat=p&typeid=i","cat":285041},{"id":39974,"n":"Plat bébé Blédina 6 mois  Purée butternut poulet - 2x200g","p":2.72,"u":"6,80 €/KG","img":"https://fd2-photos.leclercdrive.fr/image.ashx?id=2975080&use=l&cat=p&typeid=i","cat":312236},{"id":39988,"n":"Crème de douche Manava Douceur de crème - 250ml","p":1.05,"u":"4,20 €/L","img":"https://fd2-photos.leclercdrive.fr/image.ashx?id=2699282&use=l&cat=p&typeid=i","cat":284594},{"id":39989,"n":"Savon douceur Manava 1/4 de crème 100g","p":0.93,"u":"9,30 €/KG","img":"https://fd2-photos.leclercdrive.fr/image.ashx?id=2331318&use=l&cat=p&typeid=i","cat":284597},{"id":39990,"n":"Savon Manava Fleur de Tiaré orchidée 100g","p":0.89,"u":"8,90 €/KG","img":"https://fd2-photos.leclercdrive.fr/image.ashx?id=2751898&use=l&cat=p&typeid=i","cat":284597},{"id":39994,"n":"Lait douche Manava Fleur d'oranger 250ml","p":1.29,"u":"5,16 €/L","img":"https://fd2-photos.leclercdrive.fr/image.ashx?id=2618335&use=l&cat=p&typeid=i","cat":284594},{"id":39995,"n":"Recharge gel lavant Manava Savon de Marseil. Olive - 250ml","p":0.66,"u":"2,64 €/L","img":"https://fd2-photos.leclercdrive.fr/image.ashx?id=2935501&use=l&cat=p&typeid=i","cat":284597},{"id":40003,"n":"Saucisson Justin Bridou La Juste Sèche - 275g","p":3.62,"u":"13,16 €/KG","img":"https://fd2-photos.leclercdrive.fr/image.ashx?id=2756927&use=l&cat=p&typeid=i","cat":316006},{"id":40004,"n":"Saucisson Mini Justin Bridou  Bâton de Berger - 100g","p":2.19,"u":"21,90 €/KG","img":"https://fd2-photos.leclercdrive.fr/image.ashx?id=3011440&use=l&cat=p&typeid=i","cat":316006},{"id":40006,"n":"Houmous Extra l'Atelier Blini 175g","p":2.49,"u":"14,23 €/KG","img":"https://fd2-photos.leclercdrive.fr/image.ashx?id=2795093&use=l&cat=p&typeid=i","cat":315999},{"id":40010,"n":"Emiettés de thon chorizo  Gastromer - 150g","p":1.99,"pp":1.31,"u":"8,73 €/KG","img":"https://fd2-photos.leclercdrive.fr/image.ashx?id=2049910&use=l&cat=p&typeid=i","cat":285191},{"id":40015,"n":"Tarama Blini Extra - 175g","p":2.79,"u":"15,94 €/KG","img":"https://fd2-photos.leclercdrive.fr/image.ashx?id=2795096&use=l&cat=p&typeid=i","cat":315999},{"id":40017,"n":"Tzatziki Blini Extra - 175g","p":2.39,"u":"13,66 €/KG","img":"https://fd2-photos.leclercdrive.fr/image.ashx?id=2973703&use=l&cat=p&typeid=i","cat":315999},{"id":40027,"n":"Tartinable Thon Cap Océan MSC Fromage Frais Ciboulette - 140g","p":1.88,"u":"13,43 €/KG","img":"https://fd2-photos.leclercdrive.fr/image.ashx?id=2434425&use=l&cat=p&typeid=i","cat":285191},{"id":40033,"n":"Yaourt nature sucré Yoplait - 16x125g","p":3.27,"u":"1,64 €/KG","img":"https://fd2-photos.leclercdrive.fr/image.ashx?id=2796821&use=l&cat=p&typeid=i","cat":284409},{"id":40034,"n":"Menthe Pastille Giffard 24%vol - 70cl","p":11.85,"pp":10.85,"u":"15,50 €/L","img":"https://fd2-photos.leclercdrive.fr/image.ashx?id=2529903&use=l&cat=p&typeid=i","cat":286032},{"id":40038,"n":"Bière Lindemans Kriek 3.5%vol. - 25cl","p":1.69,"u":"6,76 €/L","img":"https://fd2-photos.leclercdrive.fr/image.ashx?id=2830894&use=l&cat=p&typeid=i","cat":334872},{"id":40051,"n":"Crêpes bretonnes Saint Michel Nature - x12 - 315g","p":1.7,"u":"5,40 €/KG","img":"https://fd2-photos.leclercdrive.fr/image.ashx?id=2060238&use=l&cat=p&typeid=i","cat":284494},{"id":40053,"n":"Saucisse aux herbes x5 Hénaff - 277g","p":5.57,"u":"20,11 €/KG","img":"https://fd2-photos.leclercdrive.fr/image.ashx?id=2795171&use=l&cat=p&typeid=i","cat":284334},{"id":40055,"n":"Saucisse Henaff x2 Nature - 250g","p":4.45,"u":"17,80 €/KG","img":"https://fd2-photos.leclercdrive.fr/image.ashx?id=2812885&use=l&cat=p&typeid=i","cat":284334},{"id":40089,"n":"Gel douche Manava Cranberry myrtille - 250ml","p":1.15,"u":"4,60 €/L","img":"https://fd2-photos.leclercdrive.fr/image.ashx?id=2626802&use=l&cat=p&typeid=i","cat":284594},{"id":40090,"n":"Lait corps Inell Nourrissant - 250ml","p":2.35,"u":"9,40 €/L","img":"https://fd2-photos.leclercdrive.fr/image.ashx?id=2691661&use=l&cat=p&typeid=i","cat":325349},{"id":40102,"n":"Savon de toilette Manava Fleur oranger 100g","p":0.79,"u":"7,90 €/KG","img":"https://fd2-photos.leclercdrive.fr/image.ashx?id=2348670&use=l&cat=p&typeid=i","cat":284597},{"id":40122,"n":"AOP Côtes de Provence vin rosé Terres Ocrées - 75cl - 13%","p":4.99,"u":"6,65 €/L","img":"https://fd2-photos.leclercdrive.fr/image.ashx?id=2896895&use=l&cat=p&typeid=i","cat":289558},{"id":40135,"n":"Biscottes Heudebert  Nature - 300g","p":1.31,"u":"4,37 €/KG","img":"https://fd2-photos.leclercdrive.fr/image.ashx?id=2368291&use=l&cat=p&typeid=i","cat":284479},{"id":40142,"n":"Compote Douceur du Verger Coupelle multivariétés -16x100g","p":3.99,"u":"2,49 €/KG","img":"https://fd2-photos.leclercdrive.fr/image.ashx?id=2663533&use=l&cat=p&typeid=i","cat":284508},{"id":40169,"n":"IGP Sel fin Le Guérandais  Label rouge - 250g","p":1.94,"u":"7,76 €/KG","img":"https://fd2-photos.leclercdrive.fr/image.ashx?id=2457887&use=l&cat=p&typeid=i","cat":284457},{"id":40180,"n":"Emiettés surimi crabe Gastromer 150g","p":1.99,"pp":1.31,"u":"8,73 €/KG","img":"https://fd2-photos.leclercdrive.fr/image.ashx?id=1605662&use=l&cat=p&typeid=i","cat":285191},{"id":40214,"n":"Sauce Pesto Barilla Basilic et Roquette - 190g","p":1.87,"u":"9,84 €/KG","img":"https://fd2-photos.leclercdrive.fr/image.ashx?id=2457980&use=l&cat=p&typeid=i","cat":287599},{"id":40215,"n":"Petit pot soir Babybio Bio P.pois maïs riz, 6 mois 2x200g","p":2.52,"u":"6,30 €/KG","img":"https://fd2-photos.leclercdrive.fr/image.ashx?id=2827476&use=l&cat=p&typeid=i","cat":312239},{"id":40277,"n":"Barres glacées Bounty  Chocolat & Noix de Coco x6 235g","p":2.31,"u":"9,83 €/KG","img":"https://fd2-photos.leclercdrive.fr/image.ashx?id=1935069&use=l&cat=p&typeid=i","cat":284264},{"id":40278,"n":"Barres glacées Twix  Caramel & Biscuit x6 - 205g","p":2.57,"u":"12,54 €/KG","img":"https://fd2-photos.leclercdrive.fr/image.ashx?id=2906742&use=l&cat=p&typeid=i","cat":284264},{"id":40279,"n":"Jus innocent orange sans pulpe 900ml","p":2.32,"u":"2,58 €/L","img":"https://fd2-photos.leclercdrive.fr/image.ashx?id=2736583&use=l&cat=p&typeid=i","cat":285435},{"id":40311,"n":"Biscuits cacao P'tit Déli Chocolat noir/blanc - 115g","p":2.0,"u":"17,39 €/KG","img":"https://fd2-photos.leclercdrive.fr/image.ashx?id=2566197&use=l&cat=p&typeid=i","cat":284488},{"id":40318,"n":"Mini cornichons Rustica 210g","p":2.03,"u":"9,67 €/KG","img":"https://fd2-photos.leclercdrive.fr/image.ashx?id=2916704&use=l&cat=p&typeid=i","cat":284458},{"id":40329,"n":"Chocolat en poudre Equador Pur Cacao non sucré - 250g","p":3.28,"u":"13,12 €/KG","img":"https://fd2-photos.leclercdrive.fr/image.ashx?id=2120290&use=l&cat=p&typeid=i","cat":284504},{"id":40330,"n":"Sablés P'tit Déli Pur beurre framboise - 100g","p":1.18,"u":"11,80 €/KG","img":"https://fd2-photos.leclercdrive.fr/image.ashx?id=2669747&use=l&cat=p&typeid=i","cat":284487},{"id":40332,"n":"Bière aromatisée Desperados 5.9%vol. - 20x25cl","p":18.39,"u":"3,68 €/L","img":"https://fd2-photos.leclercdrive.fr/image.ashx?id=2977300&use=l&cat=p&typeid=i","cat":334878},{"id":40336,"n":"Bière blonde Heineken 12x33cl","p":11.3,"u":"2,85 €/L","img":"https://fd2-photos.leclercdrive.fr/image.ashx?id=3008110&use=l&cat=p&typeid=i","cat":334873},{"id":40412,"n":"Thon entier Petit Navire Huile de tournesol - 160g","p":1.9,"u":"11,88 €/KG","img":"https://fd2-photos.leclercdrive.fr/image.ashx?id=2523846&use=l&cat=p&typeid=i","cat":303867},{"id":40430,"n":"Plat bébé soir Blédiner 8 mois  Patate douce carotte - 2x200g","p":2.21,"u":"5,53 €/KG","img":"https://fd2-photos.leclercdrive.fr/image.ashx?id=2902969&use=l&cat=p&typeid=i","cat":312239},{"id":40490,"n":"Compote Andros Pomme abricot - 8x100g","p":2.67,"u":"3,34 €/KG","img":"https://fd2-photos.leclercdrive.fr/image.ashx?id=2968097&use=l&cat=p&typeid=i","cat":284416},{"id":40491,"n":"Compotes Andros Pomme poire 8x100g","p":2.58,"u":"3,23 €/KG","img":"https://fd2-photos.leclercdrive.fr/image.ashx?id=2883943&use=l&cat=p&typeid=i","cat":284416},{"id":40493,"n":"Panna Cotta Délisse Fruits rouges - 4x90g","p":2.19,"u":"6,08 €/KG","img":"https://fd2-photos.leclercdrive.fr/image.ashx?id=1846157&use=l&cat=p&typeid=i","cat":284419},{"id":40495,"n":"Gâteau mix max Balconi Cacao 350g","p":1.9,"u":"5,43 €/KG","img":"https://fd2-photos.leclercdrive.fr/image.ashx?id=2878408&use=l&cat=p&typeid=i","cat":284495},{"id":40516,"n":"Compote Douceur du Verger Gourdes multivariétés - 12x90g","p":4.09,"u":"3,79 €/KG","img":"https://fd2-photos.leclercdrive.fr/image.ashx?id=2837048&use=l&cat=p&typeid=i","cat":284508},{"id":40518,"n":"Kit burritos Old El Paso extra doux - 491g","p":4.48,"u":"9,12 €/KG","img":"https://fd2-photos.leclercdrive.fr/image.ashx?id=2759496&use=l&cat=p&typeid=i","cat":288993},{"id":40519,"n":"Kit fajitas Old El Paso extra doux - 478g","p":4.79,"u":"10,02 €/KG","img":"https://fd2-photos.leclercdrive.fr/image.ashx?id=2765405&use=l&cat=p&typeid=i","cat":288993},{"id":40586,"n":"Glaces Yéti Best Of - 8 bâtonnets - 360g","p":3.69,"u":"10,25 €/KG","img":"https://fd2-photos.leclercdrive.fr/image.ashx?id=1921194&use=l&cat=p&typeid=i","cat":285250},{"id":40610,"n":"Pérail Lou Pérac Fromage de brebis - 100g","p":2.09,"u":"20,90 €/KG","img":"https://fd2-photos.leclercdrive.fr/image.ashx?id=2848545&use=l&cat=p&typeid=i","cat":314031},{"id":40612,"n":"Fromage de Brebis Etorki  180g","p":3.45,"u":"19,17 €/KG","img":"https://fd2-photos.leclercdrive.fr/image.ashx?id=2702816&use=l&cat=p&typeid=i","cat":329184},{"id":40620,"n":"Jus innocent  orange sans pulpe 1.5L","p":3.31,"u":"2,21 €/L","img":"https://fd2-photos.leclercdrive.fr/image.ashx?id=2889811&use=l&cat=p&typeid=i","cat":285435},{"id":40625,"n":"AOC Fronton vin rosé Terrasses d'Autan - 75cl","p":2.99,"u":"3,99 €/L","img":"https://fd2-photos.leclercdrive.fr/image.ashx?id=1913072&use=l&cat=p&typeid=i","cat":289558},{"id":40626,"n":"AOC Rosé de Loire vin rosé Les Caractères - 75cl","p":3.69,"u":"4,92 €/L","img":"https://fd2-photos.leclercdrive.fr/image.ashx?id=2756149&use=l&cat=p&typeid=i","cat":289558},{"id":40627,"n":"AOC Rosé d'Anjou vin rosé Les Caractères - 75cl","p":3.89,"u":"5,19 €/L","img":"https://fd2-photos.leclercdrive.fr/image.ashx?id=2925707&use=l&cat=p&typeid=i","cat":289558},{"id":40628,"n":"AOC vin rouge Bergerac Bio Terrasses d'Autan - 75cl","p":3.99,"u":"5,32 €/L","img":"https://fd2-photos.leclercdrive.fr/image.ashx?id=2900202&use=l&cat=p&typeid=i","cat":289556},{"id":40631,"n":"Levure Chimique Alsacienne alsa 8 sachets - 88g","p":0.69,"u":"7,84 €/KG","img":"https://fd2-photos.leclercdrive.fr/image.ashx?id=3009335&use=l&cat=p&typeid=i","cat":294686},{"id":40667,"n":"Shampooing Vitanove Nutrition - 750ml","p":3.99,"u":"5,32 €/L","img":"https://fd2-photos.leclercdrive.fr/image.ashx?id=2478925&use=l&cat=p&typeid=i","cat":284606},{"id":40670,"n":"Shampooing Vitanove Couleur - 750ml","p":3.99,"u":"5,32 €/L","img":"https://fd2-photos.leclercdrive.fr/image.ashx?id=1923577&use=l&cat=p&typeid=i","cat":284606},{"id":40676,"n":"Beurre Tendre Président Demi-sel - 80% MG - 250g","p":3.18,"u":"12,72 €/KG","img":"https://fd2-photos.leclercdrive.fr/image.ashx?id=2731420&use=l&cat=p&typeid=i","cat":284379},{"id":40708,"n":"IGP Gard vin rosé Rives & Terrasses 12% vol - BIB 5L","p":13.99,"u":"2,80 €/L","img":"https://fd2-photos.leclercdrive.fr/image.ashx?id=2882325&use=l&cat=p&typeid=i","cat":289560},{"id":40723,"n":"Fromage à tartiner Les Croisés Echalote et Ciboulette - 150g","p":1.66,"u":"11,07 €/KG","img":"https://fd2-photos.leclercdrive.fr/image.ashx?id=2476158&use=l&cat=p&typeid=i","cat":314029},{"id":40774,"n":"Lingettes nettoyantes La Croix Désinfectant Javel - x 25","p":1.47,"u":"0,06 €/P","img":"https://fd2-photos.leclercdrive.fr/image.ashx?id=2540106&use=l&cat=p&typeid=i","cat":325358},{"id":40789,"n":"Yaourts à boire Délisse Fraise - 8x100g","p":1.95,"u":"2,44 €/KG","img":"https://fd2-photos.leclercdrive.fr/image.ashx?id=2762504&use=l&cat=p&typeid=i","cat":284415},{"id":40790,"n":"Yaourt brassé Bio Bio Village Nature - 4x125g","p":1.2,"u":"2,40 €/KG","img":"https://fd2-photos.leclercdrive.fr/image.ashx?id=2064624&use=l&cat=p&typeid=i","cat":284409},{"id":40796,"n":"Rôti de porc Tradilège Supérieur Maxiformat 8tr- 240 g","p":3.17,"u":"13,21 €/KG","img":"https://fd2-photos.leclercdrive.fr/image.ashx?id=2930763&use=l&cat=p&typeid=i","cat":316009},{"id":40799,"n":"Cylindre d'échange CO2 Sodastream - à visser - 60L","p":11.4,"img":"https://fd2-photos.leclercdrive.fr/image.ashx?id=2858690&use=l&cat=p&typeid=i","cat":335916},{"id":40870,"n":"Purée de courgettes Florette 2x200g","p":2.6,"u":"6,50 €/KG","img":"https://fd2-photos.leclercdrive.fr/image.ashx?id=2790006&use=l&cat=p&typeid=i","cat":333665},{"id":40872,"n":"Ecrasé de légumes Florette Pomme de terre carottes 2x200g","p":2.9,"u":"7,25 €/KG","img":"https://fd2-photos.leclercdrive.fr/image.ashx?id=2767696&use=l&cat=p&typeid=i","cat":333665},{"id":40904,"n":"Pesto rosso Turini 190g","p":1.68,"u":"8,84 €/KG","img":"https://fd2-photos.leclercdrive.fr/image.ashx?id=2546257&use=l&cat=p&typeid=i","cat":287599},{"id":40908,"n":"Sauce pizza Tomapizza Panzani aux tomates et origan - 390g","p":1.34,"u":"3,44 €/KG","img":"https://fd2-photos.leclercdrive.fr/image.ashx?id=2744626&use=l&cat=p&typeid=i","cat":288384},{"id":40944,"n":"Whisky Singleton Duftown 12 ans - 70cl","p":28.99,"u":"41,41 €/L","img":"https://fd2-photos.leclercdrive.fr/image.ashx?id=2149453&use=l&cat=p&typeid=i","cat":284547},{"id":40946,"n":"Whisky Chivas Regal 18 ans Blended Scotch 40% vol - 70cl","p":50.9,"pp":45.81,"u":"65,44 €/L","img":"https://fd2-photos.leclercdrive.fr/image.ashx?id=2884084&use=l&cat=p&typeid=i","cat":284547},{"id":40967,"n":"AOP Bourgogne Aligoté vin blanc Antoine Barrier - 75cl","p":6.49,"u":"8,65 €/L","img":"https://fd2-photos.leclercdrive.fr/image.ashx?id=2883011&use=l&cat=p&typeid=i","cat":289557},{"id":40968,"n":"AOP Bordeaux Supérieur rouge Château Labatut Prestige - 75cl","p":6.46,"u":"8,61 €/L","img":"https://fd2-photos.leclercdrive.fr/image.ashx?id=2860973&use=l&cat=p&typeid=i","cat":289556},{"id":40988,"n":"Détachant Ace Délicat Système 8+ 2L","p":4.43,"u":"2,22 €/L","img":"https://fd2-photos.leclercdrive.fr/image.ashx?id=2559152&use=l&cat=p&typeid=i","cat":284651},{"id":41006,"n":"Biscuits chien Pedigree Markies fourrés - 500g","p":1.74,"u":"3,48 €/KG","img":"https://fd2-photos.leclercdrive.fr/image.ashx?id=2254319&use=l&cat=p&typeid=i","cat":294527},{"id":41018,"n":"Pur jus d'ananas Jafaden Bouteille 1L","p":1.99,"u":"1,99 €/L","img":"https://fd2-photos.leclercdrive.fr/image.ashx?id=2956729&use=l&cat=p&typeid=i","cat":284916},{"id":41019,"n":"Pur jus de raisin Jafaden Bouteille 1L","p":1.54,"u":"1,54 €/L","img":"https://fd2-photos.leclercdrive.fr/image.ashx?id=2860757&use=l&cat=p&typeid=i","cat":284915},{"id":41020,"n":"Pur jus Jafaden Clémentine - 1L","p":1.91,"u":"1,91 €/L","img":"https://fd2-photos.leclercdrive.fr/image.ashx?id=2895786&use=l&cat=p&typeid=i","cat":284915},{"id":41053,"n":"Poêlée Paysan Breton Aux 5 légumes - 1kg","p":3.19,"u":"3,19 €/KG","img":"https://fd2-photos.leclercdrive.fr/image.ashx?id=2882403&use=l&cat=p&typeid=i","cat":319823},{"id":41054,"n":"Poêlée poisson Paysan Breton 1kg","p":3.1,"u":"3,10 €/KG","img":"https://fd2-photos.leclercdrive.fr/image.ashx?id=2882400&use=l&cat=p&typeid=i","cat":319823},{"id":41063,"n":"Anchois Fumeries Occitanes A la crème d'ail - 200g","p":4.3,"u":"21,50 €/KG","img":"https://fd2-photos.leclercdrive.fr/image.ashx?id=1912736&use=l&cat=p&typeid=i","cat":285190},{"id":41111,"n":"Confiture Les Recettes Cuites 4 agrumes 320g","p":1.96,"u":"6,13 €/KG","img":"https://fd2-photos.leclercdrive.fr/image.ashx?id=1638433&use=l&cat=p&typeid=i","cat":284480},{"id":41140,"n":"Filets maquereaux Pêche Océan Naturel - 95g","p":1.48,"u":"15,58 €/KG","img":"https://fd2-photos.leclercdrive.fr/image.ashx?id=2515685&use=l&cat=p&typeid=i","cat":303868},{"id":41147,"n":"Bain de bouche Dentamyl Expert Sensitive - 500ml","p":1.89,"u":"3,78 €/L","img":"https://fd2-photos.leclercdrive.fr/image.ashx?id=2594570&use=l&cat=p&typeid=i","cat":284613},{"id":41161,"n":"Olives Apéritives A la provençale - 250g","p":2.8,"u":"11,20 €/KG","img":"https://fd2-photos.leclercdrive.fr/image.ashx?id=2833699&use=l&cat=p&typeid=i","cat":316002},{"id":41162,"n":"Olives Apéritives Cassées à l'ail - 250g","p":2.8,"u":"11,20 €/KG","img":"https://fd2-photos.leclercdrive.fr/image.ashx?id=2833696&use=l&cat=p&typeid=i","cat":316002},{"id":41168,"n":"Alcool pour fruits Dob 40° - 1L","p":15.9,"u":"15,90 €/L","img":"https://fd2-photos.leclercdrive.fr/image.ashx?id=2179356&use=l&cat=p&typeid=i","cat":286032},{"id":41188,"n":"Captain Morgan Original Spiced Boisson à base de rhum- 70cl","p":12.06,"u":"17,23 €/L","img":"https://fd2-photos.leclercdrive.fr/image.ashx?id=2518403&use=l&cat=p&typeid=i","cat":284551},{"id":41190,"n":"Liqueur de Whisky Jack Daniel's Honey 70cL","p":19.95,"pp":17.95,"u":"25,64 €/L","img":"https://fd2-photos.leclercdrive.fr/image.ashx?id=2973982&use=l&cat=p&typeid=i","cat":286032},{"id":41192,"n":"Absorbeur Aero 360° Rubson Stop humidité - 20m²+1 recharge","p":21.9,"img":"https://fd2-photos.leclercdrive.fr/image.ashx?id=2380955&use=l&cat=p&typeid=i","cat":300576},{"id":41209,"n":"Caviar d'aubergine Cruscana 150g","p":2.69,"u":"17,93 €/KG","img":"https://fd2-photos.leclercdrive.fr/image.ashx?id=1946336&use=l&cat=p&typeid=i","cat":315999},{"id":41211,"n":"Tomate et basilic Cruscana 150g","p":2.89,"u":"19,27 €/KG","img":"https://fd2-photos.leclercdrive.fr/image.ashx?id=2790630&use=l&cat=p&typeid=i","cat":315999},{"id":41223,"n":"Chips natures paysannes Bret's Au sel de Guérande 250g","p":2.24,"u":"8,96 €/KG","img":"https://fd2-photos.leclercdrive.fr/image.ashx?id=2217651&use=l&cat=p&typeid=i","cat":284447},{"id":41237,"n":"Beurre La Motte Président Doux - 82%mg - 250g","p":3.19,"u":"12,76 €/KG","img":"https://fd2-photos.leclercdrive.fr/image.ashx?id=2896955&use=l&cat=p&typeid=i","cat":284379},{"id":41238,"n":"Beurre La Motte Président Sel de mer - 80% MG - 250g","p":3.19,"u":"12,76 €/KG","img":"https://fd2-photos.leclercdrive.fr/image.ashx?id=2896958&use=l&cat=p&typeid=i","cat":284379},{"id":41265,"n":"Abricots pelés St Mamet Boîte 4/4 475g","p":3.58,"u":"7,54 €/KG","img":"https://fd2-photos.leclercdrive.fr/image.ashx?id=2593896&use=l&cat=p&typeid=i","cat":284507},{"id":41268,"n":"Croquettes chat  Eco+ Viandes légumes-  2kg","p":2.33,"u":"1,17 €/KG","img":"https://fd2-photos.leclercdrive.fr/image.ashx?id=2303000&use=l&cat=p&typeid=i","cat":284680},{"id":41270,"n":"Croquettes chiens Fido Adulte - Boeuf - 3kg","p":7.46,"u":"2,49 €/KG","img":"https://fd2-photos.leclercdrive.fr/image.ashx?id=2973291&use=l&cat=p&typeid=i","cat":284672},{"id":41271,"n":"Croquettes chiens Eco+ Adulte - Boeuf - 10kg","p":9.97,"u":"1,00 €/KG","img":"https://fd2-photos.leclercdrive.fr/image.ashx?id=2368647&use=l&cat=p&typeid=i","cat":284672},{"id":41275,"n":"Croquettes chat Purina One Sterilisé - Poulet - 1,5kg","p":6.73,"u":"4,49 €/KG","img":"https://fd2-photos.leclercdrive.fr/image.ashx?id=2488046&use=l&cat=p&typeid=i","cat":284680},{"id":41278,"n":"Croquettes chiens Eco+ Adulte - Viande -  4kg","p":3.93,"u":"0,98 €/KG","img":"https://fd2-photos.leclercdrive.fr/image.ashx?id=2046986&use=l&cat=p&typeid=i","cat":284672},{"id":41283,"n":"Sachets pour chats Gourmet Multivariétés - 12x85g","p":5.44,"u":"5,33 €/KG","img":"https://fd2-photos.leclercdrive.fr/image.ashx?id=2902343&use=l&cat=p&typeid=i","cat":285286},{"id":41285,"n":"Croquettes chaton Purina One  Junior -Poulet/Céréales - 1,5kg","p":7.15,"u":"4,77 €/KG","img":"https://fd2-photos.leclercdrive.fr/image.ashx?id=2433563&use=l&cat=p&typeid=i","cat":284680},{"id":41286,"n":"Croquettes chat Purina One  Stérilisé Adulte-Saumon/Blé-3kg","p":12.79,"u":"4,26 €/KG","img":"https://fd2-photos.leclercdrive.fr/image.ashx?id=2488049&use=l&cat=p&typeid=i","cat":284680},{"id":41289,"n":"Croquettes chat Purina One Urinary care - Poulet - 450g","p":2.69,"u":"5,98 €/KG","img":"https://fd2-photos.leclercdrive.fr/image.ashx?id=2459940&use=l&cat=p&typeid=i","cat":284680},{"id":41291,"n":"Croquettes chat Purina One Stérilisé Adulte-Boeuf/blé -3kg","p":12.86,"u":"4,29 €/KG","img":"https://fd2-photos.leclercdrive.fr/image.ashx?id=2488043&use=l&cat=p&typeid=i","cat":284680},{"id":41293,"n":"Sachets repas chats Purina One Stérilisés - Saumon Dinde 4x85g","p":2.05,"u":"6,03 €/KG","img":"https://fd2-photos.leclercdrive.fr/image.ashx?id=2902349&use=l&cat=p&typeid=i","cat":285286},{"id":41337,"n":"Lait céréales Blédidej 9 mois Madeleine - 4x250ml","p":3.35,"u":"3,35 €/L","img":"https://fd2-photos.leclercdrive.fr/image.ashx?id=2921052&use=l&cat=p&typeid=i","cat":312226},{"id":41357,"n":"Steak *** Charal 130g","p":4.04,"u":"31,08 €/KG","img":"https://fd2-photos.leclercdrive.fr/image.ashx?id=1893005&use=l&cat=p&typeid=i","cat":284328},{"id":41358,"n":"Tournedos *** Charal 280g","p":12.7,"u":"45,36 €/KG","img":"https://fd2-photos.leclercdrive.fr/image.ashx?id=2421159&use=l&cat=p&typeid=i","cat":284328},{"id":41359,"n":"Bavette d'Aloyau *** Charal 260g","p":9.55,"u":"36,73 €/KG","img":"https://fd2-photos.leclercdrive.fr/image.ashx?id=1889183&use=l&cat=p&typeid=i","cat":284328},{"id":41361,"n":"Croque monsieur Côté Croc Maxi - 2x150g","p":2.49,"u":"8,30 €/KG","img":"https://fd2-photos.leclercdrive.fr/image.ashx?id=2852240&use=l&cat=p&typeid=i","cat":333671},{"id":41364,"n":"Cordon bleu Côté Croc Comté - 200g","p":2.05,"u":"10,25 €/KG","img":"https://fd2-photos.leclercdrive.fr/image.ashx?id=2800240&use=l&cat=p&typeid=i","cat":333683},{"id":41366,"n":"Nuggets de poulet Côté Croc Croustillant - 200g","p":1.79,"u":"8,95 €/KG","img":"https://fd2-photos.leclercdrive.fr/image.ashx?id=2462257&use=l&cat=p&typeid=i","cat":333684},{"id":41420,"n":"Quiche Lorraine  Qualité Traiteur - 2x140g","p":4.91,"u":"17,54 €/KG","img":"https://fd2-photos.leclercdrive.fr/image.ashx?id=2856380&use=l&cat=p&typeid=i","cat":333680},{"id":41422,"n":"Fromage à Tartiner St Môret  Nature - 300g","p":3.25,"u":"10,83 €/KG","img":"https://fd2-photos.leclercdrive.fr/image.ashx?id=2755465&use=l&cat=p&typeid=i","cat":314029},{"id":41447,"n":"Fromage fruité bloc Les Croisés 220g","p":2.75,"u":"12,50 €/KG","img":"https://fd2-photos.leclercdrive.fr/image.ashx?id=1961168&use=l&cat=p&typeid=i","cat":314034},{"id":41460,"n":"Pain de mie 100% Mie Harrys Complet sans croûte - 500g","p":1.82,"u":"3,64 €/KG","img":"https://fd2-photos.leclercdrive.fr/image.ashx?id=2731864&use=l&cat=p&typeid=i","cat":284477},{"id":41463,"n":"Autocollants Insectivor Anti-mouches - x4","p":2.54,"u":"0,64 €/P","img":"https://fd2-photos.leclercdrive.fr/image.ashx?id=2606828&use=l&cat=p&typeid=i","cat":298368},{"id":41464,"n":"Purée de tomates Turini Brique 500g","p":0.75,"u":"1,50 €/KG","img":"https://fd2-photos.leclercdrive.fr/image.ashx?id=1686100&use=l&cat=p&typeid=i","cat":288384},{"id":41467,"n":"Sauce Pesto Tradizioni d'Italia Rosso - 180g","p":1.82,"u":"10,11 €/KG","img":"https://fd2-photos.leclercdrive.fr/image.ashx?id=2840034&use=l&cat=p&typeid=i","cat":287599},{"id":41478,"n":"Mouchoirs blancs 3 plis Univert Boîte mouchoirs en papier -x100","p":1.55,"u":"0,02 €/P","img":"https://fd2-photos.leclercdrive.fr/image.ashx?id=1960038&use=l&cat=p&typeid=i","cat":284638},{"id":41488,"n":"Sachets Insectivor Anti-mites anti-acariens - x24","p":2.89,"u":"0,12 €/P","img":"https://fd2-photos.leclercdrive.fr/image.ashx?id=2852952&use=l&cat=p&typeid=i","cat":298368},{"id":41492,"n":"Tartines croustillantes Wasa Fibres - 230g","p":1.54,"u":"6,70 €/KG","img":"https://fd2-photos.leclercdrive.fr/image.ashx?id=3011854&use=l&cat=p&typeid=i","cat":284479},{"id":41493,"n":"Tartines croustillantes Wasa Authentique - 275g","p":1.46,"u":"5,31 €/KG","img":"https://fd2-photos.leclercdrive.fr/image.ashx?id=3011857&use=l&cat=p&typeid=i","cat":284479},{"id":41517,"n":"Couches bébé Mots d'Enfants T6 Douceur - 16kg+ - x58 changes","p":12.75,"img":"https://fd2-photos.leclercdrive.fr/image.ashx?id=2904577&use=l&cat=p&typeid=i","cat":284737},{"id":41524,"n":"Ossau Iraty AOP Istara Fromage de brebis - 180g","p":3.64,"u":"20,22 €/KG","img":"https://fd2-photos.leclercdrive.fr/image.ashx?id=2766193&use=l&cat=p&typeid=i","cat":329184},{"id":41532,"n":"Gressins Tradizioni d'Italia A la turinoise - 250g","p":2.29,"u":"9,16 €/KG","img":"https://fd2-photos.leclercdrive.fr/image.ashx?id=2743918&use=l&cat=p&typeid=i","cat":297000},{"id":41551,"n":"Soda Schweppes Saveur Citron - 1,5L","p":1.95,"u":"1,30 €/L","img":"https://fd2-photos.leclercdrive.fr/image.ashx?id=2852417&use=l&cat=p&typeid=i","cat":284532},{"id":41556,"n":"Boisson aux fruits Oasis Orange - 2L","p":2.49,"u":"1,25 €/L","img":"https://fd2-photos.leclercdrive.fr/image.ashx?id=2688653&use=l&cat=p&typeid=i","cat":295018},{"id":41579,"n":"Macédoine déjà égouttée D'aucy  530g","p":2.18,"u":"4,11 €/KG","img":"https://fd2-photos.leclercdrive.fr/image.ashx?id=2835833&use=l&cat=p&typeid=i","cat":312612},{"id":41602,"n":"Fond d'artichauts Eco + 210g","p":1.75,"u":"8,33 €/KG","img":"https://fd2-photos.leclercdrive.fr/image.ashx?id=2822917&use=l&cat=p&typeid=i","cat":312611},{"id":41647,"n":"AOP Alsace Gewurztraminer   vin blanc Rebmann - 75 cl","p":5.99,"u":"7,99 €/L","img":"https://fd2-photos.leclercdrive.fr/image.ashx?id=2836322&use=l&cat=p&typeid=i","cat":289557},{"id":41691,"n":"AOP Cabernet d'Anjou BIO vin  rosé Les Caractères - 75cl","p":4.99,"u":"6,65 €/L","img":"https://fd2-photos.leclercdrive.fr/image.ashx?id=2946871&use=l&cat=p&typeid=i","cat":289558},{"id":41700,"n":"Sauce Tomate Cuisinée Heinz Ail & Oignon - 520g","p":1.37,"u":"2,63 €/KG","img":"https://fd2-photos.leclercdrive.fr/image.ashx?id=2950849&use=l&cat=p&typeid=i","cat":288384},{"id":41800,"n":"Mayonnaise Fine & Douce Lesieur 475g","p":2.12,"u":"4,46 €/KG","img":"https://fd2-photos.leclercdrive.fr/image.ashx?id=2918541&use=l&cat=p&typeid=i","cat":298295},{"id":41803,"n":"Asperges vertes d'aucy  21,2cl","p":1.92,"u":"19,20 €/KG","img":"https://fd2-photos.leclercdrive.fr/image.ashx?id=2597723&use=l&cat=p&typeid=i","cat":312611},{"id":41804,"n":"Asperges vertes d'aucy  37cl","p":3.25,"u":"17,57 €/KG","img":"https://fd2-photos.leclercdrive.fr/image.ashx?id=2665901&use=l&cat=p&typeid=i","cat":312611},{"id":41806,"n":"Ketchup nature Amora 850g","p":2.45,"u":"2,88 €/KG","img":"https://fd2-photos.leclercdrive.fr/image.ashx?id=2589690&use=l&cat=p&typeid=i","cat":284455},{"id":41821,"n":"Pomme dauphine Maison Tino 500g","p":4.39,"u":"8,78 €/KG","img":"https://fd2-photos.leclercdrive.fr/image.ashx?id=1746056&use=l&cat=p&typeid=i","cat":333665},{"id":41827,"n":"Nuggets de Poulet Père Dodu   x20 - 400g - Familial","p":4.3,"u":"10,75 €/KG","img":"https://fd2-photos.leclercdrive.fr/image.ashx?id=2957167&use=l&cat=p&typeid=i","cat":333684},{"id":41828,"n":"AOC Bergerac vin rosé  Terrasses d'Autan - 75cl","p":2.99,"u":"3,99 €/L","img":"https://fd2-photos.leclercdrive.fr/image.ashx?id=2865068&use=l&cat=p&typeid=i","cat":289558},{"id":41831,"n":"AOC Bordeaux Sauvignon vin  blanc Chantet Blanet - 75cl","p":3.95,"u":"5,27 €/L","img":"https://fd2-photos.leclercdrive.fr/image.ashx?id=2679750&use=l&cat=p&typeid=i","cat":289557},{"id":41834,"n":"AOC Bandol vin rosé Terres Ocrées - 75cl","p":7.49,"u":"9,99 €/L","img":"https://fd2-photos.leclercdrive.fr/image.ashx?id=2900151&use=l&cat=p&typeid=i","cat":289558},{"id":41835,"n":"AOC Bourgueil vin rouge Les Caractères - 75cl","p":4.49,"u":"5,99 €/L","img":"https://fd2-photos.leclercdrive.fr/image.ashx?id=2776564&use=l&cat=p&typeid=i","cat":289556},{"id":41840,"n":"AOC Costières de Nîmes vin rouge Rives & Terrasses - 75cl","p":2.99,"u":"3,99 €/L","img":"https://fd2-photos.leclercdrive.fr/image.ashx?id=2645800&use=l&cat=p&typeid=i","cat":289556},{"id":41841,"n":"AOP Bordeaux vin rouge Chantet Blanet - 75cl","p":2.89,"u":"3,85 €/L","img":"https://fd2-photos.leclercdrive.fr/image.ashx?id=2741285&use=l&cat=p&typeid=i","cat":289556},{"id":41845,"n":"Génoise fourrée Kinder Pingui Lait et cacao x8 - 240g","p":2.26,"u":"9,42 €/KG","img":"https://fd2-photos.leclercdrive.fr/image.ashx?id=2855352&use=l&cat=p&typeid=i","cat":284420},{"id":41846,"n":"Compotes Andros Panachés 16x100g","p":4.4,"u":"2,75 €/KG","img":"https://fd2-photos.leclercdrive.fr/image.ashx?id=2921343&use=l&cat=p&typeid=i","cat":284416},{"id":41858,"n":"Yaourt SMARTIES Fraise bonbons chocolat 4x120g","p":2.16,"u":"4,50 €/KG","img":"https://fd2-photos.leclercdrive.fr/image.ashx?id=2890046&use=l&cat=p&typeid=i","cat":284414},{"id":41860,"n":"AOC Côtes de Provence vin rosé Prestige Terres Ocrées - 75cl","p":6.49,"u":"8,65 €/L","img":"https://fd2-photos.leclercdrive.fr/image.ashx?id=2925704&use=l&cat=p&typeid=i","cat":289558},{"id":41868,"n":"Bûche de chèvre Soignon 400g","p":4.27,"u":"10,68 €/KG","img":"https://fd2-photos.leclercdrive.fr/image.ashx?id=2840988&use=l&cat=p&typeid=i","cat":314031},{"id":41874,"n":"AOC Muscadet Sèvre et Maine sur Lie Les Caractères - 37,5cl","p":3.29,"u":"8,77 €/L","img":"https://fd2-photos.leclercdrive.fr/image.ashx?id=2958038&use=l&cat=p&typeid=i","cat":289557},{"id":41880,"n":"AOC Graves vin rouge Chantet Blanet - 75cl","p":4.75,"u":"6,33 €/L","img":"https://fd2-photos.leclercdrive.fr/image.ashx?id=2721361&use=l&cat=p&typeid=i","cat":289556},{"id":41882,"n":"AOC Fronton vin rouge Terrasses d'Autan - 75cl","p":2.99,"u":"3,99 €/L","img":"https://fd2-photos.leclercdrive.fr/image.ashx?id=2686476&use=l&cat=p&typeid=i","cat":289556},{"id":41883,"n":"Steaks Hachés Charolais Charal Pur Bœuf 12%MG - 10x100g - 1kg","p":15.23,"u":"15,23 €/KG","img":"https://fd2-photos.leclercdrive.fr/image.ashx?id=2741943&use=l&cat=p&typeid=i","cat":319778},{"id":41903,"n":"Jus de pomme Jafaden A base de concentré - 2L","p":1.85,"u":"0,93 €/L","img":"https://fd2-photos.leclercdrive.fr/image.ashx?id=2470240&use=l&cat=p&typeid=i","cat":284522},{"id":41912,"n":"Sirop fraise de Plougastel NRT 70cl","p":3.2,"u":"4,57 €/L","img":"https://fd2-photos.leclercdrive.fr/image.ashx?id=2590481&use=l&cat=p&typeid=i","cat":295020},{"id":41914,"n":"Crème hydratante Inell Visage-corps 200ml","p":2.07,"u":"10,35 €/L","img":"https://fd2-photos.leclercdrive.fr/image.ashx?id=1903869&use=l&cat=p&typeid=i","cat":325345},{"id":41915,"n":"AOP Morgon vin rouge Antoine Barrier - 75cl","p":6.99,"u":"9,32 €/L","img":"https://fd2-photos.leclercdrive.fr/image.ashx?id=2751907&use=l&cat=p&typeid=i","cat":289556},{"id":41923,"n":"Vin d'Union Européenne rosé Adrien Champaud 11% vol BIB 5L","p":8.49,"u":"1,70 €/L","img":"https://fd2-photos.leclercdrive.fr/image.ashx?id=2959707&use=l&cat=p&typeid=i","cat":289560},{"id":41924,"n":"Vin d'Union Européenne rouge Adrien Champaud 12% vol BIB 5L","p":8.49,"u":"1,70 €/L","img":"https://fd2-photos.leclercdrive.fr/image.ashx?id=2760798&use=l&cat=p&typeid=i","cat":289560},{"id":41990,"n":"Steaks Hachés Limousin Charal Pur Bœuf 12%MG - 8x125g - 1kg","p":17.55,"u":"17,55 €/KG","img":"https://fd2-photos.leclercdrive.fr/image.ashx?id=2974626&use=l&cat=p&typeid=i","cat":319778},{"id":42042,"n":"Purée de potiron Florette 2x200g","p":2.8,"u":"7,00 €/KG","img":"https://fd2-photos.leclercdrive.fr/image.ashx?id=2832062&use=l&cat=p&typeid=i","cat":333665},{"id":42043,"n":"IGP Fleur de sel Le Guérandais Sachet - 250g","p":3.73,"u":"14,92 €/KG","img":"https://fd2-photos.leclercdrive.fr/image.ashx?id=2457884&use=l&cat=p&typeid=i","cat":284457},{"id":42058,"n":"Asperges blanches d'aucy 37cl","p":3.0,"u":"14,63 €/KG","img":"https://fd2-photos.leclercdrive.fr/image.ashx?id=2665895&use=l&cat=p&typeid=i","cat":312611},{"id":42067,"n":"Biscuits p'tit déjeuner BN Chocolat - 200g","p":1.74,"u":"8,70 €/KG","img":"https://fd2-photos.leclercdrive.fr/image.ashx?id=2603468&use=l&cat=p&typeid=i","cat":284491},{"id":42117,"n":"Céréales muesli Bjorg Bio Sans sucre ajoutés - 375g","p":1.88,"u":"5,01 €/KG","img":"https://fd2-photos.leclercdrive.fr/image.ashx?id=2906163&use=l&cat=p&typeid=i","cat":309512},{"id":42123,"n":"Jus de pruneaux Gayelord Hauser - 75cl","p":3.42,"u":"4,56 €/L","img":"https://fd2-photos.leclercdrive.fr/image.ashx?id=2962482&use=l&cat=p&typeid=i","cat":284915},{"id":42140,"n":"Sirop La Maison Guiot Grenadine - 70cl","p":2.85,"u":"4,07 €/L","img":"https://fd2-photos.leclercdrive.fr/image.ashx?id=2857195&use=l&cat=p&typeid=i","cat":295020},{"id":42188,"n":"Fromage fouetté Madame Loïk Échalote Ciboulette - 275g","p":2.64,"u":"9,60 €/KG","img":"https://fd2-photos.leclercdrive.fr/image.ashx?id=2774616&use=l&cat=p&typeid=i","cat":314029},{"id":42218,"n":"Bloc WC Bref Power  Activ'Océan toilettes - 50g x1","p":1.38,"u":"27,60 €/KG","img":"https://fd2-photos.leclercdrive.fr/image.ashx?id=2789802&use=l&cat=p&typeid=i","cat":284662},{"id":42227,"n":"Saucisses épicées x5 Hénaff - 277g","p":5.57,"u":"20,11 €/KG","img":"https://fd2-photos.leclercdrive.fr/image.ashx?id=2795177&use=l&cat=p&typeid=i","cat":284334},{"id":42230,"n":"Saucisses Henaff x5 Aux oignons - 277g","p":5.64,"u":"20,36 €/KG","img":"https://fd2-photos.leclercdrive.fr/image.ashx?id=2795168&use=l&cat=p&typeid=i","cat":284334},{"id":42236,"n":"Gambas rouge Gimbert Ocean Sauvage royale 6/8 - 400g","p":12.74,"u":"31,85 €/KG","img":"https://fd2-photos.leclercdrive.fr/image.ashx?id=2889652&use=l&cat=p&typeid=i","cat":319787},{"id":42289,"n":"Huile pimentée pizza Cauvin A l'huile d'olive - 25cl","p":2.57,"u":"10,28 €/L","img":"https://fd2-photos.leclercdrive.fr/image.ashx?id=2539857&use=l&cat=p&typeid=i","cat":284453},{"id":42290,"n":"Huile de colza Eco + 1L","p":1.46,"u":"1,46 €/L","img":"https://fd2-photos.leclercdrive.fr/image.ashx?id=2486769&use=l&cat=p&typeid=i","cat":284453},{"id":42295,"n":"Vinaigrette bi-phase Rustica Vin rouge/échalote - 50cl","p":2.49,"u":"4,98 €/L","img":"https://fd2-photos.leclercdrive.fr/image.ashx?id=2142190&use=l&cat=p&typeid=i","cat":284456},{"id":42297,"n":"Sauce caesar Rustica 50cl","p":2.59,"u":"5,18 €/L","img":"https://fd2-photos.leclercdrive.fr/image.ashx?id=1972928&use=l&cat=p&typeid=i","cat":284456},{"id":42298,"n":"Boisson végétale Bio Village Avoine bio - 1l","p":1.39,"u":"1,39 €/L","img":"https://fd2-photos.leclercdrive.fr/image.ashx?id=2739538&use=l&cat=p&typeid=i","cat":316067},{"id":42305,"n":"IGP Vinaigre balsamique Maille De Modène - 250ml","p":2.25,"u":"9,00 €/L","img":"https://fd2-photos.leclercdrive.fr/image.ashx?id=2805669&use=l&cat=p&typeid=i","cat":298543},{"id":42311,"n":"Tomate cerise allongée Barquette 500g","p":3.99,"u":"7,98 €/KG","img":"https://fd2-photos.leclercdrive.fr/image.ashx?id=1633307&use=l&cat=p&typeid=i","cat":284352},{"id":42325,"n":"Spray Nettoyant Menager Cif  Antibacterien - 750 ml","p":2.52,"u":"3,36 €/L","img":"https://fd2-photos.leclercdrive.fr/image.ashx?id=2813540&use=l&cat=p&typeid=i","cat":325357},{"id":42331,"n":"Saucisses Knacki Herta Poulet x10 - 350g","p":1.45,"u":"4,14 €/KG","img":"https://fd2-photos.leclercdrive.fr/image.ashx?id=2290431&use=l&cat=p&typeid=i","cat":316012},{"id":42341,"n":"Compotes Pom'Potes Gourdes  Multivariétés Inédits - 12x90g","p":5.53,"u":"5,12 €/KG","img":"https://fd2-photos.leclercdrive.fr/image.ashx?id=2864309&use=l&cat=p&typeid=i","cat":284508},{"id":42428,"n":"Pains au chocolat Pasquier x8 - 360g","p":2.23,"u":"6,19 €/KG","img":"https://fd2-photos.leclercdrive.fr/image.ashx?id=2863446&use=l&cat=p&typeid=i","cat":296366},{"id":42442,"n":"Moutarde forte Eco + 370g","p":0.73,"u":"1,97 €/KG","img":"https://fd2-photos.leclercdrive.fr/image.ashx?id=2954319&use=l&cat=p&typeid=i","cat":288850},{"id":42443,"n":"Cornichons Pasteur Eco + Au vinaigre - 360g","p":1.24,"u":"3,44 €/KG","img":"https://fd2-photos.leclercdrive.fr/image.ashx?id=2974714&use=l&cat=p&typeid=i","cat":284458},{"id":42448,"n":"Capsules Nescafé Dolce Gusto  Ricoré Latte - x16","p":4.88,"u":"29,05 €/KG","img":"https://fd2-photos.leclercdrive.fr/image.ashx?id=2818085&use=l&cat=p&typeid=i","cat":293239},{"id":42449,"n":"Antipasto tomate séchée Sacla 280g","p":2.79,"u":"9,96 €/KG","img":"https://fd2-photos.leclercdrive.fr/image.ashx?id=2290482&use=l&cat=p&typeid=i","cat":284458},{"id":42452,"n":"Moutarde douce Amora Flacon souple - 260g","p":1.96,"u":"7,54 €/KG","img":"https://fd2-photos.leclercdrive.fr/image.ashx?id=3005401&use=l&cat=p&typeid=i","cat":288850},{"id":42461,"n":"Olives vertes Eco + Dénoyautées - 320g","p":1.88,"u":"5,88 €/KG","img":"https://fd2-photos.leclercdrive.fr/image.ashx?id=2609264&use=l&cat=p&typeid=i","cat":284458},{"id":42505,"n":"Crème dessert Mont Blanc Boîte Caramel - 570g","p":2.25,"u":"3,95 €/KG","img":"https://fd2-photos.leclercdrive.fr/image.ashx?id=3011599&use=l&cat=p&typeid=i","cat":284506},{"id":42508,"n":"Cookies Nestlé Dessert Pépites de chocolat - 351g","p":3.95,"u":"11,25 €/KG","img":"https://fd2-photos.leclercdrive.fr/image.ashx?id=2848382&use=l&cat=p&typeid=i","cat":284505},{"id":42560,"n":"Jus innocent ananas passion 900ml","p":2.52,"u":"2,80 €/L","img":"https://fd2-photos.leclercdrive.fr/image.ashx?id=2861740&use=l&cat=p&typeid=i","cat":285435},{"id":42565,"n":"Vinaigre blanc d'alcool Eco +  - 1,5L","p":0.6,"u":"0,40 €/L","img":"https://fd2-photos.leclercdrive.fr/image.ashx?id=2729269&use=l&cat=p&typeid=i","cat":298543},{"id":42566,"n":"Céréales fourrées bio Bio Village - Tout choco - 375g","p":3.85,"u":"10,27 €/KG","img":"https://fd2-photos.leclercdrive.fr/image.ashx?id=2722402&use=l&cat=p&typeid=i","cat":309513},{"id":42567,"n":"Pâte à tartiner Bio Jardin Bio - 750g","p":6.57,"u":"8,76 €/KG","img":"https://fd2-photos.leclercdrive.fr/image.ashx?id=2918925&use=l&cat=p&typeid=i","cat":284481},{"id":42569,"n":"Double concentré Bio Jardin Bio Tomate - 140g","p":0.9,"u":"6,43 €/KG","img":"https://fd2-photos.leclercdrive.fr/image.ashx?id=2944867&use=l&cat=p&typeid=i","cat":288384},{"id":42624,"n":"Pâtes coudes rayés Panzani 1kg","p":2.06,"u":"2,06 €/KG","img":"https://fd2-photos.leclercdrive.fr/image.ashx?id=2876029&use=l&cat=p&typeid=i","cat":284427},{"id":42628,"n":"Chips Bret's Fromage du Jura - 125g","p":1.1,"u":"8,80 €/KG","img":"https://fd2-photos.leclercdrive.fr/image.ashx?id=1916976&use=l&cat=p&typeid=i","cat":284447},{"id":42655,"n":"Huile merveilleuse Garnier Huile d'argan & camélia - 150ml","p":6.08,"u":"40,53 €/L","img":"https://fd2-photos.leclercdrive.fr/image.ashx?id=2661730&use=l&cat=p&typeid=i","cat":284608},{"id":42682,"n":"Parmigiano Tradizioni d'Italia Reggiano AOP 30 mois - 200g","p":5.99,"u":"29,95 €/KG","img":"https://fd2-photos.leclercdrive.fr/image.ashx?id=2661963&use=l&cat=p&typeid=i","cat":314034},{"id":42703,"n":"P'tit Basque Istara Fromage de brebis - 220g","p":4.65,"u":"21,14 €/KG","img":"https://fd2-photos.leclercdrive.fr/image.ashx?id=2759876&use=l&cat=p&typeid=i","cat":329184},{"id":42759,"n":"Copeaux Parmigiano Reggiano AOP Les Croisés - 80g","p":1.9,"u":"23,75 €/KG","img":"https://fd2-photos.leclercdrive.fr/image.ashx?id=2935504&use=l&cat=p&typeid=i","cat":314035},{"id":42761,"n":"Tranchette de gouda Les Croisés Au cumin - 16,8% MG - 200g","p":2.99,"u":"14,95 €/KG","img":"https://fd2-photos.leclercdrive.fr/image.ashx?id=2051383&use=l&cat=p&typeid=i","cat":314028},{"id":42788,"n":"Tranchettes de chèvre 32.4% MG Les Croisés - 200g","p":3.19,"u":"15,95 €/KG","img":"https://fd2-photos.leclercdrive.fr/image.ashx?id=2796061&use=l&cat=p&typeid=i","cat":314028},{"id":42789,"n":"Cheddar Les Croisés 32% MG Tranchettes - 200g","p":2.64,"u":"13,20 €/KG","img":"https://fd2-photos.leclercdrive.fr/image.ashx?id=2796064&use=l&cat=p&typeid=i","cat":314028},{"id":42798,"n":"Miel de fleurs d'Oranger Nid d'Abeille - 250g","p":2.99,"u":"11,96 €/KG","img":"https://fd2-photos.leclercdrive.fr/image.ashx?id=2434242&use=l&cat=p&typeid=i","cat":287643},{"id":42799,"n":"Miel liquide Bio Squeezer Bio village - 250g","p":2.95,"u":"11,80 €/KG","img":"https://fd2-photos.leclercdrive.fr/image.ashx?id=795654&use=l&cat=p&typeid=i","cat":287643},{"id":42809,"n":"Berlingots de javel Clair Eucalyptus - 3x250ml","p":1.3,"u":"1,73 €/L","img":"https://fd2-photos.leclercdrive.fr/image.ashx?id=2949194&use=l&cat=p&typeid=i","cat":284661},{"id":42826,"n":"Nettoyant vitre cristal Clair 750 ml","p":1.75,"u":"2,33 €/L","img":"https://fd2-photos.leclercdrive.fr/image.ashx?id=1647715&use=l&cat=p&typeid=i","cat":325363},{"id":42846,"n":"Cacahuètes Menguy's Grillées et salées - 800g","p":5.5,"u":"6,88 €/KG","img":"https://fd2-photos.leclercdrive.fr/image.ashx?id=2979800&use=l&cat=p&typeid=i","cat":284448},{"id":42847,"n":"Pop corn salé Menguy's Micro-ondes - 3x90g","p":1.63,"u":"6,04 €/KG","img":"https://fd2-photos.leclercdrive.fr/image.ashx?id=2966023&use=l&cat=p&typeid=i","cat":284449},{"id":42858,"n":"Eau gazeuse Vichy Célestins - 6x50cl","p":2.94,"u":"0,98 €/L","img":"https://fd2-photos.leclercdrive.fr/image.ashx?id=2991933&use=l&cat=p&typeid=i","cat":284536},{"id":42872,"n":"Jus innocent pomme framboise 900ml","p":2.47,"u":"2,74 €/L","img":"https://fd2-photos.leclercdrive.fr/image.ashx?id=2862877&use=l&cat=p&typeid=i","cat":285435},{"id":42873,"n":"Jus innocent orange carotte 900ml","p":2.53,"u":"2,81 €/L","img":"https://fd2-photos.leclercdrive.fr/image.ashx?id=2892217&use=l&cat=p&typeid=i","cat":285435},{"id":42874,"n":"Jus innocent poire pêche 900ml","p":2.7,"u":"3,00 €/L","img":"https://fd2-photos.leclercdrive.fr/image.ashx?id=2893000&use=l&cat=p&typeid=i","cat":285435},{"id":42876,"n":"Jus innocent pomme mangue 900ml","p":2.72,"u":"3,02 €/L","img":"https://fd2-photos.leclercdrive.fr/image.ashx?id=2892220&use=l&cat=p&typeid=i","cat":285435},{"id":42964,"n":"Os à mâcher Lydog Fourrés boeuf - 2x100g","p":2.3,"u":"11,50 €/KG","img":"https://fd2-photos.leclercdrive.fr/image.ashx?id=1947283&use=l&cat=p&typeid=i","cat":294527},{"id":42965,"n":"Pepites de chocolat au lait Tablier Blanc - 100g","p":2.03,"u":"20,30 €/KG","img":"https://fd2-photos.leclercdrive.fr/image.ashx?id=2723141&use=l&cat=p&typeid=i","cat":284504},{"id":42966,"n":"Haricots verts Notre Jardin Extra fins - 455g","p":1.97,"u":"4,33 €/KG","img":"https://fd2-photos.leclercdrive.fr/image.ashx?id=2988084&use=l&cat=p&typeid=i","cat":312606},{"id":42967,"n":"Haricots verts Notre Jardin Extra fins vapeur - 225g","p":1.6,"u":"7,11 €/KG","img":"https://fd2-photos.leclercdrive.fr/image.ashx?id=2988087&use=l&cat=p&typeid=i","cat":312606},{"id":42968,"n":"Petits pois doux Notre Jardin Vapeur - 530g","p":1.91,"u":"3,60 €/KG","img":"https://fd2-photos.leclercdrive.fr/image.ashx?id=3002608&use=l&cat=p&typeid=i","cat":312607},{"id":42969,"n":"Petits pois doux Notre Jardin Vapeur - 265g","p":1.29,"u":"4,87 €/KG","img":"https://fd2-photos.leclercdrive.fr/image.ashx?id=3002611&use=l&cat=p&typeid=i","cat":312607},{"id":42974,"n":"Haricots rouges Notre Jardin A la mexicaine - 800g","p":2.42,"u":"3,03 €/KG","img":"https://fd2-photos.leclercdrive.fr/image.ashx?id=3002614&use=l&cat=p&typeid=i","cat":312612},{"id":42980,"n":"Goûter fourré Bio Village Bio Chocolat noir - 185g","p":2.03,"u":"10,97 €/KG","img":"https://fd2-photos.leclercdrive.fr/image.ashx?id=2704502&use=l&cat=p&typeid=i","cat":284488},{"id":42981,"n":"Goûter fourré Bio Village Bio - Chocolat au lait - 185g","p":2.06,"u":"11,14 €/KG","img":"https://fd2-photos.leclercdrive.fr/image.ashx?id=2704505&use=l&cat=p&typeid=i","cat":284488},{"id":42992,"n":"Tortillas chips Tokapi Fromage - 150g","p":0.99,"u":"6,60 €/KG","img":"https://fd2-photos.leclercdrive.fr/image.ashx?id=2647961&use=l&cat=p&typeid=i","cat":287899},{"id":43004,"n":"Crêpes apéritives Tokapi Roquefort - 65g","p":1.9,"u":"29,23 €/KG","img":"https://fd2-photos.leclercdrive.fr/image.ashx?id=2874693&use=l&cat=p&typeid=i","cat":297000},{"id":43006,"n":"Colorants alimentaires  Tablier Blanc - 3x6ml","p":1.24,"u":"68,89 €/L","img":"https://fd2-photos.leclercdrive.fr/image.ashx?id=2487470&use=l&cat=p&typeid=i","cat":284504},{"id":43009,"n":"Biscuits fourrés P'tit Deli Noisette - 225g","p":1.38,"u":"6,13 €/KG","img":"https://fd2-photos.leclercdrive.fr/image.ashx?id=2861419&use=l&cat=p&typeid=i","cat":284488},{"id":43010,"n":"Biscuit roulé P'tit Deli Cacao/vanille - 154g","p":0.88,"u":"5,71 €/KG","img":"https://fd2-photos.leclercdrive.fr/image.ashx?id=2124110&use=l&cat=p&typeid=i","cat":284488},{"id":43016,"n":"Asperges blanches moyennes Notre Jardin - 205g","p":1.99,"u":"9,71 €/KG","img":"https://fd2-photos.leclercdrive.fr/image.ashx?id=2049058&use=l&cat=p&typeid=i","cat":312611},{"id":43017,"n":"Betterave en Dés Notre Jardin 265g","p":1.02,"u":"3,85 €/KG","img":"https://fd2-photos.leclercdrive.fr/image.ashx?id=1993203&use=l&cat=p&typeid=i","cat":312611},{"id":43019,"n":"Biscuits animaux P'tit Déli Nappés chocolat lait - 225g","p":1.64,"u":"7,29 €/KG","img":"https://fd2-photos.leclercdrive.fr/image.ashx?id=2529602&use=l&cat=p&typeid=i","cat":284488},{"id":43022,"n":"Consigne Clairgaz Gaz : Butane - 6kg","p":5.0,"img":"https://fd2-photos.leclercdrive.fr/image.ashx?id=796466&use=l&cat=p&typeid=i","cat":335916},{"id":43023,"n":"Consigne Clairgaz Gaz : Butane - 13kg","p":5.0,"img":"https://fd2-photos.leclercdrive.fr/image.ashx?id=796474&use=l&cat=p&typeid=i","cat":335916},{"id":43024,"n":"Consigne Clairgaz Gaz : Propane - 11kg","p":5.0,"img":"https://fd2-photos.leclercdrive.fr/image.ashx?id=796470&use=l&cat=p&typeid=i","cat":335916},{"id":43049,"n":"Steak haché charolais Férial  15%mg x4 - 400g","p":6.39,"u":"15,98 €/KG","img":"https://fd2-photos.leclercdrive.fr/image.ashx?id=2823762&use=l&cat=p&typeid=i","cat":319778},{"id":43197,"n":"Tartine Grilletine de Pasquier Briochées - x18 - 242g","p":1.85,"u":"7,64 €/KG","img":"https://fd2-photos.leclercdrive.fr/image.ashx?id=2333054&use=l&cat=p&typeid=i","cat":284479},{"id":43218,"n":"Pains au lait Pasquier x20 - 700g","p":2.74,"u":"3,91 €/KG","img":"https://fd2-photos.leclercdrive.fr/image.ashx?id=2609315&use=l&cat=p&typeid=i","cat":293505},{"id":43229,"n":"Crème aux oeufs Delisse Coco lit caramel - 4x100g","p":2.4,"u":"6,00 €/KG","img":"https://fd2-photos.leclercdrive.fr/image.ashx?id=2460491&use=l&cat=p&typeid=i","cat":284419},{"id":43279,"n":"Sorbet plein fruit L'Angelys Framboise - 500g","p":5.17,"u":"10,34 €/KG","img":"https://fd2-photos.leclercdrive.fr/image.ashx?id=2963556&use=l&cat=p&typeid=i","cat":284263},{"id":43286,"n":"Masque tissu Inell apaisant Hydratant x1","p":0.99,"img":"https://fd2-photos.leclercdrive.fr/image.ashx?id=2691667&use=l&cat=p&typeid=i","cat":325346},{"id":43287,"n":"Dentifrice Dentamyl Blancheur extrême - 75ml","p":0.95,"u":"12,67 €/L","img":"https://fd2-photos.leclercdrive.fr/image.ashx?id=2613837&use=l&cat=p&typeid=i","cat":284612},{"id":43292,"n":"Gel peau nette Inell Imperfection - 200ml","p":3.25,"u":"16,25 €/L","img":"https://fd2-photos.leclercdrive.fr/image.ashx?id=2078353&use=l&cat=p&typeid=i","cat":284603},{"id":43303,"n":"Panna Cotta Fruits rouges Rians 2x120g","p":2.31,"u":"9,63 €/KG","img":"https://fd2-photos.leclercdrive.fr/image.ashx?id=2555412&use=l&cat=p&typeid=i","cat":284419},{"id":43304,"n":"Semoule au lait La Laitière Nature - 4x115g","p":1.85,"u":"4,02 €/KG","img":"https://fd2-photos.leclercdrive.fr/image.ashx?id=2686543&use=l&cat=p&typeid=i","cat":284418},{"id":43330,"n":"Crème dessert chocolat Danette Pop billes magix - 4x120g","p":2.5,"u":"5,21 €/KG","img":"https://fd2-photos.leclercdrive.fr/image.ashx?id=2935717&use=l&cat=p&typeid=i","cat":285041},{"id":43341,"n":"Thon mariné Petit Navire Basilic - 110g","p":1.92,"u":"17,45 €/KG","img":"https://fd2-photos.leclercdrive.fr/image.ashx?id=2542965&use=l&cat=p&typeid=i","cat":303867},{"id":43344,"n":"Coriandre France Sainte Lucie Flacon 8g","p":1.89,"u":"236,25 €/KG","img":"https://fd2-photos.leclercdrive.fr/image.ashx?id=2774301&use=l&cat=p&typeid=i","cat":298297},{"id":43358,"n":"Sel fin Eco+ Boîte verseuse - 750g","p":0.53,"u":"0,71 €/KG","img":"https://fd2-photos.leclercdrive.fr/image.ashx?id=2050582&use=l&cat=p&typeid=i","cat":284457},{"id":43369,"n":"Boisson végétale avoine Bio  Bjorg- 1L","p":1.71,"u":"1,71 €/L","img":"https://fd2-photos.leclercdrive.fr/image.ashx?id=2939430&use=l&cat=p&typeid=i","cat":316067},{"id":43372,"n":"AOP Saumur-Champigny vin rouge Les Caractères - 75cl","p":4.99,"u":"6,65 €/L","img":"https://fd2-photos.leclercdrive.fr/image.ashx?id=2745478&use=l&cat=p&typeid=i","cat":289556},{"id":43374,"n":"AOC Bordeaux BIO vin rouge Chantet Blanet - 75cl","p":4.75,"u":"6,33 €/L","img":"https://fd2-photos.leclercdrive.fr/image.ashx?id=2750174&use=l&cat=p&typeid=i","cat":289556},{"id":43381,"n":"Dessert liégeois Viennois  Chocolat - 12x100g","p":3.95,"u":"3,29 €/KG","img":"https://fd2-photos.leclercdrive.fr/image.ashx?id=2875987&use=l&cat=p&typeid=i","cat":285042},{"id":43394,"n":"Spaghetti  Tradizioni d'Italia n°118  Pasta di Gragnano 500g","p":1.52,"u":"3,04 €/KG","img":"https://fd2-photos.leclercdrive.fr/image.ashx?id=2657301&use=l&cat=p&typeid=i","cat":284427},{"id":43396,"n":"Farfalle Tradizioni d'Italia N°210 - 500g","p":1.52,"u":"3,04 €/KG","img":"https://fd2-photos.leclercdrive.fr/image.ashx?id=2657304&use=l&cat=p&typeid=i","cat":284427},{"id":43398,"n":"Fusilli Tradizioni d'Italia N°140 - 500g","p":1.52,"u":"3,04 €/KG","img":"https://fd2-photos.leclercdrive.fr/image.ashx?id=2657307&use=l&cat=p&typeid=i","cat":284427},{"id":43403,"n":"Orechiette Tradizioni d'Italia N°292 - 500g","p":1.69,"u":"3,38 €/KG","img":"https://fd2-photos.leclercdrive.fr/image.ashx?id=2699507&use=l&cat=p&typeid=i","cat":284427},{"id":43407,"n":"Glace à l'eau Smicy Star  Framboise Orange Citron x8 480g","p":2.59,"u":"5,40 €/KG","img":"https://fd2-photos.leclercdrive.fr/image.ashx?id=2751904&use=l&cat=p&typeid=i","cat":285250},{"id":43408,"n":"AOP Chinon vin rouge Les Caractères - 75cl","p":4.95,"u":"6,60 €/L","img":"https://fd2-photos.leclercdrive.fr/image.ashx?id=2745484&use=l&cat=p&typeid=i","cat":289556},{"id":43409,"n":"AOP Côtes de Bergerac moelleux Terrasses d'Autan - 75cl","p":3.7,"u":"4,93 €/L","img":"https://fd2-photos.leclercdrive.fr/image.ashx?id=2756152&use=l&cat=p&typeid=i","cat":289557},{"id":43419,"n":"IGP Pays d'oc rosé Roche Mazet Merlot 12% vol - 75 cl","p":3.1,"u":"4,13 €/L","img":"https://fd2-photos.leclercdrive.fr/image.ashx?id=2342045&use=l&cat=p&typeid=i","cat":289558},{"id":43509,"n":"Ktipiti Tables du Monde 200g","p":1.69,"u":"8,45 €/KG","img":"https://fd2-photos.leclercdrive.fr/image.ashx?id=2872448&use=l&cat=p&typeid=i","cat":315999},{"id":43514,"n":"Limonade Bouteille - 1.5L","p":1.17,"u":"0,78 €/L","img":"https://fd2-photos.leclercdrive.fr/image.ashx?id=2558553&use=l&cat=p&typeid=i","cat":284531},{"id":43546,"n":"Truite Les éleveurs de Bretagne Fumée 4 tranches - 100g","p":4.76,"u":"47,60 €/KG","img":"https://fd2-photos.leclercdrive.fr/image.ashx?id=800521&use=l&cat=p&typeid=i","cat":285188},{"id":43569,"n":"Viande bovine 2x bavette  Aloyau *** à griller - 260g","p":7.01,"u":"26,96 €/KG","img":"https://fd2-photos.leclercdrive.fr/image.ashx?id=659538&use=l&cat=p&typeid=i","cat":284328},{"id":43572,"n":"Veau : Rôti ***  500g","p":9.98,"u":"19,96 €/KG","img":"https://fd2-photos.leclercdrive.fr/image.ashx?id=630095&use=l&cat=p&typeid=i","cat":284329},{"id":43602,"n":"Jus d'orange Jafaden Avec pulpe - 1.5L","p":3.39,"u":"2,26 €/L","img":"https://fd2-photos.leclercdrive.fr/image.ashx?id=2723144&use=l&cat=p&typeid=i","cat":285435},{"id":43604,"n":"Jus d'orange Jafaden Sans pulpe - 1.5L","p":3.13,"u":"2,09 €/L","img":"https://fd2-photos.leclercdrive.fr/image.ashx?id=2723147&use=l&cat=p&typeid=i","cat":285435},{"id":43605,"n":"Jus de clémentine Jafaden  1.5L","p":2.99,"u":"1,99 €/L","img":"https://fd2-photos.leclercdrive.fr/image.ashx?id=2723150&use=l&cat=p&typeid=i","cat":285435},{"id":43619,"n":"AOC Blaye Côtes de Bordeaux vin rouge Chantet Blanet - 75cl","p":3.8,"u":"5,07 €/L","img":"https://fd2-photos.leclercdrive.fr/image.ashx?id=2727395&use=l&cat=p&typeid=i","cat":289556},{"id":43621,"n":"Liquide vaisselle Uni vert Ecologique PSS 500ml","p":1.15,"u":"2,30 €/L","img":"https://fd2-photos.leclercdrive.fr/image.ashx?id=2999508&use=l&cat=p&typeid=i","cat":284655},{"id":43669,"n":"AOC Puisseguin Saint-Émilion vin rouge Chantet Blanet - 75cl","p":6.49,"u":"8,65 €/L","img":"https://fd2-photos.leclercdrive.fr/image.ashx?id=2783431&use=l&cat=p&typeid=i","cat":289556},{"id":43670,"n":"AOC Juliénas vin rouge Antoine Barrier - 75cl","p":6.99,"u":"9,32 €/L","img":"https://fd2-photos.leclercdrive.fr/image.ashx?id=2909401&use=l&cat=p&typeid=i","cat":289556},{"id":43693,"n":"Couches Mots d'Enfants Activ+ T3 : 4/9kg - x47 changes","p":14.35,"u":"0,31 €/P","img":"https://fd2-photos.leclercdrive.fr/image.ashx?id=2699486&use=l&cat=p&typeid=i","cat":284737},{"id":43697,"n":"AOP Côtes de Bourg vin rouge Chantet Blanet - 75cl","p":3.89,"u":"5,19 €/L","img":"https://fd2-photos.leclercdrive.fr/image.ashx?id=2728255&use=l&cat=p&typeid=i","cat":289556},{"id":43707,"n":"Laque Ultra-Forte L'Oréal Paris Thermoprotecteur - 150ml","p":4.56,"u":"30,40 €/L","img":"https://fd2-photos.leclercdrive.fr/image.ashx?id=2582237&use=l&cat=p&typeid=i","cat":284609},{"id":43755,"n":"AOP Faugères rouge Sauveplaine 5x75cl+75cl offert","p":30.36,"u":"6,75 €/L","img":"https://fd2-photos.leclercdrive.fr/image.ashx?id=1564168&use=l&cat=p&typeid=i","cat":289556},{"id":43758,"n":"AOP Brouilly vin rouge Antoine Barrier - 75cl","p":6.79,"u":"9,05 €/L","img":"https://fd2-photos.leclercdrive.fr/image.ashx?id=2728258&use=l&cat=p&typeid=i","cat":289556},{"id":43761,"n":"Flacon persil de France 7g","p":1.88,"u":"268,57 €/KG","img":"https://fd2-photos.leclercdrive.fr/image.ashx?id=2973583&use=l&cat=p&typeid=i","cat":298297},{"id":43763,"n":"Safran en poudre 4x0.1g","p":5.61,"img":"https://fd2-photos.leclercdrive.fr/image.ashx?id=2774424&use=l&cat=p&typeid=i","cat":298297},{"id":43769,"n":"Préservatifs Skyn Manix Original - x10","p":5.9,"img":"https://fd2-photos.leclercdrive.fr/image.ashx?id=2928810&use=l&cat=p&typeid=i","cat":284631},{"id":43771,"n":"Spray démelant  200ml","p":2.55,"u":"12,75 €/L","img":"https://fd2-photos.leclercdrive.fr/image.ashx?id=2712986&use=l&cat=p&typeid=i","cat":284608},{"id":43778,"n":"Morceaux de thon Listao Eco+ 130g","p":0.99,"u":"7,62 €/KG","img":"https://fd2-photos.leclercdrive.fr/image.ashx?id=2698141&use=l&cat=p&typeid=i","cat":303867},{"id":43780,"n":"AOC Anjou vin rouge Les Caractères - 75cl","p":4.35,"u":"5,80 €/L","img":"https://fd2-photos.leclercdrive.fr/image.ashx?id=2922935&use=l&cat=p&typeid=i","cat":289556},{"id":43816,"n":"Gourmandise Novi 198g","p":8.49,"pp":5.6,"u":"28,28 €/KG","img":"https://fd2-photos.leclercdrive.fr/image.ashx?id=2615179&use=l&cat=p&typeid=i","cat":327595},{"id":43818,"n":"Pralines Raffaello Noix de coco amandes x30 - 300g","p":9.25,"u":"30,83 €/KG","img":"https://fd2-photos.leclercdrive.fr/image.ashx?id=2922197&use=l&cat=p&typeid=i","cat":327595},{"id":43844,"n":"Friandises chats Tous mes amis Sticks au Poulet - 3x5g - 15g","p":0.56,"u":"37,33 €/KG","img":"https://fd2-photos.leclercdrive.fr/image.ashx?id=1947507&use=l&cat=p&typeid=i","cat":285285},{"id":43845,"n":"Friandises chats Tous mes amis Sticks au Saumon  - 3x5g - 15g","p":0.56,"u":"37,33 €/KG","img":"https://fd2-photos.leclercdrive.fr/image.ashx?id=802043&use=l&cat=p&typeid=i","cat":285285},{"id":43895,"n":"AOC Ventoux vin rosé Rives & Terrasses - 75cl","p":2.99,"u":"3,99 €/L","img":"https://fd2-photos.leclercdrive.fr/image.ashx?id=2716003&use=l&cat=p&typeid=i","cat":289558},{"id":43924,"n":"AOP Vin blanc italien  Prosecco Vilaveroni 75cl","p":7.29,"u":"9,72 €/L","img":"https://fd2-photos.leclercdrive.fr/image.ashx?id=2492351&use=l&cat=p&typeid=i","cat":289461},{"id":43930,"n":"Vin mousseux blanc Festillant Sans alcool - 75cl","p":3.54,"u":"4,72 €/L","img":"https://fd2-photos.leclercdrive.fr/image.ashx?id=2980899&use=l&cat=p&typeid=i","cat":289460},{"id":43964,"n":"Mini bûches Eskiss Fruits - x6 - 333g","p":2.29,"u":"6,88 €/KG","img":"https://fd2-photos.leclercdrive.fr/image.ashx?id=2791317&use=l&cat=p&typeid=i","cat":284266},{"id":44011,"n":"Soda Breizh Cola Bouteille - 6x1,5L","p":11.64,"u":"1,29 €/L","img":"https://fd2-photos.leclercdrive.fr/image.ashx?id=1654086&use=l&cat=p&typeid=i","cat":284530},{"id":44040,"n":"Soufflé grignot' Tokapi  jambon fromage 90g","p":0.89,"u":"9,89 €/KG","img":"https://fd2-photos.leclercdrive.fr/image.ashx?id=2059489&use=l&cat=p&typeid=i","cat":284449},{"id":44081,"n":"Eau aromatisée Volvic Juicy Fraise - 1,5L","p":1.33,"u":"0,89 €/L","img":"https://fd2-photos.leclercdrive.fr/image.ashx?id=2964664&use=l&cat=p&typeid=i","cat":284537},{"id":44082,"n":"Eau aromatisée Volvic juicy Fruits exotiques - 1,5L","p":1.33,"u":"0,89 €/L","img":"https://fd2-photos.leclercdrive.fr/image.ashx?id=2964667&use=l&cat=p&typeid=i","cat":284537},{"id":44090,"n":"AOP Monbazillac vin blanc Moelleux Terrasses d'Autan-75cl","p":6.99,"u":"9,32 €/L","img":"https://fd2-photos.leclercdrive.fr/image.ashx?id=2756873&use=l&cat=p&typeid=i","cat":289557},{"id":44092,"n":"AOC Lalande-de-Pomerol vin rouge Chantet Blanet - 75cl","p":8.49,"u":"11,32 €/L","img":"https://fd2-photos.leclercdrive.fr/image.ashx?id=2942792&use=l&cat=p&typeid=i","cat":289556},{"id":44093,"n":"AOC Haut-Médoc vin rouge Chantet Blanet - 75cl","p":4.99,"u":"6,65 €/L","img":"https://fd2-photos.leclercdrive.fr/image.ashx?id=2824283&use=l&cat=p&typeid=i","cat":289556},{"id":44095,"n":"Bière blonde Leffe 6,6% - 75cl","p":2.51,"u":"3,35 €/L","img":"https://fd2-photos.leclercdrive.fr/image.ashx?id=1720789&use=l&cat=p&typeid=i","cat":334852},{"id":44097,"n":"Quinoa 500g","p":2.84,"u":"5,68 €/KG","img":"https://fd2-photos.leclercdrive.fr/image.ashx?id=3012845&use=l&cat=p&typeid=i","cat":284429},{"id":44168,"n":"Guacamole en pot 300g","p":1.75,"u":"5,83 €/KG","img":"https://fd2-photos.leclercdrive.fr/image.ashx?id=2466072&use=l&cat=p&typeid=i","cat":288993},{"id":44171,"n":"6 wraps de blé nature 370g","p":1.99,"u":"5,38 €/KG","img":"https://fd2-photos.leclercdrive.fr/image.ashx?id=2679741&use=l&cat=p&typeid=i","cat":288993},{"id":44173,"n":"Après-shampooing Nateis Cheveux colorés - 250ml","p":1.63,"u":"6,52 €/L","img":"https://fd2-photos.leclercdrive.fr/image.ashx?id=2626808&use=l&cat=p&typeid=i","cat":284607},{"id":44174,"n":"Après-shampooing doux Nateis Cheveux secs - 250ml","p":1.35,"u":"5,40 €/KG","img":"https://fd2-photos.leclercdrive.fr/image.ashx?id=2626811&use=l&cat=p&typeid=i","cat":284607},{"id":44175,"n":"Masque nourrisant Natéïs Cheuveux secs et frisés - 300ml","p":2.63,"u":"8,77 €/L","img":"https://fd2-photos.leclercdrive.fr/image.ashx?id=1875848&use=l&cat=p&typeid=i","cat":284608},{"id":44178,"n":"Lessive poudre main Epsil 450g","p":0.97,"u":"2,16 €/KG","img":"https://fd2-photos.leclercdrive.fr/image.ashx?id=807949&use=l&cat=p&typeid=i","cat":284643},{"id":44181,"n":"Poivrons grillés Florelli Antipasti - 280g","p":2.94,"u":"10,50 €/KG","img":"https://fd2-photos.leclercdrive.fr/image.ashx?id=2633091&use=l&cat=p&typeid=i","cat":289010},{"id":44183,"n":"Tortillas Old El Paso de blé nature x8 - 326g","p":2.29,"u":"7,02 €/KG","img":"https://fd2-photos.leclercdrive.fr/image.ashx?id=2737642&use=l&cat=p&typeid=i","cat":288993},{"id":44184,"n":"Kit fajitas Old El Paso Original doux - 500g","p":4.79,"u":"9,58 €/KG","img":"https://fd2-photos.leclercdrive.fr/image.ashx?id=2940576&use=l&cat=p&typeid=i","cat":288993},{"id":44185,"n":"Kit Burritos Old El Paso Original paprika doux - 510g","p":4.79,"u":"9,39 €/KG","img":"https://fd2-photos.leclercdrive.fr/image.ashx?id=2940579&use=l&cat=p&typeid=i","cat":288993},{"id":44197,"n":"Couches Activ+ Mots d'Enfants T4 : 7/18kg - x39 changes","p":12.89,"u":"0,33 €/P","img":"https://fd2-photos.leclercdrive.fr/image.ashx?id=2699489&use=l&cat=p&typeid=i","cat":284737},{"id":44198,"n":"Déodorant Carré Homme Vetiver Attirant - 100ml","p":1.12,"u":"11,20 €/L","img":"https://fd2-photos.leclercdrive.fr/image.ashx?id=2440751&use=l&cat=p&typeid=i","cat":284618},{"id":44224,"n":"Aneth Les Crudettes 11g","p":1.69,"u":"153,64 €/KG","img":"https://fd2-photos.leclercdrive.fr/image.ashx?id=2654623&use=l&cat=p&typeid=i","cat":293607},{"id":44230,"n":"Menthe verte Les Crudettes  11g","p":1.69,"u":"153,64 €/KG","img":"https://fd2-photos.leclercdrive.fr/image.ashx?id=2654638&use=l&cat=p&typeid=i","cat":293607},{"id":44231,"n":"Estragon de france Sainte Lucie flacon 11g","p":2.02,"u":"183,64 €/KG","img":"https://fd2-photos.leclercdrive.fr/image.ashx?id=2774292&use=l&cat=p&typeid=i","cat":298297},{"id":44235,"n":"Epices couscous Sainte Lucie à la marocaine - 30g","p":1.41,"u":"47,00 €/KG","img":"https://fd2-photos.leclercdrive.fr/image.ashx?id=2774433&use=l&cat=p&typeid=i","cat":298297},{"id":44236,"n":"Epices paëlla Sainte Lucie à l'espagnole 30g","p":1.66,"u":"55,33 €/KG","img":"https://fd2-photos.leclercdrive.fr/image.ashx?id=2104591&use=l&cat=p&typeid=i","cat":298297},{"id":44273,"n":"Miettes de thon Petit Navire À l'huile d'olive - 160g","p":2.3,"u":"14,38 €/KG","img":"https://fd2-photos.leclercdrive.fr/image.ashx?id=2519642&use=l&cat=p&typeid=i","cat":303867},{"id":44278,"n":"Ravioli bolognaise Panzani - 400g","p":2.24,"u":"5,60 €/KG","img":"https://fd2-photos.leclercdrive.fr/image.ashx?id=2876059&use=l&cat=p&typeid=i","cat":284442},{"id":44279,"n":"Fromage apéritif Apericube Panier de campagne 24 cubes","p":2.55,"u":"20,40 €/KG","img":"https://fd2-photos.leclercdrive.fr/image.ashx?id=2882656&use=l&cat=p&typeid=i","cat":314027},{"id":44293,"n":"Emmental râpé  Entremont  français 160g","p":1.82,"u":"11,38 €/KG","img":"https://fd2-photos.leclercdrive.fr/image.ashx?id=2983153&use=l&cat=p&typeid=i","cat":314035},{"id":44298,"n":"L'Ortolan familial  Fromagerie Milleret-  330g","p":3.0,"u":"9,09 €/KG","img":"https://fd2-photos.leclercdrive.fr/image.ashx?id=2226400&use=l&cat=p&typeid=i","cat":314033},{"id":44299,"n":"Fromage à Tartiner Tartare  Ail et fines herbes - 250g","p":2.66,"u":"10,64 €/KG","img":"https://fd2-photos.leclercdrive.fr/image.ashx?id=2903170&use=l&cat=p&typeid=i","cat":314029},{"id":44300,"n":"Mini bûches de chèvre Soignon x6 - 150g","p":2.61,"u":"17,40 €/KG","img":"https://fd2-photos.leclercdrive.fr/image.ashx?id=2646560&use=l&cat=p&typeid=i","cat":314030},{"id":44302,"n":"Fromage Tranché Les Croisés au lait de vache 23%MG - 200g","p":1.99,"u":"9,95 €/KG","img":"https://fd2-photos.leclercdrive.fr/image.ashx?id=2302570&use=l&cat=p&typeid=i","cat":314026},{"id":44307,"n":"Fromage Tomme noire NRT IGP  des Pyrénées - 200g","p":2.45,"u":"12,25 €/KG","img":"https://fd2-photos.leclercdrive.fr/image.ashx?id=2849596&use=l&cat=p&typeid=i","cat":329184},{"id":44317,"n":"Sauce Saveurs Forestières Grand veneur - 150g","p":2.99,"u":"19,93 €/KG","img":"https://fd2-photos.leclercdrive.fr/image.ashx?id=2603779&use=l&cat=p&typeid=i","cat":327289},{"id":44318,"n":"Sauce Saveurs Forestières Aux morilles - 150g","p":2.99,"u":"19,93 €/KG","img":"https://fd2-photos.leclercdrive.fr/image.ashx?id=1946414&use=l&cat=p&typeid=i","cat":327293},{"id":44326,"n":"Cidre fermier brut Henriot 4.5%vol. - 75cl","p":2.85,"u":"3,80 €/L","img":"https://fd2-photos.leclercdrive.fr/image.ashx?id=2461929&use=l&cat=p&typeid=i","cat":334880},{"id":44327,"n":"Vin Union Européenne rosé Le Tonnelier - BIB 5L","p":8.45,"u":"1,69 €/L","img":"https://fd2-photos.leclercdrive.fr/image.ashx?id=2107474&use=l&cat=p&typeid=i","cat":289560},{"id":44329,"n":"Vin rouge Montmirel  Merlot - 10L","p":23.03,"u":"2,30 €/L","img":"https://fd2-photos.leclercdrive.fr/image.ashx?id=2476488&use=l&cat=p&typeid=i","cat":289560},{"id":44330,"n":"IGP Pays d'Oc blanc Roche Mazet Chardonnay 12% vol BIB 3L","p":10.98,"u":"3,66 €/L","img":"https://fd2-photos.leclercdrive.fr/image.ashx?id=2597130&use=l&cat=p&typeid=i","cat":289557},{"id":44336,"n":"Savon Noir liquide Briochin Ecocert - 1L","p":3.44,"u":"3,44 €/L","img":"https://fd2-photos.leclercdrive.fr/image.ashx?id=3011389&use=l&cat=p&typeid=i","cat":325365},{"id":44342,"n":"Eau de cologne Bien Etre  Verveine, Romarin - 250ml","p":4.43,"u":"17,72 €/L","img":"https://fd2-photos.leclercdrive.fr/image.ashx?id=2353668&use=l&cat=p&typeid=i","cat":291525},{"id":44355,"n":"Sandwich Baguette Mega Viennois  Sodebo Poulet Œuf - 270g","p":1.71,"u":"6,33 €/KG","img":"https://fd2-photos.leclercdrive.fr/image.ashx?id=2732392&use=l&cat=p&typeid=i","cat":333658},{"id":44357,"n":"Sauce Hollandaise Gastromer Gastronomie de la mer - 200g","p":1.47,"u":"7,35 €/KG","img":"https://fd2-photos.leclercdrive.fr/image.ashx?id=2504659&use=l&cat=p&typeid=i","cat":284382},{"id":44361,"n":"Chocolat Pâtissier Nestlé Dessert : Noir - 205g","p":3.0,"u":"14,63 €/KG","img":"https://fd2-photos.leclercdrive.fr/image.ashx?id=2938920&use=l&cat=p&typeid=i","cat":285562},{"id":44364,"n":"Bonbon Alpin Fresh Ricola Sans sucres - 50g","p":1.56,"u":"31,20 €/KG","img":"https://fd2-photos.leclercdrive.fr/image.ashx?id=2387831&use=l&cat=p&typeid=i","cat":304256},{"id":44368,"n":"Dentifrice mini voyage Dentamyl Haleine fraiche - 25ml","p":1.6,"u":"64,00 €/L","img":"https://fd2-photos.leclercdrive.fr/image.ashx?id=2658581&use=l&cat=p&typeid=i","cat":284612},{"id":44371,"n":"Préservatif classiques Plug'in x6","p":1.1,"u":"0,18 €/P","img":"https://fd2-photos.leclercdrive.fr/image.ashx?id=2856202&use=l&cat=p&typeid=i","cat":284631},{"id":44384,"n":"Saumon fumé Ronde des Mers MSC Alaska x2T - 60g","p":3.85,"u":"64,17 €/KG","img":"https://fd2-photos.leclercdrive.fr/image.ashx?id=2837698&use=l&cat=p&typeid=i","cat":285188},{"id":44395,"n":"Beurre Les Eleveurs de Bretagne Demi-sel Extra fin -80% MG 250g","p":2.69,"u":"10,76 €/KG","img":"https://fd2-photos.leclercdrive.fr/image.ashx?id=2127832&use=l&cat=p&typeid=i","cat":284379},{"id":44434,"n":"Nectar Bio Pressade Multifruits - 1,5L","p":2.2,"u":"1,47 €/L","img":"https://fd2-photos.leclercdrive.fr/image.ashx?id=2732533&use=l&cat=p&typeid=i","cat":284917},{"id":44437,"n":"AOC Buzet vin rouge Terrasses d'Autan - 75cl","p":3.99,"u":"5,32 €/L","img":"https://fd2-photos.leclercdrive.fr/image.ashx?id=2776567&use=l&cat=p&typeid=i","cat":289556},{"id":44445,"n":"Wraps Old El Paso de blé nature x6 - 350g","p":2.29,"u":"6,54 €/KG","img":"https://fd2-photos.leclercdrive.fr/image.ashx?id=2737645&use=l&cat=p&typeid=i","cat":288993},{"id":44567,"n":"Oeufs de Nos Régions Plein air Oméga 3 - x6","p":1.52,"u":"0,25 €/P","img":"https://fd2-photos.leclercdrive.fr/image.ashx?id=2670959&use=l&cat=p&typeid=i","cat":284378},{"id":44568,"n":"Oeufs frais De Nos Régions  Oméga 3 - Plein Air - x12","p":2.88,"u":"0,24 €/P","img":"https://fd2-photos.leclercdrive.fr/image.ashx?id=2969785&use=l&cat=p&typeid=i","cat":284378},{"id":44572,"n":"AOC Bordeaux Supérieur vin rouge Chantet Blanet - 75cl","p":3.49,"u":"4,65 €/L","img":"https://fd2-photos.leclercdrive.fr/image.ashx?id=2776570&use=l&cat=p&typeid=i","cat":289556},{"id":44577,"n":"Nettoyant jantes TECH9 500ml","p":4.65,"u":"9,30 €/L","img":"https://fd2-photos.leclercdrive.fr/image.ashx?id=2162450&use=l&cat=p&typeid=i","cat":298252},{"id":44578,"n":"Madeleines Saint Michel Pépites chocolat 400g","p":1.9,"u":"4,75 €/KG","img":"https://fd2-photos.leclercdrive.fr/image.ashx?id=2936200&use=l&cat=p&typeid=i","cat":284492},{"id":44657,"n":"Bière blonde Leffe Rituel 9% - 12x25cl","p":9.55,"u":"3,18 €/L","img":"https://fd2-photos.leclercdrive.fr/image.ashx?id=2548288&use=l&cat=p&typeid=i","cat":334852},{"id":44706,"n":"Palets bretons P'tit Déli 2x125g","p":1.84,"u":"7,36 €/KG","img":"https://fd2-photos.leclercdrive.fr/image.ashx?id=2820134&use=l&cat=p&typeid=i","cat":284487},{"id":44736,"n":"Blanquette volaille Côté Table 900g","p":6.99,"u":"7,77 €/KG","img":"https://fd2-photos.leclercdrive.fr/image.ashx?id=2621934&use=l&cat=p&typeid=i","cat":284254},{"id":44738,"n":"Haricots verts Notre Jardin cuits 750g","p":1.55,"u":"2,07 €/KG","img":"https://fd2-photos.leclercdrive.fr/image.ashx?id=2900142&use=l&cat=p&typeid=i","cat":319805},{"id":44739,"n":"Choux fleurs Notre Jardin  cuits 750g","p":1.74,"u":"2,32 €/KG","img":"https://fd2-photos.leclercdrive.fr/image.ashx?id=2900145&use=l&cat=p&typeid=i","cat":319805},{"id":44741,"n":"Riz sushi Table du monde 500g","p":1.19,"u":"2,38 €/KG","img":"https://fd2-photos.leclercdrive.fr/image.ashx?id=2679753&use=l&cat=p&typeid=i","cat":288992},{"id":44742,"n":"Duo de Fleurettes Bio  Bio Village - 600g","p":2.55,"u":"4,25 €/KG","img":"https://fd2-photos.leclercdrive.fr/image.ashx?id=2898065&use=l&cat=p&typeid=i","cat":319805},{"id":44743,"n":"Julienne de légumes Bio Village Bio - 600g","p":1.99,"u":"3,32 €/KG","img":"https://fd2-photos.leclercdrive.fr/image.ashx?id=2898068&use=l&cat=p&typeid=i","cat":319823},{"id":44745,"n":"Mini boulettes au boeuf Férial  x50 - 750g","p":6.99,"u":"9,32 €/KG","img":"https://fd2-photos.leclercdrive.fr/image.ashx?id=2966511&use=l&cat=p&typeid=i","cat":319779},{"id":44746,"n":"Glace Mystère Extrême Vanille Meringue x4 308.6g","p":4.9,"u":"15,86 €/KG","img":"https://fd2-photos.leclercdrive.fr/image.ashx?id=2878375&use=l&cat=p&typeid=i","cat":284266},{"id":44747,"n":"Glace Mystère Extrême Vanille Coeur chocolat x4 308g","p":4.42,"u":"14,35 €/KG","img":"https://fd2-photos.leclercdrive.fr/image.ashx?id=2878381&use=l&cat=p&typeid=i","cat":284266},{"id":44750,"n":"Poulet Basquaise Côté Table 900g","p":4.18,"u":"4,64 €/KG","img":"https://fd2-photos.leclercdrive.fr/image.ashx?id=2572438&use=l&cat=p&typeid=i","cat":284254},{"id":44758,"n":"Grattugiato 29% MG Les Croisés  100g","p":1.49,"u":"14,90 €/KG","img":"https://fd2-photos.leclercdrive.fr/image.ashx?id=2806859&use=l&cat=p&typeid=i","cat":314035},{"id":44761,"n":"Les groumand Les Croisés  30.4% MG  6 tranches 150g","p":1.99,"u":"13,27 €/KG","img":"https://fd2-photos.leclercdrive.fr/image.ashx?id=2026325&use=l&cat=p&typeid=i","cat":314028},{"id":44767,"n":"Dés Gouda cumin Les Croisés 30%MG - 150g","p":1.95,"u":"13,00 €/KG","img":"https://fd2-photos.leclercdrive.fr/image.ashx?id=2532844&use=l&cat=p&typeid=i","cat":314027},{"id":44768,"n":"Fromage râpé spécial Gratin  Les Croisés - 150g","p":2.19,"u":"14,60 €/KG","img":"https://fd2-photos.leclercdrive.fr/image.ashx?id=2897796&use=l&cat=p&typeid=i","cat":314035},{"id":44770,"n":"Steak haché Férial  5%mg x4 - 400g","p":6.99,"u":"17,48 €/KG","img":"https://fd2-photos.leclercdrive.fr/image.ashx?id=3004663&use=l&cat=p&typeid=i","cat":319778},{"id":44859,"n":"Olives Vertes -25% sel Tramier  Dénoyautées 160g","p":1.8,"u":"11,25 €/KG","img":"https://fd2-photos.leclercdrive.fr/image.ashx?id=2840823&use=l&cat=p&typeid=i","cat":284458},{"id":44861,"n":"Sauce pesto Tradizioni d'Italia A la génoise - 180g","p":1.79,"u":"9,94 €/KG","img":"https://fd2-photos.leclercdrive.fr/image.ashx?id=2840043&use=l&cat=p&typeid=i","cat":287599},{"id":44871,"n":"Nettoyant plastique TECH9 Ecocert - 500ml","p":4.99,"u":"9,98 €/L","img":"https://fd2-photos.leclercdrive.fr/image.ashx?id=2536860&use=l&cat=p&typeid=i","cat":298252},{"id":44874,"n":"Nettoyant tissu moquette TECH9 Ecocert - 500ml","p":5.99,"u":"11,98 €/L","img":"https://fd2-photos.leclercdrive.fr/image.ashx?id=2536863&use=l&cat=p&typeid=i","cat":298252},{"id":44876,"n":"Nettoyant multi-usage TECH9 Ecocert - 500ml","p":3.4,"u":"6,80 €/L","img":"https://fd2-photos.leclercdrive.fr/image.ashx?id=2536866&use=l&cat=p&typeid=i","cat":298252},{"id":44877,"n":"Nettoyant jantes TECH9 Ecocert - 500ml","p":5.15,"u":"10,30 €/L","img":"https://fd2-photos.leclercdrive.fr/image.ashx?id=2536869&use=l&cat=p&typeid=i","cat":298252},{"id":44878,"n":"Shampooing carrosserie TECH9 Ecocert - 500ml","p":5.99,"u":"11,98 €/L","img":"https://fd2-photos.leclercdrive.fr/image.ashx?id=2536872&use=l&cat=p&typeid=i","cat":298252},{"id":44884,"n":"Soupe Mouliné Bio Village Bio - Légumes variés - 1L","p":1.97,"u":"1,97 €/L","img":"https://fd2-photos.leclercdrive.fr/image.ashx?id=2376115&use=l&cat=p&typeid=i","cat":284462},{"id":44885,"n":"Velouté de légumes Bio Village Bio - 1L","p":2.79,"u":"2,79 €/L","img":"https://fd2-photos.leclercdrive.fr/image.ashx?id=2339879&use=l&cat=p&typeid=i","cat":284462},{"id":44897,"n":"Café moulu Lobodis  Ethiopie - 260g","p":5.99,"u":"23,04 €/KG","img":"https://fd2-photos.leclercdrive.fr/image.ashx?id=2638889&use=l&cat=p&typeid=i","cat":284750},{"id":44910,"n":"Crème dessert La Laitière Pot de crème chocolat - 8x100g","p":4.17,"u":"5,21 €/KG","img":"https://fd2-photos.leclercdrive.fr/image.ashx?id=2692116&use=l&cat=p&typeid=i","cat":285041},{"id":44911,"n":"Crème dessert La Laitière Pot de crème vanille - 8x100g","p":4.18,"u":"5,23 €/KG","img":"https://fd2-photos.leclercdrive.fr/image.ashx?id=2692119&use=l&cat=p&typeid=i","cat":285041},{"id":44933,"n":"Beurre Elle&Vire Condé sur Vire Demi-Sel - 80% MG - 500g","p":6.35,"u":"12,70 €/KG","img":"https://fd2-photos.leclercdrive.fr/image.ashx?id=2851917&use=l&cat=p&typeid=i","cat":284379},{"id":44939,"n":"Mini gratins Côté Table Pomme de terre salardaise 400g","p":3.89,"u":"9,73 €/KG","img":"https://fd2-photos.leclercdrive.fr/image.ashx?id=2641289&use=l&cat=p&typeid=i","cat":319802},{"id":44941,"n":"Mini gratins Côté Table Pomme de terre Epinard  x4 480g","p":3.85,"u":"8,02 €/KG","img":"https://fd2-photos.leclercdrive.fr/image.ashx?id=2641286&use=l&cat=p&typeid=i","cat":319802},{"id":44942,"n":"Mini gratins Côté Table Pomme de terre Champignons 400g","p":2.99,"u":"7,48 €/KG","img":"https://fd2-photos.leclercdrive.fr/image.ashx?id=2074431&use=l&cat=p&typeid=i","cat":319802},{"id":44944,"n":"Oeufs de caille De Nos Régions x18","p":2.39,"u":"0,13 €/P","img":"https://fd2-photos.leclercdrive.fr/image.ashx?id=1070469&use=l&cat=p&typeid=i","cat":284378},{"id":44953,"n":"Pâtes Sans gluten Barilla Spaghetti - 400g","p":1.84,"u":"4,60 €/KG","img":"https://fd2-photos.leclercdrive.fr/image.ashx?id=2647639&use=l&cat=p&typeid=i","cat":284427},{"id":44959,"n":"Lingettes démaquillantes Inell Eau micellaire x25","p":2.6,"u":"0,10 €/P","img":"https://fd2-photos.leclercdrive.fr/image.ashx?id=2764392&use=l&cat=p&typeid=i","cat":284603},{"id":44964,"n":"Alèses absorbantes Chorys 60x90cm - x16","p":6.99,"u":"0,44 €/P","img":"https://fd2-photos.leclercdrive.fr/image.ashx?id=2860076&use=l&cat=p&typeid=i","cat":284628},{"id":44967,"n":"Culottes bébé Mots d'Enfants  T5 : 12/18kg - x20 changes","p":5.45,"u":"0,27 €/P","img":"https://fd2-photos.leclercdrive.fr/image.ashx?id=2904580&use=l&cat=p&typeid=i","cat":290633},{"id":44968,"n":"Culottes bébé Mots d'Enfants  T6 : 16kg - x18 changes","p":4.99,"u":"0,28 €/P","img":"https://fd2-photos.leclercdrive.fr/image.ashx?id=2488371&use=l&cat=p&typeid=i","cat":290633},{"id":44977,"n":"Mousse nettoyante Inell Peaux sensibles 150ml","p":2.99,"u":"19,93 €/L","img":"https://fd2-photos.leclercdrive.fr/image.ashx?id=1993200&use=l&cat=p&typeid=i","cat":284603},{"id":44980,"n":"Gel lave-vaisselle Visior Classique x75 - 1,5L","p":4.75,"u":"3,17 €/L","img":"https://fd2-photos.leclercdrive.fr/image.ashx?id=2574251&use=l&cat=p&typeid=i","cat":284656},{"id":44982,"n":"Papier toilette Lotus Just.1 Rouleaux blancs - x6","p":3.84,"u":"0,64 €/P","img":"https://fd2-photos.leclercdrive.fr/image.ashx?id=2842915&use=l&cat=p&typeid=i","cat":284634},{"id":45005,"n":"Fond de veau Rustica dégraissé 100g","p":2.18,"u":"21,80 €/KG","img":"https://fd2-photos.leclercdrive.fr/image.ashx?id=2979571&use=l&cat=p&typeid=i","cat":288379},{"id":45009,"n":"Cacahuètes grillées Tokapi salées 3x120g","p":1.49,"u":"4,14 €/KG","img":"https://fd2-photos.leclercdrive.fr/image.ashx?id=2799769&use=l&cat=p&typeid=i","cat":284448},{"id":45014,"n":"AOC Touraine vin rouge Les Caractères - 75cl","p":4.49,"u":"5,99 €/L","img":"https://fd2-photos.leclercdrive.fr/image.ashx?id=2623998&use=l&cat=p&typeid=i","cat":289556},{"id":45015,"n":"Biscuits P'tit Déli Pépites de chocolat 300g","p":2.49,"u":"8,30 €/KG","img":"https://fd2-photos.leclercdrive.fr/image.ashx?id=2390425&use=l&cat=p&typeid=i","cat":284487},{"id":45016,"n":"AOC Médoc vin rouge Chantet Blanet - 75cl","p":3.99,"u":"5,32 €/L","img":"https://fd2-photos.leclercdrive.fr/image.ashx?id=2840737&use=l&cat=p&typeid=i","cat":289556},{"id":45019,"n":"AOC Minervois vin rouge Prieur Barsanne - 75cl","p":2.99,"u":"3,99 €/L","img":"https://fd2-photos.leclercdrive.fr/image.ashx?id=2217948&use=l&cat=p&typeid=i","cat":289556},{"id":45020,"n":"AOC Fitou vin rouge Prieur Barsanne - 75cl","p":3.99,"u":"5,32 €/L","img":"https://fd2-photos.leclercdrive.fr/image.ashx?id=2742623&use=l&cat=p&typeid=i","cat":289556},{"id":45023,"n":"AOC Moulin-à-Vent vin rouge Antoine Barrier - 75cl","p":7.75,"u":"10,33 €/L","img":"https://fd2-photos.leclercdrive.fr/image.ashx?id=3004549&use=l&cat=p&typeid=i","cat":289556},{"id":45029,"n":"AOP Vin blanc Muscadet Sèvre & Maine sur Lie - 75cl","p":4.19,"u":"5,59 €/L","img":"https://fd2-photos.leclercdrive.fr/image.ashx?id=2992543&use=l&cat=p&typeid=i","cat":289557},{"id":45035,"n":"AOP Alsace Riesling vin blanc Rebmann - 75 cl","p":4.85,"u":"6,47 €/L","img":"https://fd2-photos.leclercdrive.fr/image.ashx?id=2754213&use=l&cat=p&typeid=i","cat":289557},{"id":45036,"n":"AOC Alsace Riesling vin blanc Rebmann - 37,5 cl","p":3.25,"u":"8,67 €/L","img":"https://fd2-photos.leclercdrive.fr/image.ashx?id=2754216&use=l&cat=p&typeid=i","cat":289557},{"id":45038,"n":"AOP Côtes du Rhône vin rouge Grégoire XI - 75 cl","p":2.99,"u":"3,99 €/L","img":"https://fd2-photos.leclercdrive.fr/image.ashx?id=2709701&use=l&cat=p&typeid=i","cat":289556},{"id":45050,"n":"AOP Bourgogne Pinot noir vin rouge Antoine Barrier - 75cl","p":7.99,"u":"10,65 €/L","img":"https://fd2-photos.leclercdrive.fr/image.ashx?id=2694106&use=l&cat=p&typeid=i","cat":289556},{"id":45051,"n":"AOP Chablis vin blanc Antoine Barrier - 75cl","p":12.99,"u":"17,32 €/L","img":"https://fd2-photos.leclercdrive.fr/image.ashx?id=2939067&use=l&cat=p&typeid=i","cat":289557},{"id":45052,"n":"Velouté Régal Soupe Potiron Châtaigne - 1L","p":2.46,"u":"2,46 €/L","img":"https://fd2-photos.leclercdrive.fr/image.ashx?id=2607569&use=l&cat=p&typeid=i","cat":284462},{"id":45055,"n":"Soupe velouté Régal Soupe Légumes du soleil 2x30cl","p":1.62,"u":"2,70 €/L","img":"https://fd2-photos.leclercdrive.fr/image.ashx?id=2983814&use=l&cat=p&typeid=i","cat":284462},{"id":45065,"n":"Bretzels d'alsace NRT sachet 200g","p":0.74,"u":"3,70 €/KG","img":"https://fd2-photos.leclercdrive.fr/image.ashx?id=2638018&use=l&cat=p&typeid=i","cat":297000},{"id":45102,"n":"Culottes bébé Mots d'Enfants  T4 : 8/15kg - x22 changes","p":5.35,"u":"0,24 €/P","img":"https://fd2-photos.leclercdrive.fr/image.ashx?id=2907198&use=l&cat=p&typeid=i","cat":290633},{"id":45138,"n":"Biscuits Bio Bjorg complets P'tit nature - 200g","p":1.54,"u":"7,70 €/KG","img":"https://fd2-photos.leclercdrive.fr/image.ashx?id=2906157&use=l&cat=p&typeid=i","cat":284487},{"id":45148,"n":"Boisson végétale épeautre noisette Bjorg Bio - 1L","p":2.34,"u":"2,34 €/L","img":"https://fd2-photos.leclercdrive.fr/image.ashx?id=2960804&use=l&cat=p&typeid=i","cat":316067},{"id":45165,"n":"Pots soir bébé bio Babybio Légumes blé - 6 mois - 2x200g","p":2.69,"u":"6,73 €/KG","img":"https://fd2-photos.leclercdrive.fr/image.ashx?id=2827479&use=l&cat=p&typeid=i","cat":312239},{"id":45167,"n":"Flocons avoine bio  Terres et Céréales - 500g","p":1.87,"u":"3,74 €/KG","img":"https://fd2-photos.leclercdrive.fr/image.ashx?id=2471907&use=l&cat=p&typeid=i","cat":309512},{"id":45185,"n":"Tablette de chocolat Alter Eco  Pérou Bio Noir 90% - 100g","p":2.76,"u":"27,60 €/KG","img":"https://fd2-photos.leclercdrive.fr/image.ashx?id=2906544&use=l&cat=p&typeid=i","cat":284956},{"id":45192,"n":"Pâtes bio Jardin Bio Coquillettes 3 min - 500g","p":1.8,"u":"3,60 €/KG","img":"https://fd2-photos.leclercdrive.fr/image.ashx?id=2939976&use=l&cat=p&typeid=i","cat":284427},{"id":45197,"n":"Quinoa boulghour  Céréal Bio  à l'Indienne bio -220g","p":2.05,"u":"9,32 €/KG","img":"https://fd2-photos.leclercdrive.fr/image.ashx?id=2574068&use=l&cat=p&typeid=i","cat":287600},{"id":45213,"n":"Flageolets Jardin Bio  Bio cuisinés - 680g","p":3.13,"u":"4,60 €/KG","img":"https://fd2-photos.leclercdrive.fr/image.ashx?id=2918319&use=l&cat=p&typeid=i","cat":312606},{"id":45217,"n":"Galette  Céréal Bio  Bio riz légumes Colombo x2 200g","p":3.05,"u":"15,25 €/KG","img":"https://fd2-photos.leclercdrive.fr/image.ashx?id=2573510&use=l&cat=p&typeid=i","cat":284953},{"id":45222,"n":"Galettes maïs Bjorg Bio Chocolat au lait 100g","p":3.39,"u":"33,90 €/KG","img":"https://fd2-photos.leclercdrive.fr/image.ashx?id=2972973&use=l&cat=p&typeid=i","cat":318651},{"id":45225,"n":"Galettes de riz Bio Bjorg Chocolat au lait - 90g","p":2.93,"u":"32,56 €/KG","img":"https://fd2-photos.leclercdrive.fr/image.ashx?id=2882442&use=l&cat=p&typeid=i","cat":318651},{"id":45229,"n":"biscuits gaufres bio bjorg  Miel - 175g","p":2.11,"u":"12,06 €/KG","img":"https://fd2-photos.leclercdrive.fr/image.ashx?id=2915973&use=l&cat=p&typeid=i","cat":294777},{"id":45239,"n":"plat cuisiné lentilles bio carottes  bjorg 250g","p":1.72,"u":"6,88 €/KG","img":"https://fd2-photos.leclercdrive.fr/image.ashx?id=2861521&use=l&cat=p&typeid=i","cat":287600},{"id":45243,"n":"Lait de coco fluide Bio Bjorg 200ml","p":1.68,"u":"8,40 €/L","img":"https://fd2-photos.leclercdrive.fr/image.ashx?id=2752995&use=l&cat=p&typeid=i","cat":288992},{"id":45244,"n":"boisson végétale lait d'amande  bio bjorg 1l","p":2.37,"u":"2,37 €/L","img":"https://fd2-photos.leclercdrive.fr/image.ashx?id=2967067&use=l&cat=p&typeid=i","cat":316067},{"id":45245,"n":"Boisson végétale lait d'amande  vanille bjorg bio - 1l","p":2.17,"u":"2,17 €/L","img":"https://fd2-photos.leclercdrive.fr/image.ashx?id=2991978&use=l&cat=p&typeid=i","cat":316067},{"id":45247,"n":"Maïs bio Géant Vert extra croquant - 2x140g","p":2.49,"u":"8,89 €/KG","img":"https://fd2-photos.leclercdrive.fr/image.ashx?id=2840545&use=l&cat=p&typeid=i","cat":312611},{"id":45251,"n":"Lentilles vertes Jardin Bio  Bio saveur du terroir - 250g","p":1.81,"u":"7,24 €/KG","img":"https://fd2-photos.leclercdrive.fr/image.ashx?id=2535559&use=l&cat=p&typeid=i","cat":287600},{"id":45252,"n":"Lentilles Jardin Bio  Bio façon petit salé - 250g","p":2.23,"u":"8,92 €/KG","img":"https://fd2-photos.leclercdrive.fr/image.ashx?id=2535019&use=l&cat=p&typeid=i","cat":287600},{"id":45262,"n":"Orge pruneaux bio Céréal Bio  Marocain repas express-220g","p":1.95,"u":"8,86 €/KG","img":"https://fd2-photos.leclercdrive.fr/image.ashx?id=2575075&use=l&cat=p&typeid=i","cat":287600},{"id":45276,"n":"Pain de mie La Boulangère  Céréales Bio - 500g","p":2.19,"u":"4,38 €/KG","img":"https://fd2-photos.leclercdrive.fr/image.ashx?id=2912398&use=l&cat=p&typeid=i","cat":284477},{"id":45288,"n":"Compote bébé Babybio Bio 4 mois Pomme / Myrtille - 2x130g","p":1.95,"u":"7,50 €/KG","img":"https://fd2-photos.leclercdrive.fr/image.ashx?id=2827491&use=l&cat=p&typeid=i","cat":312387},{"id":45290,"n":"Petits pois Le jardin Bio  Bio extra fins - 445g","p":3.47,"u":"7,80 €/KG","img":"https://fd2-photos.leclercdrive.fr/image.ashx?id=2944735&use=l&cat=p&typeid=i","cat":312607},{"id":45291,"n":"Quinoa Jardin Bio  Bio poulet et Sésame - 250g","p":2.23,"u":"8,92 €/KG","img":"https://fd2-photos.leclercdrive.fr/image.ashx?id=2956433&use=l&cat=p&typeid=i","cat":287600},{"id":45339,"n":"Tartine sarrasin Céréal Bio Bio - 145g","p":1.5,"u":"10,34 €/KG","img":"https://fd2-photos.leclercdrive.fr/image.ashx?id=2810792&use=l&cat=p&typeid=i","cat":284479},{"id":45353,"n":"Tartines bio Jardin Bio Multicéréales sans gluten -150g","p":2.17,"u":"14,47 €/KG","img":"https://fd2-photos.leclercdrive.fr/image.ashx?id=2537646&use=l&cat=p&typeid=i","cat":318654},{"id":45354,"n":"Tartines bio Jardin Bio Châtaigne sans gluten - 150g","p":2.39,"u":"15,93 €/KG","img":"https://fd2-photos.leclercdrive.fr/image.ashx?id=2537649&use=l&cat=p&typeid=i","cat":318654},{"id":45355,"n":"Thé vert Bio Clipper Au Citron - 20 sachets - 35g","p":1.84,"u":"52,57 €/KG","img":"https://fd2-photos.leclercdrive.fr/image.ashx?id=2922089&use=l&cat=p&typeid=i","cat":293233},{"id":45372,"n":"Tomates pelées Jardin Bio  Bio Entières au jus - 240g","p":1.07,"u":"4,46 €/KG","img":"https://fd2-photos.leclercdrive.fr/image.ashx?id=2967911&use=l&cat=p&typeid=i","cat":288384},{"id":45415,"n":"Fromage Emmental Entremont Râpé  - 300g","p":3.36,"u":"11,20 €/KG","img":"https://fd2-photos.leclercdrive.fr/image.ashx?id=2983156&use=l&cat=p&typeid=i","cat":314035},{"id":45437,"n":"Bâtonnets Surimi grands Coraya x10 - 156g","p":2.29,"u":"14,68 €/KG","img":"https://fd2-photos.leclercdrive.fr/image.ashx?id=2762133&use=l&cat=p&typeid=i","cat":285189},{"id":45454,"n":"Soufflés Tornades 3D Tokapi  Paprika 85g","p":0.73,"u":"8,59 €/KG","img":"https://fd2-photos.leclercdrive.fr/image.ashx?id=2093861&use=l&cat=p&typeid=i","cat":284449},{"id":45456,"n":"Chips Bio Village Bio Nature - 6x30g","p":2.99,"u":"16,61 €/KG","img":"https://fd2-photos.leclercdrive.fr/image.ashx?id=2838957&use=l&cat=p&typeid=i","cat":284447},{"id":45498,"n":"Sacs poubelle 30L Elembal Ultra resist - x20","p":3.25,"u":"0,16 €/P","img":"https://fd2-photos.leclercdrive.fr/image.ashx?id=2958729&use=l&cat=p&typeid=i","cat":285168},{"id":45499,"n":"Sacs poubelle 50L Elembal Ultra résist - x15","p":3.9,"u":"0,26 €/P","img":"https://fd2-photos.leclercdrive.fr/image.ashx?id=2958732&use=l&cat=p&typeid=i","cat":285168},{"id":45500,"n":"Sacs poubelle 100L Elembal Ultra résist - x10","p":3.73,"u":"0,37 €/P","img":"https://fd2-photos.leclercdrive.fr/image.ashx?id=2958735&use=l&cat=p&typeid=i","cat":285168},{"id":45540,"n":"Pizza l'Ovale Sodebo Jambon et fromages - 200g","p":1.39,"u":"6,95 €/KG","img":"https://fd2-photos.leclercdrive.fr/image.ashx?id=2407211&use=l&cat=p&typeid=i","cat":333679},{"id":45541,"n":"Pizza l'Ovale Sodebo 3 fromages fondants - 200g","p":1.45,"u":"7,25 €/KG","img":"https://fd2-photos.leclercdrive.fr/image.ashx?id=2723644&use=l&cat=p&typeid=i","cat":333679},{"id":45576,"n":"Fromage raclette Les Croisés  Nature et fumé 400g","p":5.34,"u":"13,35 €/KG","img":"https://fd2-photos.leclercdrive.fr/image.ashx?id=2793233&use=l&cat=p&typeid=i","cat":314037},{"id":45607,"n":"Filet de canard fumé Le Gaulois Pré-tranché - 90g","p":5.0,"u":"55,56 €/KG","img":"https://fd2-photos.leclercdrive.fr/image.ashx?id=2236833&use=l&cat=p&typeid=i","cat":284339},{"id":45617,"n":"Cuisse de pintade Le Gaulois Farci au foie gras x2 - 320g","p":9.3,"u":"29,06 €/KG","img":"https://fd2-photos.leclercdrive.fr/image.ashx?id=2344690&use=l&cat=p&typeid=i","cat":327289},{"id":45625,"n":"Yaourts brassés Ker Ronan  Vanille - 4x125g","p":1.86,"u":"3,72 €/KG","img":"https://fd2-photos.leclercdrive.fr/image.ashx?id=1989525&use=l&cat=p&typeid=i","cat":284410},{"id":45626,"n":"Yaourts brassés Ker Ronan  Fraise - 4x125g","p":2.51,"u":"5,02 €/KG","img":"https://fd2-photos.leclercdrive.fr/image.ashx?id=1989531&use=l&cat=p&typeid=i","cat":284410},{"id":45642,"n":"Ratatouille Cuisinée Cassegrain à la Provençale 185g","p":1.82,"u":"9,84 €/KG","img":"https://fd2-photos.leclercdrive.fr/image.ashx?id=2913007&use=l&cat=p&typeid=i","cat":312612},{"id":45644,"n":"Recharge SpaWax Expert Veet Figue Sucrée et Lys Violet x6","p":5.74,"u":"38,27 €/KG","img":"https://fd2-photos.leclercdrive.fr/image.ashx?id=2854351&use=l&cat=p&typeid=i","cat":325351},{"id":45671,"n":"Chips Bret's Chèvre/piment d'espelette -125g","p":1.18,"u":"9,44 €/KG","img":"https://fd2-photos.leclercdrive.fr/image.ashx?id=1941593&use=l&cat=p&typeid=i","cat":284447},{"id":45708,"n":"Yaourt à boire Mini Yop Aromatisé Fraise - 8x100g","p":2.31,"u":"2,89 €/KG","img":"https://fd2-photos.leclercdrive.fr/image.ashx?id=2985159&use=l&cat=p&typeid=i","cat":284415},{"id":45711,"n":"Fromage Croque emmental Président - 20 tranches - 340g","p":2.84,"u":"8,35 €/KG","img":"https://fd2-photos.leclercdrive.fr/image.ashx?id=2838163&use=l&cat=p&typeid=i","cat":314028},{"id":45712,"n":"Emmental râpé fondant Président 500g","p":4.61,"u":"9,22 €/KG","img":"https://fd2-photos.leclercdrive.fr/image.ashx?id=2489464&use=l&cat=p&typeid=i","cat":314035},{"id":45805,"n":"Emincé de thon Rondes des Mers Fumé - 100g","p":4.19,"u":"41,90 €/KG","img":"https://fd2-photos.leclercdrive.fr/image.ashx?id=2381435&use=l&cat=p&typeid=i","cat":285188},{"id":45806,"n":"Emincés de Haddock fumé MSC Ronde des mers - 100g","p":4.65,"u":"46,50 €/KG","img":"https://fd2-photos.leclercdrive.fr/image.ashx?id=2478772&use=l&cat=p&typeid=i","cat":285188},{"id":45826,"n":"Brosse à dents pro Dentamyl Médium x2","p":0.65,"u":"0,33 €/P","img":"https://fd2-photos.leclercdrive.fr/image.ashx?id=2790982&use=l&cat=p&typeid=i","cat":284614},{"id":45867,"n":"Crème dessert Mont Blanc Coupelles Chocolat - 4x125g","p":3.17,"u":"6,34 €/KG","img":"https://fd2-photos.leclercdrive.fr/image.ashx?id=2961104&use=l&cat=p&typeid=i","cat":284506},{"id":45868,"n":"Crème dessert Mont Blanc Coupelles Vanille - 4x125g","p":3.28,"u":"6,56 €/KG","img":"https://fd2-photos.leclercdrive.fr/image.ashx?id=2967301&use=l&cat=p&typeid=i","cat":284506},{"id":45869,"n":"Crème dessert Mont Blanc Coupelles Praliné - 4x125g","p":3.22,"u":"6,44 €/KG","img":"https://fd2-photos.leclercdrive.fr/image.ashx?id=2951890&use=l&cat=p&typeid=i","cat":284506},{"id":45870,"n":"Vinaigre ménager Clair 100% naturel - 1L","p":1.08,"u":"1,08 €/L","img":"https://fd2-photos.leclercdrive.fr/image.ashx?id=2779199&use=l&cat=p&typeid=i","cat":325365},{"id":45889,"n":"Nouilles Chinoises aux légumes Tradition d'Asie - 400g","p":3.4,"u":"8,50 €/KG","img":"https://fd2-photos.leclercdrive.fr/image.ashx?id=2504467&use=l&cat=p&typeid=i","cat":333673},{"id":45914,"n":"Caramel beurre salé NRT De Guérande -200g","p":3.29,"u":"16,45 €/KG","img":"https://fd2-photos.leclercdrive.fr/image.ashx?id=1907759&use=l&cat=p&typeid=i","cat":284481},{"id":45923,"n":"Pur jus d'orange Bio Village Bio avec pulpe - 1L","p":3.11,"u":"3,11 €/L","img":"https://fd2-photos.leclercdrive.fr/image.ashx?id=2901542&use=l&cat=p&typeid=i","cat":284521},{"id":45957,"n":"Jambon cru Quart Tranché Aoste Serrano - 18 tranches - 220g","p":5.12,"u":"23,27 €/KG","img":"https://fd2-photos.leclercdrive.fr/image.ashx?id=2937181&use=l&cat=p&typeid=i","cat":316007},{"id":45965,"n":"Saucisses Knacki Herta Poulet x6 - 210g","p":1.37,"u":"6,52 €/KG","img":"https://fd2-photos.leclercdrive.fr/image.ashx?id=2290428&use=l&cat=p&typeid=i","cat":316012},{"id":46006,"n":"AOP Jurançon vin blanc Moelleux Terrasses d'Autan-75cl","p":6.99,"u":"9,32 €/L","img":"https://fd2-photos.leclercdrive.fr/image.ashx?id=2774859&use=l&cat=p&typeid=i","cat":289557},{"id":46016,"n":"Chocolat Pâtissier Tablette dOr Chocolat Noir - 3x200g","p":5.35,"u":"8,92 €/KG","img":"https://fd2-photos.leclercdrive.fr/image.ashx?id=2958519&use=l&cat=p&typeid=i","cat":285562},{"id":46021,"n":"Brandade de morue Gastromer A l'huile d'olive - 600g","p":4.97,"u":"8,28 €/KG","img":"https://fd2-photos.leclercdrive.fr/image.ashx?id=2594630&use=l&cat=p&typeid=i","cat":285094},{"id":46028,"n":"IGP Pays d'Oc Rosé Grenache Cinsault JP Chenet 12.5% BIB 3L","p":10.48,"u":"3,49 €/L","img":"https://fd2-photos.leclercdrive.fr/image.ashx?id=2941715&use=l&cat=p&typeid=i","cat":289560},{"id":46043,"n":"Barre 2 chocolats Gerlinéa  Repas minceur x10, 310g","p":5.31,"u":"17,13 €/KG","img":"https://fd2-photos.leclercdrive.fr/image.ashx?id=2638181&use=l&cat=p&typeid=i","cat":318652},{"id":46044,"n":"Barre chocolat orange GERLINEA  Repas minceur x10, 310g","p":6.54,"u":"21,10 €/KG","img":"https://fd2-photos.leclercdrive.fr/image.ashx?id=2654752&use=l&cat=p&typeid=i","cat":318652},{"id":46047,"n":"Sirop d'érable  250g","p":3.3,"u":"13,20 €/KG","img":"https://fd2-photos.leclercdrive.fr/image.ashx?id=2480298&use=l&cat=p&typeid=i","cat":287643},{"id":46051,"n":"Menus chat Tous mes amis Viande menus gourmands 24x100g","p":6.95,"u":"2,90 €/KG","img":"https://fd2-photos.leclercdrive.fr/image.ashx?id=2027607&use=l&cat=p&typeid=i","cat":285286},{"id":46052,"n":"Gelée pour chat Tous mes amis Poisson menus gourmands 24x100g","p":6.95,"u":"2,90 €/KG","img":"https://fd2-photos.leclercdrive.fr/image.ashx?id=2027604&use=l&cat=p&typeid=i","cat":285286},{"id":46166,"n":"Crackers bio Bio Village 3 graines - 200g","p":2.69,"u":"13,45 €/KG","img":"https://fd2-photos.leclercdrive.fr/image.ashx?id=2310504&use=l&cat=p&typeid=i","cat":297000},{"id":46245,"n":"Saucisses chipolatas 450g","p":4.25,"u":"9,44 €/KG","img":"https://fd2-photos.leclercdrive.fr/image.ashx?id=822242&use=l&cat=p&typeid=i","cat":284334},{"id":46381,"n":"Fromage Emmenta Les Croisés En dés - 150g","p":1.89,"u":"12,60 €/KG","img":"https://fd2-photos.leclercdrive.fr/image.ashx?id=2422550&use=l&cat=p&typeid=i","cat":314027},{"id":46456,"n":"Clafoutis Délisse Abricot - 4x85g","p":2.25,"u":"6,62 €/KG","img":"https://fd2-photos.leclercdrive.fr/image.ashx?id=2609574&use=l&cat=p&typeid=i","cat":284419},{"id":46462,"n":"Mini coudes Turini 500g","p":0.99,"u":"1,98 €/KG","img":"https://fd2-photos.leclercdrive.fr/image.ashx?id=2607566&use=l&cat=p&typeid=i","cat":284427},{"id":46473,"n":"Rhum blanc Trois Rivières 40% vol - 70cl","p":11.95,"u":"17,07 €/L","img":"https://fd2-photos.leclercdrive.fr/image.ashx?id=2766334&use=l&cat=p&typeid=i","cat":284550},{"id":46525,"n":"Brosse à dents pro Dentamyl Souple x1","p":1.47,"img":"https://fd2-photos.leclercdrive.fr/image.ashx?id=2790985&use=l&cat=p&typeid=i","cat":284614},{"id":46540,"n":"Croquette chat stérilisé Ultima Poulet - Sénior +10 ans - 1.5kg","p":6.69,"u":"4,46 €/KG","img":"https://fd2-photos.leclercdrive.fr/image.ashx?id=2922227&use=l&cat=p&typeid=i","cat":284680},{"id":46541,"n":"Croquette chat stérilisé Ultima Chat d'intérieur - Dinde -1.5kg","p":6.69,"u":"4,46 €/KG","img":"https://fd2-photos.leclercdrive.fr/image.ashx?id=2927009&use=l&cat=p&typeid=i","cat":284680},{"id":46545,"n":"Croquettes chiens adulte Ultima Medium/maxi - poulet - 2kg","p":6.48,"u":"3,24 €/KG","img":"https://fd2-photos.leclercdrive.fr/image.ashx?id=2902181&use=l&cat=p&typeid=i","cat":284672},{"id":46547,"n":"Croquette chat stérilisé Ultima  Truite - Sensible - 1.5kg","p":6.79,"u":"4,53 €/KG","img":"https://fd2-photos.leclercdrive.fr/image.ashx?id=2937436&use=l&cat=p&typeid=i","cat":284680},{"id":46654,"n":"Bière blonde La Chouffe 33cl","p":2.19,"u":"6,64 €/L","img":"https://fd2-photos.leclercdrive.fr/image.ashx?id=2877073&use=l&cat=p&typeid=i","cat":334872},{"id":46667,"n":"Monster Munch Salé - 135g","p":1.38,"u":"10,22 €/KG","img":"https://fd2-photos.leclercdrive.fr/image.ashx?id=2996935&use=l&cat=p&typeid=i","cat":284449},{"id":46703,"n":"Spray désodorisant Airwick  Pure Douceur de Coton - 250ml","p":2.69,"u":"10,76 €/L","img":"https://fd2-photos.leclercdrive.fr/image.ashx?id=2858600&use=l&cat=p&typeid=i","cat":311626},{"id":46792,"n":"Gel Douche Le Petit Marseillais  Hypoallergenic pomme-650ml","p":4.36,"u":"6,71 €/L","img":"https://fd2-photos.leclercdrive.fr/image.ashx?id=2180792&use=l&cat=p&typeid=i","cat":284594},{"id":46979,"n":"Biscotte bretonne heudebert Au sel de  guérande - 290g","p":2.36,"u":"8,14 €/KG","img":"https://fd2-photos.leclercdrive.fr/image.ashx?id=3002243&use=l&cat=p&typeid=i","cat":284479},{"id":46981,"n":"Petit cake Bonne Maman Aux fruits - 300g","p":2.81,"u":"9,37 €/KG","img":"https://fd2-photos.leclercdrive.fr/image.ashx?id=2936173&use=l&cat=p&typeid=i","cat":284493},{"id":46982,"n":"Cookies gros éclats Granola Chocolat - 276g","p":2.38,"u":"8,62 €/KG","img":"https://fd2-photos.leclercdrive.fr/image.ashx?id=3005335&use=l&cat=p&typeid=i","cat":325066},{"id":46984,"n":"Café et Chicorée Soluble Ricoré  Original Recharge - 180g","p":3.8,"u":"21,11 €/KG","img":"https://fd2-photos.leclercdrive.fr/image.ashx?id=2980112&use=l&cat=p&typeid=i","cat":284843},{"id":47038,"n":"Beurre de cacahuètes Ethiquable  Nicaragua - 350g","p":4.39,"u":"12,54 €/KG","img":"https://fd2-photos.leclercdrive.fr/image.ashx?id=2873396&use=l&cat=p&typeid=i","cat":284481},{"id":47068,"n":"Poulet Kerchant Prêt à cuire - 1.2kg","p":6.4,"u":"5,33 €/KG","img":"https://fd2-photos.leclercdrive.fr/image.ashx?id=2962416&use=l&cat=p&typeid=i","cat":284336},{"id":47070,"n":"Filet de poulet Kerchant 720g","p":9.65,"u":"13,40 €/KG","img":"https://fd2-photos.leclercdrive.fr/image.ashx?id=2962422&use=l&cat=p&typeid=i","cat":284336},{"id":47071,"n":"Cuisse de poulet Kerchant 1kg","p":5.77,"u":"5,77 €/KG","img":"https://fd2-photos.leclercdrive.fr/image.ashx?id=2962419&use=l&cat=p&typeid=i","cat":284336},{"id":47072,"n":"Pilons de poulet Kerchant  1kg","p":5.35,"u":"5,35 €/KG","img":"https://fd2-photos.leclercdrive.fr/image.ashx?id=2962428&use=l&cat=p&typeid=i","cat":284336},{"id":47074,"n":"Cuisses de poulet Kerchant  Haut de cuisse -750g","p":4.4,"u":"5,87 €/KG","img":"https://fd2-photos.leclercdrive.fr/image.ashx?id=2962425&use=l&cat=p&typeid=i","cat":284336},{"id":47080,"n":"Cordons Bleu poulet Le Gaulois 400g","p":4.6,"u":"11,50 €/KG","img":"https://fd2-photos.leclercdrive.fr/image.ashx?id=2860232&use=l&cat=p&typeid=i","cat":333683},{"id":47081,"n":"Nuggets de dinde Le Gaulois x4 - 400g","p":4.86,"u":"12,15 €/KG","img":"https://fd2-photos.leclercdrive.fr/image.ashx?id=2504629&use=l&cat=p&typeid=i","cat":333684},{"id":47083,"n":"Croq Extra Fromage Le Gaulois x2 - 200g","p":2.79,"u":"13,95 €/KG","img":"https://fd2-photos.leclercdrive.fr/image.ashx?id=2342845&use=l&cat=p&typeid=i","cat":333683},{"id":47084,"n":"Croq pizza Le Gaulois x2 - 200g","p":2.81,"u":"14,05 €/KG","img":"https://fd2-photos.leclercdrive.fr/image.ashx?id=2342836&use=l&cat=p&typeid=i","cat":333683},{"id":47125,"n":"Cidre bouché rosé Envie de rose 2.5%vol. - 75cl","p":2.57,"pp":1.7,"u":"2,27 €/L","img":"https://fd2-photos.leclercdrive.fr/image.ashx?id=2908984&use=l&cat=p&typeid=i","cat":334880},{"id":47128,"n":"Vin Union Européenne rouge Le Tonnelier - BIB 5L","p":9.2,"u":"1,84 €/L","img":"https://fd2-photos.leclercdrive.fr/image.ashx?id=2107468&use=l&cat=p&typeid=i","cat":289560},{"id":47129,"n":"Vin Union Européenne rouge Cabernet Sauvignon - BIB 5L","p":14.15,"u":"2,83 €/L","img":"https://fd2-photos.leclercdrive.fr/image.ashx?id=2476491&use=l&cat=p&typeid=i","cat":289560},{"id":47130,"n":"Vin Union européenne blanc Le Tonnelier - BIB 5L","p":9.02,"img":"https://fd2-photos.leclercdrive.fr/image.ashx?id=2107471&use=l&cat=p&typeid=i","cat":289557},{"id":47131,"n":"AOP Cabernet d'Anjou rosé Domaine des Forges - BIB 3L","p":14.21,"u":"4,74 €/L","img":"https://fd2-photos.leclercdrive.fr/image.ashx?id=859453&use=l&cat=p&typeid=i","cat":289560},{"id":47132,"n":"IGP Pays d'Oc blanc Les Ormes De Cambras Sauvignon 12% BIB 5L","p":16.15,"u":"3,23 €/L","img":"https://fd2-photos.leclercdrive.fr/image.ashx?id=2192389&use=l&cat=p&typeid=i","cat":289557},{"id":47169,"n":"Sacs poubelle 10L Elembal Salle de bain - x20","p":0.8,"u":"0,04 €/P","img":"https://fd2-photos.leclercdrive.fr/image.ashx?id=2793239&use=l&cat=p&typeid=i","cat":285168},{"id":47171,"n":"Papier toilette Eco+ x4","p":1.3,"u":"0,33 €/P","img":"https://fd2-photos.leclercdrive.fr/image.ashx?id=2765831&use=l&cat=p&typeid=i","cat":284634},{"id":47181,"n":"Essuie-tout compact 3=9 Eco+ x3","p":2.27,"u":"0,76 €/P","img":"https://fd2-photos.leclercdrive.fr/image.ashx?id=2741282&use=l&cat=p&typeid=i","cat":284635},{"id":47253,"n":"Escalope de dinde Le Gaulois x6 - 720g","p":11.7,"u":"16,25 €/KG","img":"https://fd2-photos.leclercdrive.fr/image.ashx?id=2405506&use=l&cat=p&typeid=i","cat":284337},{"id":47254,"n":"Pâtes Coudes Rayés Turini 1kg","p":1.75,"u":"1,75 €/KG","img":"https://fd2-photos.leclercdrive.fr/image.ashx?id=2980806&use=l&cat=p&typeid=i","cat":284427},{"id":47255,"n":"Pâtes linguine Turini  500g","p":0.91,"u":"1,82 €/KG","img":"https://fd2-photos.leclercdrive.fr/image.ashx?id=2607554&use=l&cat=p&typeid=i","cat":284427},{"id":47256,"n":"Pâtes Farfalles Turini  1kg","p":1.2,"u":"1,20 €/KG","img":"https://fd2-photos.leclercdrive.fr/image.ashx?id=2665574&use=l&cat=p&typeid=i","cat":284427},{"id":47257,"n":"Pâtes Spaghettoni Turini  500g","p":0.84,"u":"1,68 €/KG","img":"https://fd2-photos.leclercdrive.fr/image.ashx?id=2607557&use=l&cat=p&typeid=i","cat":284427},{"id":47258,"n":"Pâtes coquillettes Turini Blé complet  - 500g","p":1.09,"u":"2,18 €/KG","img":"https://fd2-photos.leclercdrive.fr/image.ashx?id=2607563&use=l&cat=p&typeid=i","cat":284427},{"id":47259,"n":"Pistaches Tokapi  Grillées à sec - 75g","p":1.65,"u":"22,00 €/KG","img":"https://fd2-photos.leclercdrive.fr/image.ashx?id=2795571&use=l&cat=p&typeid=i","cat":284448},{"id":47292,"n":"Porc : sauté  1.2kg","p":7.35,"u":"6,13 €/KG","img":"https://fd2-photos.leclercdrive.fr/image.ashx?id=619534&use=l&cat=p&typeid=i","cat":284331},{"id":47358,"n":"Sandwich Mega Club  Complet Jambon Emmental - 230g","p":2.11,"u":"9,17 €/KG","img":"https://fd2-photos.leclercdrive.fr/image.ashx?id=2959928&use=l&cat=p&typeid=i","cat":333658},{"id":47359,"n":"Sandwich Mega Club Sodebo  Pain Complet Poulet Mayo - 230g","p":1.69,"u":"7,35 €/KG","img":"https://fd2-photos.leclercdrive.fr/image.ashx?id=2960156&use=l&cat=p&typeid=i","cat":333658},{"id":47360,"n":"Fromage à tartiner Madame Loïk Fouetté Ail Fines Herbes - 150g","p":1.45,"u":"9,67 €/KG","img":"https://fd2-photos.leclercdrive.fr/image.ashx?id=2948021&use=l&cat=p&typeid=i","cat":314029},{"id":47361,"n":"Bûche de chèvre Président 250g","p":2.94,"u":"11,76 €/KG","img":"https://fd2-photos.leclercdrive.fr/image.ashx?id=2446647&use=l&cat=p&typeid=i","cat":314031},{"id":47363,"n":"Préfou à l'ail Paso L'authentique - 300g","p":4.53,"u":"15,10 €/KG","img":"https://fd2-photos.leclercdrive.fr/image.ashx?id=2801446&use=l&cat=p&typeid=i","cat":316003},{"id":47382,"n":"Vin Union Européenne rouge Cramoisay - BIB 5L","p":13.49,"u":"2,70 €/L","img":"https://fd2-photos.leclercdrive.fr/image.ashx?id=2943861&use=l&cat=p&typeid=i","cat":289560},{"id":47389,"n":"AOP Bordeaux rouge Bio Nos racines - 75cl","p":6.07,"u":"8,09 €/L","img":"https://fd2-photos.leclercdrive.fr/image.ashx?id=2544452&use=l&cat=p&typeid=i","cat":289556},{"id":47410,"n":"Café moulu Le Ménez Bré  Colombie - 250g","p":5.28,"u":"21,12 €/KG","img":"https://fd2-photos.leclercdrive.fr/image.ashx?id=2885375&use=l&cat=p&typeid=i","cat":284750},{"id":47411,"n":"Café moulu Le Menez Bré L'Exquis - 250g","p":4.31,"u":"17,24 €/KG","img":"https://fd2-photos.leclercdrive.fr/image.ashx?id=2885381&use=l&cat=p&typeid=i","cat":284750},{"id":47528,"n":"Vin mousseux J.P Chenet Blanc 11%vol - 75cl","p":5.18,"u":"6,91 €/L","img":"https://fd2-photos.leclercdrive.fr/image.ashx?id=2794469&use=l&cat=p&typeid=i","cat":284544},{"id":47529,"n":"Vin mousseux de France Rosé J.P Chenet 11%vol - 75cl","p":5.14,"u":"6,85 €/L","img":"https://fd2-photos.leclercdrive.fr/image.ashx?id=2794472&use=l&cat=p&typeid=i","cat":284544},{"id":47543,"n":"Sucettes Chupa Chups Au fruits, sachet - 192g","p":1.92,"u":"10,00 €/KG","img":"https://fd2-photos.leclercdrive.fr/image.ashx?id=2647651&use=l&cat=p&typeid=i","cat":304252},{"id":47563,"n":"Macédoine de Légumes Bonduelle 265g","p":0.91,"u":"3,43 €/KG","img":"https://fd2-photos.leclercdrive.fr/image.ashx?id=2910007&use=l&cat=p&typeid=i","cat":312612},{"id":47567,"n":"Rhum blanc Clément  Martinique, agricole - 70cl","p":12.5,"pp":10.0,"u":"14,29 €/L","img":"https://fd2-photos.leclercdrive.fr/image.ashx?id=1973141&use=l&cat=p&typeid=i","cat":284550},{"id":47592,"n":"Crêpe fourrée Whaou Cracky choco x8 - 256g","p":2.12,"u":"8,28 €/KG","img":"https://fd2-photos.leclercdrive.fr/image.ashx?id=2971029&use=l&cat=p&typeid=i","cat":284494},{"id":47593,"n":"Yaourts Mamie Nova Chocolat - 2x150g","p":1.3,"u":"4,33 €/KG","img":"https://fd2-photos.leclercdrive.fr/image.ashx?id=2909029&use=l&cat=p&typeid=i","cat":285041},{"id":47594,"n":"Yaourts Mamie Nova  Café - 2x150g","p":1.28,"u":"4,27 €/KG","img":"https://fd2-photos.leclercdrive.fr/image.ashx?id=2909035&use=l&cat=p&typeid=i","cat":285041},{"id":47646,"n":"Pâtes Macaroni Panzani  3 Minutes - 500G","p":1.06,"u":"2,12 €/KG","img":"https://fd2-photos.leclercdrive.fr/image.ashx?id=2896081&use=l&cat=p&typeid=i","cat":284427},{"id":47681,"n":"Sauce pizza Turini aux tomates et origan - 390g","p":0.99,"u":"2,54 €/KG","img":"https://fd2-photos.leclercdrive.fr/image.ashx?id=2412025&use=l&cat=p&typeid=i","cat":288384},{"id":47686,"n":"Fromage Spécialité Babybel Maxi - 200g","p":2.14,"u":"10,70 €/KG","img":"https://fd2-photos.leclercdrive.fr/image.ashx?id=2806913&use=l&cat=p&typeid=i","cat":314030},{"id":47693,"n":"AOP Saint-Émilion vin rouge Chantet Blanet - 75cl","p":8.95,"u":"11,93 €/L","img":"https://fd2-photos.leclercdrive.fr/image.ashx?id=2677116&use=l&cat=p&typeid=i","cat":289556},{"id":47694,"n":"AOC Sauternes vin blanc Chantet Blanet - 75cl","p":12.99,"u":"17,32 €/L","img":"https://fd2-photos.leclercdrive.fr/image.ashx?id=2748055&use=l&cat=p&typeid=i","cat":289557},{"id":47698,"n":"AOC Madiran vin rouge  Terrasses d'Autan - 75cl","p":4.49,"u":"5,99 €/L","img":"https://fd2-photos.leclercdrive.fr/image.ashx?id=2800270&use=l&cat=p&typeid=i","cat":289556},{"id":47718,"n":"Boisson gourmande PAGO Cocktail Tropical Vitaminé - 75cl","p":1.77,"u":"2,36 €/L","img":"https://fd2-photos.leclercdrive.fr/image.ashx?id=2861854&use=l&cat=p&typeid=i","cat":284917},{"id":47722,"n":"Compotes Pom'Potes Gourdes  Pomme Nature - 12x90g","p":4.58,"u":"4,24 €/KG","img":"https://fd2-photos.leclercdrive.fr/image.ashx?id=2968082&use=l&cat=p&typeid=i","cat":284508},{"id":47724,"n":"Compotes Pom'Potes Gourdes  Sans sucres- 20x90g","p":7.65,"u":"4,25 €/KG","img":"https://fd2-photos.leclercdrive.fr/image.ashx?id=2883408&use=l&cat=p&typeid=i","cat":284508},{"id":47725,"n":"Bière blonde Lime Desperados 3%vol. - 3x33cl","p":4.65,"u":"4,70 €/L","img":"https://fd2-photos.leclercdrive.fr/image.ashx?id=2655868&use=l&cat=p&typeid=i","cat":334878},{"id":47726,"n":"Bière Red Desperados 5.9%vol. - 3x33cl","p":4.89,"u":"4,94 €/L","img":"https://fd2-photos.leclercdrive.fr/image.ashx?id=2918640&use=l&cat=p&typeid=i","cat":334878},{"id":47743,"n":"Lait en poudre écrémé Régilait Instantané - 300g","p":2.43,"u":"8,10 €/KG","img":"https://fd2-photos.leclercdrive.fr/image.ashx?id=2110080&use=l&cat=p&typeid=i","cat":299162},{"id":47790,"n":"Crottin poitevin NRT Fromage de chèvre - 2x60g","p":3.1,"u":"25,83 €/KG","img":"https://fd2-photos.leclercdrive.fr/image.ashx?id=2932432&use=l&cat=p&typeid=i","cat":314031},{"id":47794,"n":"Fromage Tomme de Savoie NRT IGP 300g","p":4.29,"u":"14,30 €/KG","img":"https://fd2-photos.leclercdrive.fr/image.ashx?id=2934835&use=l&cat=p&typeid=i","cat":329184},{"id":47797,"n":"Papier toilette Lotus Confort Blanc - Aquatube - x12","p":3.92,"u":"0,33 €/P","img":"https://fd2-photos.leclercdrive.fr/image.ashx?id=3002213&use=l&cat=p&typeid=i","cat":284634},{"id":47807,"n":"Boisson Sunny Delight Multivitamines - 1,25L","p":2.26,"u":"1,81 €/L","img":"https://fd2-photos.leclercdrive.fr/image.ashx?id=2309948&use=l&cat=p&typeid=i","cat":285435},{"id":47840,"n":"Confit de canard Montfort Le sachet de 4 cuisses - 1kg","p":15.7,"u":"15,70 €/KG","img":"https://fd2-photos.leclercdrive.fr/image.ashx?id=2342454&use=l&cat=p&typeid=i","cat":284339},{"id":47841,"n":"Crème glacée l'Angélys Café - 450g","p":5.19,"u":"11,53 €/KG","img":"https://fd2-photos.leclercdrive.fr/image.ashx?id=2963568&use=l&cat=p&typeid=i","cat":284263},{"id":47842,"n":"Crème glacée L'Angélys Rhum Raisins - 500g","p":5.19,"u":"10,38 €/KG","img":"https://fd2-photos.leclercdrive.fr/image.ashx?id=2963577&use=l&cat=p&typeid=i","cat":284263},{"id":47872,"n":"IGP Atlantique blanc Honoré de Berticot - 75cl","p":3.6,"u":"4,80 €/L","img":"https://fd2-photos.leclercdrive.fr/image.ashx?id=1882265&use=l&cat=p&typeid=i","cat":289557},{"id":47925,"n":"Soupe de poissons Gastromer 1kg","p":1.79,"u":"1,79 €/KG","img":"https://fd2-photos.leclercdrive.fr/image.ashx?id=1952066&use=l&cat=p&typeid=i","cat":285192},{"id":47926,"n":"Ktipiti Extra L'atelier blini - 175g","p":2.59,"u":"14,80 €/KG","img":"https://fd2-photos.leclercdrive.fr/image.ashx?id=2973706&use=l&cat=p&typeid=i","cat":315999},{"id":47927,"n":"Blinis Cocktail Blini x16 - 135g","p":1.72,"u":"12,74 €/KG","img":"https://fd2-photos.leclercdrive.fr/image.ashx?id=2947952&use=l&cat=p&typeid=i","cat":285191},{"id":47946,"n":"Baguette Tradigraines  250g","p":1.25,"u":"5,00 €/KG","img":"https://fd2-photos.leclercdrive.fr/image.ashx?id=2063104&use=l&cat=p&typeid=i","cat":284359},{"id":48007,"n":"Vin mousseux de France Kriter blanc Demi-sec - 75cl","p":4.85,"u":"6,47 €/L","img":"https://fd2-photos.leclercdrive.fr/image.ashx?id=2840871&use=l&cat=p&typeid=i","cat":284544},{"id":48011,"n":"AOP Côtes de Provence rosé Parsat - BIB 3L","p":13.54,"u":"4,51 €/L","img":"https://fd2-photos.leclercdrive.fr/image.ashx?id=2905420&use=l&cat=p&typeid=i","cat":289560},{"id":48029,"n":"Sirop Moulin de Valdonne Pêche blanche - 70cl","p":3.38,"u":"4,83 €/L","img":"https://fd2-photos.leclercdrive.fr/image.ashx?id=2842678&use=l&cat=p&typeid=i","cat":295020},{"id":48030,"n":"Bâtonnets surimi Fleury Michon  Fromage et herbes MSC x16 -256g","p":2.78,"u":"10,86 €/KG","img":"https://fd2-photos.leclercdrive.fr/image.ashx?id=2936944&use=l&cat=p&typeid=i","cat":285189},{"id":48055,"n":"Hachis parmentier Marie  1kg","p":5.79,"u":"5,79 €/KG","img":"https://fd2-photos.leclercdrive.fr/image.ashx?id=2993385&use=l&cat=p&typeid=i","cat":284254},{"id":48079,"n":"Vinaigre de Cidre MAILLE au jus de pomme concentré 50cl","p":1.98,"u":"3,96 €/L","img":"https://fd2-photos.leclercdrive.fr/image.ashx?id=2945421&use=l&cat=p&typeid=i","cat":298543},{"id":48106,"n":"Thon vapeur Petit Navire 130g","p":1.92,"u":"14,77 €/KG","img":"https://fd2-photos.leclercdrive.fr/image.ashx?id=2536918&use=l&cat=p&typeid=i","cat":303867},{"id":48107,"n":"Thon mariné Petit Navire Citron/thym - 110g","p":1.92,"u":"17,45 €/KG","img":"https://fd2-photos.leclercdrive.fr/image.ashx?id=2986122&use=l&cat=p&typeid=i","cat":303867},{"id":48118,"n":"Whisky Glenmorangie Original 10ans - 40%vol - 70cl","p":30.7,"u":"43,86 €/L","img":"https://fd2-photos.leclercdrive.fr/image.ashx?id=2525408&use=l&cat=p&typeid=i","cat":284547},{"id":48129,"n":"Aneth Florette 11g","p":1.44,"u":"130,91 €/KG","img":"https://fd2-photos.leclercdrive.fr/image.ashx?id=2645573&use=l&cat=p&typeid=i","cat":293607},{"id":48152,"n":"Ecrasé de pdt Florette Huile d'olive - 2x200g","p":2.6,"u":"6,67 €/KG","img":"https://fd2-photos.leclercdrive.fr/image.ashx?id=2795144&use=l&cat=p&typeid=i","cat":333665},{"id":48164,"n":"Barres céréales Extra Kellogg's Chocolat et Amande - 4x32g","p":2.58,"u":"20,16 €/KG","img":"https://fd2-photos.leclercdrive.fr/image.ashx?id=2736601&use=l&cat=p&typeid=i","cat":285869},{"id":48167,"n":"Dosettes café Plantation  Doux - x36 - 250g","p":3.83,"u":"15,32 €/KG","img":"https://fd2-photos.leclercdrive.fr/image.ashx?id=2622121&use=l&cat=p&typeid=i","cat":293238},{"id":48200,"n":"Rillettes de poulet rôti Bordeau Chesnel - 220g","p":2.14,"u":"9,73 €/KG","img":"https://fd2-photos.leclercdrive.fr/image.ashx?id=2855046&use=l&cat=p&typeid=i","cat":316008},{"id":48202,"n":"Olives farcies Croc'frais Aux amandes - 200g","p":3.28,"u":"16,40 €/KG","img":"https://fd2-photos.leclercdrive.fr/image.ashx?id=2589401&use=l&cat=p&typeid=i","cat":316002},{"id":48203,"n":"Olives vertes Croc'frais A l'orientale Dénoyautées 200g","p":2.95,"u":"14,75 €/KG","img":"https://fd2-photos.leclercdrive.fr/image.ashx?id=2833702&use=l&cat=p&typeid=i","cat":316002},{"id":48204,"n":"Olives farcies Croc'frais A la pâte d'anchois - 200g","p":2.95,"u":"14,75 €/KG","img":"https://fd2-photos.leclercdrive.fr/image.ashx?id=2589380&use=l&cat=p&typeid=i","cat":316002},{"id":48211,"n":"Mélange de saison Florette 320g","p":2.32,"u":"7,25 €/KG","img":"https://fd2-photos.leclercdrive.fr/image.ashx?id=2844055&use=l&cat=p&typeid=i","cat":284353},{"id":48226,"n":"Petit Pois, Carotte Cassegrain Tendres et Fondants 130g","p":1.24,"u":"9,54 €/KG","img":"https://fd2-photos.leclercdrive.fr/image.ashx?id=2912977&use=l&cat=p&typeid=i","cat":312607},{"id":48254,"n":"Filets de maquereaux Saupiquet Natures - Grillés - 120g","p":2.12,"u":"17,67 €/KG","img":"https://fd2-photos.leclercdrive.fr/image.ashx?id=2873868&use=l&cat=p&typeid=i","cat":303868},{"id":48255,"n":"Recharge EasyWax Expert Veet Bras Jambes Peaux Normales 50ml","p":6.65,"u":"133,00 €/L","img":"https://fd2-photos.leclercdrive.fr/image.ashx?id=2970789&use=l&cat=p&typeid=i","cat":325351},{"id":48258,"n":"Croquettes chat Ultima Stérilisé - Saumon - 3kg","p":11.16,"u":"3,72 €/KG","img":"https://fd2-photos.leclercdrive.fr/image.ashx?id=2922221&use=l&cat=p&typeid=i","cat":284680},{"id":48265,"n":"Porto Cruz  Réserve - 19%vol - 75cl","p":10.51,"u":"14,01 €/L","img":"https://fd2-photos.leclercdrive.fr/image.ashx?id=3011092&use=l&cat=p&typeid=i","cat":284913},{"id":48272,"n":"Liqueur de menthe Get 31 24° - 70cl","p":14.31,"u":"20,44 €/L","img":"https://fd2-photos.leclercdrive.fr/image.ashx?id=2840497&use=l&cat=p&typeid=i","cat":286032},{"id":48294,"n":"Rillettes du Mans La Véritable Bordeau Chesnel - 110g","p":1.64,"u":"14,91 €/KG","img":"https://fd2-photos.leclercdrive.fr/image.ashx?id=1933083&use=l&cat=p&typeid=i","cat":316008},{"id":48299,"n":"Burger Le Charolais Daunat Boeuf emmental - 180g","p":2.62,"u":"14,56 €/KG","img":"https://fd2-photos.leclercdrive.fr/image.ashx?id=2967175&use=l&cat=p&typeid=i","cat":333671},{"id":48302,"n":"Sandwich triangle Daunat Poulet rôti mayonnaise - 160g","p":1.44,"u":"9,00 €/KG","img":"https://fd2-photos.leclercdrive.fr/image.ashx?id=2894257&use=l&cat=p&typeid=i","cat":333658},{"id":48306,"n":"IGP Pays d'Oc rosé Grenache Les Ormes de Cambras 11.5% 75cl","p":3.13,"u":"4,17 €/L","img":"https://fd2-photos.leclercdrive.fr/image.ashx?id=2285234&use=l&cat=p&typeid=i","cat":289558},{"id":48307,"n":"IGP Pays d'Oc rosé Grenache Les Ormes de Cambras - BIB 5L","p":16.1,"u":"3,22 €/L","img":"https://fd2-photos.leclercdrive.fr/image.ashx?id=2489458&use=l&cat=p&typeid=i","cat":289560},{"id":48309,"n":"Bière aromatisée Skøll Vodka et agrumes - 3x33cl","p":3.75,"u":"3,79 €/L","img":"https://fd2-photos.leclercdrive.fr/image.ashx?id=2803556&use=l&cat=p&typeid=i","cat":334878},{"id":48310,"n":"Concentré à diluer Pulco Citron vert - 70cl","p":2.5,"u":"3,57 €/L","img":"https://fd2-photos.leclercdrive.fr/image.ashx?id=2686630&use=l&cat=p&typeid=i","cat":295020},{"id":48311,"n":"Concentré à diluer Pulco Orange Citron - 70cl","p":2.61,"u":"3,73 €/L","img":"https://fd2-photos.leclercdrive.fr/image.ashx?id=2686633&use=l&cat=p&typeid=i","cat":295020},{"id":48314,"n":"Spécialité laitière Délisse Oncteux Stracciatella - 4x120g","p":1.76,"u":"3,67 €/KG","img":"https://fd2-photos.leclercdrive.fr/image.ashx?id=2554834&use=l&cat=p&typeid=i","cat":314999},{"id":48339,"n":"Chocolat au lait Lindt  Praliné Noisette - 100g","p":2.03,"u":"20,30 €/KG","img":"https://fd2-photos.leclercdrive.fr/image.ashx?id=2751321&use=l&cat=p&typeid=i","cat":284497},{"id":48352,"n":"Tablette de chocolat noir Lindt Orange intense - 100g","p":2.24,"u":"22,40 €/KG","img":"https://fd2-photos.leclercdrive.fr/image.ashx?id=2689496&use=l&cat=p&typeid=i","cat":284956},{"id":48353,"n":"Tablette de chocolat noir Lindt 70% cacao - 100g","p":2.32,"u":"23,20 €/KG","img":"https://fd2-photos.leclercdrive.fr/image.ashx?id=2681592&use=l&cat=p&typeid=i","cat":284956},{"id":48354,"n":"Tablette de chocolat noir Lindt 85% cacao - 100g","p":2.24,"u":"22,40 €/KG","img":"https://fd2-photos.leclercdrive.fr/image.ashx?id=2681589&use=l&cat=p&typeid=i","cat":284956},{"id":48355,"n":"Tablette de chocolat noir Lindt Caramel Pointe de sel - 100g","p":2.24,"u":"22,40 €/KG","img":"https://fd2-photos.leclercdrive.fr/image.ashx?id=2689493&use=l&cat=p&typeid=i","cat":284956},{"id":48376,"n":"Café moulu Velours Noir 100% Arabica - 2x250g","p":9.24,"u":"18,48 €/KG","img":"https://fd2-photos.leclercdrive.fr/image.ashx?id=2229299&use=l&cat=p&typeid=i","cat":284750},{"id":48378,"n":"Café moulu Jacques Vabre Brésil 100% Arabica - 250g","p":4.56,"u":"18,24 €/KG","img":"https://fd2-photos.leclercdrive.fr/image.ashx?id=2100380&use=l&cat=p&typeid=i","cat":284750},{"id":48383,"n":"Gel Lubrifiant Massage 2 en 1 Durex Sensuel Ylang Ylang 200ml","p":6.06,"u":"30,30 €/L","img":"https://fd2-photos.leclercdrive.fr/image.ashx?id=2736562&use=l&cat=p&typeid=i","cat":285160},{"id":48419,"n":"AOP Alsace Riesling blanc Wolfberger - 75cl","p":6.5,"pp":4.87,"u":"6,49 €/L","img":"https://fd2-photos.leclercdrive.fr/image.ashx?id=2905357&use=l&cat=p&typeid=i","cat":289557},{"id":48421,"n":"AOP Alsace Gewurztraminer blanc Wolfberger 13,5% - 75cl","p":7.85,"pp":5.89,"u":"7,85 €/L","img":"https://fd2-photos.leclercdrive.fr/image.ashx?id=2936368&use=l&cat=p&typeid=i","cat":289557},{"id":48423,"n":"AOP Menetou-Salon blanc Les Petites Plantes - 75cl","p":8.95,"u":"11,93 €/L","img":"https://fd2-photos.leclercdrive.fr/image.ashx?id=1848481&use=l&cat=p&typeid=i","cat":289557},{"id":48424,"n":"AOP Quincy blanc Mardelles Loire - 75cl","p":11.96,"u":"15,95 €/L","img":"https://fd2-photos.leclercdrive.fr/image.ashx?id=1750274&use=l&cat=p&typeid=i","cat":289557},{"id":48429,"n":"AOP Corse rosé Terra Nostra - 75cl","p":6.5,"pp":5.2,"u":"6,93 €/L","img":"https://fd2-photos.leclercdrive.fr/image.ashx?id=2217563&use=l&cat=p&typeid=i","cat":289558},{"id":48480,"n":"Epices mexicaine Sainte Lucie Chili con carne - 30g","p":1.75,"u":"58,33 €/KG","img":"https://fd2-photos.leclercdrive.fr/image.ashx?id=1951229&use=l&cat=p&typeid=i","cat":298297},{"id":48482,"n":"AOP Côtes du Rhône rouge Bio Domaine Sarrelon - 75cl","p":5.02,"u":"6,69 €/L","img":"https://fd2-photos.leclercdrive.fr/image.ashx?id=1600950&use=l&cat=p&typeid=i","cat":289556},{"id":48493,"n":"Viande hachée Pur Boeuf 5%MG Les Eleveurs de Bretagne - 350g","p":7.51,"u":"21,46 €/KG","img":"https://fd2-photos.leclercdrive.fr/image.ashx?id=2406061&use=l&cat=p&typeid=i","cat":284332},{"id":48494,"n":"Steak haché Pur Boeuf 5%MG Les Eleveurs de Bretagne - 250g","p":5.59,"u":"22,36 €/KG","img":"https://fd2-photos.leclercdrive.fr/image.ashx?id=2406055&use=l&cat=p&typeid=i","cat":284332},{"id":48495,"n":"Steak haché Pur Boeuf 5%MG Les Eleveurs de Bretagne - 400g","p":8.72,"u":"21,80 €/KG","img":"https://fd2-photos.leclercdrive.fr/image.ashx?id=2406058&use=l&cat=p&typeid=i","cat":284332},{"id":48504,"n":"Faux filet *** Charal  x1 - 200g","p":6.4,"u":"32,00 €/KG","img":"https://fd2-photos.leclercdrive.fr/image.ashx?id=1893008&use=l&cat=p&typeid=i","cat":284328},{"id":48508,"n":"Ketchup AMORA Flacon Souple - 550g","p":1.52,"u":"2,76 €/KG","img":"https://fd2-photos.leclercdrive.fr/image.ashx?id=2766649&use=l&cat=p&typeid=i","cat":284455},{"id":48521,"n":"Oignon semoule Sainte Lucie 40g","p":2.02,"u":"50,50 €/KG","img":"https://fd2-photos.leclercdrive.fr/image.ashx?id=2774415&use=l&cat=p&typeid=i","cat":298297},{"id":48523,"n":"Romarin Sainte Lucie Feuilles coupées - 32g","p":2.13,"u":"66,56 €/KG","img":"https://fd2-photos.leclercdrive.fr/image.ashx?id=2775092&use=l&cat=p&typeid=i","cat":298297},{"id":48525,"n":"Tomato Ketchup Heinz - 700g","p":2.68,"u":"3,83 €/KG","img":"https://fd2-photos.leclercdrive.fr/image.ashx?id=2729326&use=l&cat=p&typeid=i","cat":284455},{"id":48526,"n":"AOP Saint-Pourçain blanc Domaine Chérillat - 75cl","p":8.86,"u":"11,81 €/L","img":"https://fd2-photos.leclercdrive.fr/image.ashx?id=1756678&use=l&cat=p&typeid=i","cat":289557},{"id":48527,"n":"Vin blanc Domaine Haut Perron Touraine Sauvignon -  75cl","p":7.12,"u":"9,49 €/L","img":"https://fd2-photos.leclercdrive.fr/image.ashx?id=2862530&use=l&cat=p&typeid=i","cat":289557},{"id":48573,"n":"Barre Chocolat au Lait KitKat x10 barres - 415g","p":4.79,"u":"1,15 €/L","img":"https://fd2-photos.leclercdrive.fr/image.ashx?id=2905045&use=l&cat=p&typeid=i","cat":284498},{"id":48589,"n":"Lait bébé poudre Gallia Calisma croissance Dès 12 mois 1,2kg","p":15.12,"u":"12,60 €/KG","img":"https://fd2-photos.leclercdrive.fr/image.ashx?id=2973553&use=l&cat=p&typeid=i","cat":290219},{"id":48591,"n":"Lait bébé Gallia Calisma croissance Dès 12 mois 4x1L","p":8.96,"u":"2,24 €/L","img":"https://fd2-photos.leclercdrive.fr/image.ashx?id=2481249&use=l&cat=p&typeid=i","cat":284728},{"id":48596,"n":"Gourdes Bio bébé Hipp  4 variétés - 8x90g","p":6.61,"u":"9,18 €/KG","img":"https://fd2-photos.leclercdrive.fr/image.ashx?id=3000357&use=l&cat=p&typeid=i","cat":312393},{"id":48602,"n":"Repas du soir Babybio 12 mois Légumes vert Bio - 400g","p":2.65,"u":"6,63 €/KG","img":"https://fd2-photos.leclercdrive.fr/image.ashx?id=2834524&use=l&cat=p&typeid=i","cat":312239},{"id":48603,"n":"Farine de blé Francine 1,4kg","p":1.54,"u":"1,10 €/KG","img":"https://fd2-photos.leclercdrive.fr/image.ashx?id=2881308&use=l&cat=p&typeid=i","cat":284503},{"id":48604,"n":"Farine fluide Francine 1.4kg","p":1.61,"u":"1,15 €/KG","img":"https://fd2-photos.leclercdrive.fr/image.ashx?id=2881305&use=l&cat=p&typeid=i","cat":284503},{"id":48615,"n":"Coton Demak'up Duo disque x108","p":1.72,"u":"0,02 €/P","img":"https://fd2-photos.leclercdrive.fr/image.ashx?id=2791461&use=l&cat=p&typeid=i","cat":285593},{"id":48646,"n":"Soda à l'orange Orangina Sans Sucres - 6x33cl","p":3.39,"u":"1,71 €/L","img":"https://fd2-photos.leclercdrive.fr/image.ashx?id=2946931&use=l&cat=p&typeid=i","cat":284532},{"id":48697,"n":"Sachet chat Purina One Sterillcat - 8x85g","p":3.9,"u":"5,74 €/KG","img":"https://fd2-photos.leclercdrive.fr/image.ashx?id=2899695&use=l&cat=p&typeid=i","cat":285286},{"id":48698,"n":"Croquettes chat Purina One Stérilisé/Intérieur-Poulet1.5kg","p":7.45,"u":"4,97 €/KG","img":"https://fd2-photos.leclercdrive.fr/image.ashx?id=2681257&use=l&cat=p&typeid=i","cat":284680},{"id":48715,"n":"Poires demi-fruits Eco+ Sirop léger - 455 g","p":1.67,"u":"3,67 €/KG","img":"https://fd2-photos.leclercdrive.fr/image.ashx?id=2084832&use=l&cat=p&typeid=i","cat":284507},{"id":48717,"n":"Barquettes chats Gourmet Gold Les mousselines - 24x85g","p":10.55,"u":"5,17 €/KG","img":"https://fd2-photos.leclercdrive.fr/image.ashx?id=2861500&use=l&cat=p&typeid=i","cat":285286},{"id":48720,"n":"Poêlée parisienne D'aucy  580g","p":2.85,"u":"4,91 €/KG","img":"https://fd2-photos.leclercdrive.fr/image.ashx?id=2835256&use=l&cat=p&typeid=i","cat":312612},{"id":48721,"n":"Poêlée jardinière D'aucy  580g","p":2.51,"u":"4,33 €/KG","img":"https://fd2-photos.leclercdrive.fr/image.ashx?id=2582816&use=l&cat=p&typeid=i","cat":312612},{"id":48725,"n":"Légumes pour Couscous D'Aucy Orientale - 800g","p":1.75,"u":"2,19 €/KG","img":"https://fd2-photos.leclercdrive.fr/image.ashx?id=2577800&use=l&cat=p&typeid=i","cat":312612},{"id":48745,"n":"Chocolat Pâtissier Nestlé Dessert Lait - 170g","p":3.01,"u":"17,71 €/KG","img":"https://fd2-photos.leclercdrive.fr/image.ashx?id=2961242&use=l&cat=p&typeid=i","cat":285562},{"id":48777,"n":"Confiture Confipote allégée en  Sucres - Pot Fraise - 350g","p":1.83,"u":"5,23 €/KG","img":"https://fd2-photos.leclercdrive.fr/image.ashx?id=2388436&use=l&cat=p&typeid=i","cat":284480},{"id":48803,"n":"Confiture Confipote allégée en  Sucres - Pot Abricot - 350g","p":1.79,"u":"5,11 €/KG","img":"https://fd2-photos.leclercdrive.fr/image.ashx?id=2120959&use=l&cat=p&typeid=i","cat":284480},{"id":48809,"n":"Tartines bio Jardin Bio Craquantes au sarrasin - 300g","p":3.76,"u":"12,53 €/KG","img":"https://fd2-photos.leclercdrive.fr/image.ashx?id=2535562&use=l&cat=p&typeid=i","cat":284479},{"id":48817,"n":"Lait sucré Régilait Caramel beurre salé - 300g","p":2.99,"u":"9,97 €/KG","img":"https://fd2-photos.leclercdrive.fr/image.ashx?id=2018640&use=l&cat=p&typeid=i","cat":299162},{"id":48823,"n":"Haché Végétal bio Céréal Bio Façon Bolognaise au Soja 250g","p":2.4,"u":"9,60 €/KG","img":"https://fd2-photos.leclercdrive.fr/image.ashx?id=2575090&use=l&cat=p&typeid=i","cat":287600},{"id":48839,"n":"Lait concentré Régilait Non sucré, demi écrémé - 410g","p":1.46,"u":"3,56 €/KG","img":"https://fd2-photos.leclercdrive.fr/image.ashx?id=2405863&use=l&cat=p&typeid=i","cat":299162},{"id":48843,"n":"Préparation gâteau Nestlé Fondant chocolat - 317g","p":3.79,"u":"11,96 €/KG","img":"https://fd2-photos.leclercdrive.fr/image.ashx?id=2848379&use=l&cat=p&typeid=i","cat":284505},{"id":48844,"n":"Préparation gâteau Nestlé Moelleux chocolat - 344g","p":4.14,"u":"12,03 €/KG","img":"https://fd2-photos.leclercdrive.fr/image.ashx?id=2848376&use=l&cat=p&typeid=i","cat":284505},{"id":48870,"n":"Infusion bio Jardin Bio Thym de France x20 - 28g","p":2.29,"u":"81,79 €/KG","img":"https://fd2-photos.leclercdrive.fr/image.ashx?id=2792840&use=l&cat=p&typeid=i","cat":293234},{"id":48877,"n":"Récré O'lé Mont Blanc - 12x85g Choco/Caramel/Biscuit/Brownie","p":5.8,"u":"5,69 €/KG","img":"https://fd2-photos.leclercdrive.fr/image.ashx?id=3011608&use=l&cat=p&typeid=i","cat":284506},{"id":48879,"n":"Purée de piment Tables du Monde - 100g","p":1.19,"u":"11,90 €/KG","img":"https://fd2-photos.leclercdrive.fr/image.ashx?id=2679744&use=l&cat=p&typeid=i","cat":288992},{"id":48915,"n":"Sauce Arôme Maggi 1kg","p":5.79,"u":"5,79 €/KG","img":"https://fd2-photos.leclercdrive.fr/image.ashx?id=2785352&use=l&cat=p&typeid=i","cat":288379},{"id":49018,"n":"Beurre Moulé Paysan Breton Sel de guérande - 80% MG - 250g","p":3.21,"u":"12,84 €/KG","img":"https://fd2-photos.leclercdrive.fr/image.ashx?id=2869035&use=l&cat=p&typeid=i","cat":284379},{"id":49050,"n":"Boisson gazeuse Sprink's Sans alcool - Mojito - 1.5L","p":1.75,"u":"1,17 €/L","img":"https://fd2-photos.leclercdrive.fr/image.ashx?id=2925976&use=l&cat=p&typeid=i","cat":284531},{"id":49070,"n":"Préparation gâteau Nestlé Coeur fondant - 305g","p":3.99,"u":"13,08 €/KG","img":"https://fd2-photos.leclercdrive.fr/image.ashx?id=2848385&use=l&cat=p&typeid=i","cat":284505},{"id":49077,"n":"Biscuit P'tit Deli  Chocolat lait - 150g","p":1.58,"u":"10,53 €/KG","img":"https://fd2-photos.leclercdrive.fr/image.ashx?id=2529605&use=l&cat=p&typeid=i","cat":284488},{"id":49079,"n":"Petites madeleines P'tit Deli  Pépites de chocolat - 400g","p":1.69,"u":"4,23 €/KG","img":"https://fd2-photos.leclercdrive.fr/image.ashx?id=2999511&use=l&cat=p&typeid=i","cat":284492},{"id":49083,"n":"Biscuit palmier feuilleté Eco+ 100g","p":0.42,"u":"4,20 €/KG","img":"https://fd2-photos.leclercdrive.fr/image.ashx?id=2768016&use=l&cat=p&typeid=i","cat":284487},{"id":49131,"n":"Gin Bombay Sapphire 40° - 70cl","p":22.91,"u":"32,73 €/L","img":"https://fd2-photos.leclercdrive.fr/image.ashx?id=2842879&use=l&cat=p&typeid=i","cat":284550},{"id":49288,"n":"Bols soir bébé bio Babybio Pâtes - 8 mois - 2x200g","p":2.49,"u":"6,23 €/KG","img":"https://fd2-photos.leclercdrive.fr/image.ashx?id=2838344&use=l&cat=p&typeid=i","cat":312239},{"id":49294,"n":"Cotons Démaquillants Demak'Up Original - x105","p":1.36,"u":"0,01 €/P","img":"https://fd2-photos.leclercdrive.fr/image.ashx?id=2745274&use=l&cat=p&typeid=i","cat":284636},{"id":49295,"n":"Cotons Démaquillants Demak'Up Ovale sensitive - x48","p":1.5,"u":"0,03 €/P","img":"https://fd2-photos.leclercdrive.fr/image.ashx?id=2745277&use=l&cat=p&typeid=i","cat":284636},{"id":49296,"n":"Barre Chocolat au Lait Lion x10 barres - 420g","p":3.82,"u":"9,10 €/KG","img":"https://fd2-photos.leclercdrive.fr/image.ashx?id=2736988&use=l&cat=p&typeid=i","cat":284498},{"id":49298,"n":"Biscuits croquant Nutella &Go! Pâte à tartiner x2 packs - 104g","p":2.19,"u":"21,06 €/KG","img":"https://fd2-photos.leclercdrive.fr/image.ashx?id=2737240&use=l&cat=p&typeid=i","cat":284488},{"id":49306,"n":"Gel anti-calcaire Calgon  Hygiène Plus - 2,25L","p":15.37,"u":"6,83 €/L","img":"https://fd2-photos.leclercdrive.fr/image.ashx?id=2953764&use=l&cat=p&typeid=i","cat":284653},{"id":49340,"n":"Cornichons Eco+ Au vinaigre - 190g","p":0.88,"u":"4,63 €/KG","img":"https://fd2-photos.leclercdrive.fr/image.ashx?id=2974711&use=l&cat=p&typeid=i","cat":284458},{"id":49354,"n":"Olives Noires Grecques Tramier  Dénoyautées 220g","p":2.5,"u":"25,00 €/KG","img":"https://fd2-photos.leclercdrive.fr/image.ashx?id=2836340&use=l&cat=p&typeid=i","cat":284450},{"id":49385,"n":"Litchis St-Mamet Dénoyautés - 250g","p":3.73,"u":"14,92 €/KG","img":"https://fd2-photos.leclercdrive.fr/image.ashx?id=2474215&use=l&cat=p&typeid=i","cat":284507},{"id":49400,"n":"Beurre La Motte Président  Demi-sel - 80% MG - 250g","p":3.72,"u":"14,88 €/KG","img":"https://fd2-photos.leclercdrive.fr/image.ashx?id=2903113&use=l&cat=p&typeid=i","cat":284379},{"id":49401,"n":"Matière grasse Primevere Bio à tartiner - 55% MG - 250g","p":2.11,"u":"8,44 €/KG","img":"https://fd2-photos.leclercdrive.fr/image.ashx?id=2928456&use=l&cat=p&typeid=i","cat":315229},{"id":49538,"n":"Salade La Belle Henriette Cocktail crevettes/surimi 300g","p":3.28,"u":"10,93 €/KG","img":"https://fd2-photos.leclercdrive.fr/image.ashx?id=2973781&use=l&cat=p&typeid=i","cat":333657},{"id":49539,"n":"Salade La Belle Henriette Alaska - 300g","p":2.92,"u":"9,73 €/KG","img":"https://fd2-photos.leclercdrive.fr/image.ashx?id=2973778&use=l&cat=p&typeid=i","cat":333657},{"id":49540,"n":"Salade La Belle Henriette Pêcheur  - 300g","p":1.96,"u":"6,53 €/KG","img":"https://fd2-photos.leclercdrive.fr/image.ashx?id=2973766&use=l&cat=p&typeid=i","cat":333657},{"id":49541,"n":"Salade La Belle Henriette Marco polo - 300g","p":2.36,"u":"7,87 €/KG","img":"https://fd2-photos.leclercdrive.fr/image.ashx?id=2973772&use=l&cat=p&typeid=i","cat":333657},{"id":49542,"n":"Salade pâtes La Belle Henriette Jambon/emmental - 300g","p":2.13,"u":"7,10 €/KG","img":"https://fd2-photos.leclercdrive.fr/image.ashx?id=2973775&use=l&cat=p&typeid=i","cat":333657},{"id":49553,"n":"Bière Licorne Black 6%vol - 3x33cl","p":3.8,"u":"3,84 €/L","img":"https://fd2-photos.leclercdrive.fr/image.ashx?id=2853617&use=l&cat=p&typeid=i","cat":334852},{"id":49567,"n":"Diabolo grenadine Sprink's Bouteille - 1.5L","p":1.69,"u":"1,13 €/L","img":"https://fd2-photos.leclercdrive.fr/image.ashx?id=2901461&use=l&cat=p&typeid=i","cat":284532},{"id":49624,"n":"Vin Union Européenne rosé Champlure - BIB 5L","p":13.49,"u":"2,70 €/L","img":"https://fd2-photos.leclercdrive.fr/image.ashx?id=2552523&use=l&cat=p&typeid=i","cat":289560},{"id":49632,"n":"Pain de mie 100% Mie Harrys Nature Longue conservation 325g","p":2.02,"u":"6,22 €/KG","img":"https://fd2-photos.leclercdrive.fr/image.ashx?id=2469647&use=l&cat=p&typeid=i","cat":284477},{"id":49636,"n":"Biscuits Baiocchi Mulino Bianco Chocolat noisette Snack - 336g","p":2.65,"u":"7,89 €/KG","img":"https://fd2-photos.leclercdrive.fr/image.ashx?id=2787962&use=l&cat=p&typeid=i","cat":284488},{"id":49639,"n":"Haricots verts Rochefontaine Extra-fins - 345g","p":3.58,"u":"10,38 €/KG","img":"https://fd2-photos.leclercdrive.fr/image.ashx?id=2101459&use=l&cat=p&typeid=i","cat":312606},{"id":49640,"n":"Bières blonde Bio Dremmwel 5% - 6x25cl","p":5.28,"u":"3,52 €/L","img":"https://fd2-photos.leclercdrive.fr/image.ashx?id=2678050&use=l&cat=p&typeid=i","cat":334873},{"id":49649,"n":"Sauce Tomate Cuisinée Heinz Ail & Oignon x2 - 210g","p":1.39,"u":"3,31 €/KG","img":"https://fd2-photos.leclercdrive.fr/image.ashx?id=2926990&use=l&cat=p&typeid=i","cat":288384},{"id":49653,"n":"Chapelure dorée Tipiak 250g","p":0.69,"u":"2,76 €/KG","img":"https://fd2-photos.leclercdrive.fr/image.ashx?id=2563490&use=l&cat=p&typeid=i","cat":288382},{"id":49656,"n":"Sauce burger Amora 448g","p":2.0,"u":"4,46 €/KG","img":"https://fd2-photos.leclercdrive.fr/image.ashx?id=3014656&use=l&cat=p&typeid=i","cat":318431},{"id":49664,"n":"Farine complète Francine Boîte - 1kg","p":1.68,"u":"1,68 €/KG","img":"https://fd2-photos.leclercdrive.fr/image.ashx?id=2018898&use=l&cat=p&typeid=i","cat":284503},{"id":49667,"n":"Sauceline Maïzena 250g","p":1.91,"u":"7,64 €/KG","img":"https://fd2-photos.leclercdrive.fr/image.ashx?id=2915673&use=l&cat=p&typeid=i","cat":288382},{"id":49677,"n":"Mousse fromage blanc Délisse Lit de fruits 0%MG - 4x115g","p":1.83,"u":"3,98 €/KG","img":"https://fd2-photos.leclercdrive.fr/image.ashx?id=2991130&use=l&cat=p&typeid=i","cat":284409},{"id":49681,"n":"Yaourt La Laitière Nature - 4x125g","p":1.75,"u":"3,50 €/KG","img":"https://fd2-photos.leclercdrive.fr/image.ashx?id=3007978&use=l&cat=p&typeid=i","cat":284409},{"id":49682,"n":"Yaourt La Laitière Vanille - 4x125g","p":1.96,"u":"3,92 €/KG","img":"https://fd2-photos.leclercdrive.fr/image.ashx?id=2650393&use=l&cat=p&typeid=i","cat":286006},{"id":49684,"n":"Yaourts La Laitière Nature - 8x125g","p":2.84,"u":"22,72 €/KG","img":"https://fd2-photos.leclercdrive.fr/image.ashx?id=2679509&use=l&cat=p&typeid=i","cat":284409},{"id":49700,"n":"Matin Léger Bio de Lactel Sans lactose 1.2%mg - 6x1L","p":12.87,"u":"2,15 €/L","img":"https://fd2-photos.leclercdrive.fr/image.ashx?id=2883552&use=l&cat=p&typeid=i","cat":317169},{"id":49805,"n":"Cocktail Piña colada Caraibos Sans alcool - 75cl","p":2.25,"u":"3,00 €/L","img":"https://fd2-photos.leclercdrive.fr/image.ashx?id=3011299&use=l&cat=p&typeid=i","cat":284549},{"id":49825,"n":"Croco Pik Haribo  Sachet bonbons acidulés - 275g","p":1.65,"u":"6,00 €/KG","img":"https://fd2-photos.leclercdrive.fr/image.ashx?id=2802350&use=l&cat=p&typeid=i","cat":304250},{"id":49828,"n":"Happy Life Haribo Sachet bonbons - 275g","p":1.52,"u":"5,53 €/KG","img":"https://fd2-photos.leclercdrive.fr/image.ashx?id=2803577&use=l&cat=p&typeid=i","cat":304250},{"id":49834,"n":"Bonbons LUTTI BestFizz Assortiment Piquant - 550g","p":3.89,"u":"7,07 €/KG","img":"https://fd2-photos.leclercdrive.fr/image.ashx?id=2815022&use=l&cat=p&typeid=i","cat":304250},{"id":49845,"n":"Jus multifruits Jafaden Brique, ABC - 2L","p":2.65,"u":"1,33 €/L","img":"https://fd2-photos.leclercdrive.fr/image.ashx?id=2759220&use=l&cat=p&typeid=i","cat":284917},{"id":49851,"n":"Limonade Sprink's 1.5L","p":0.95,"u":"0,63 €/L","img":"https://fd2-photos.leclercdrive.fr/image.ashx?id=2553914&use=l&cat=p&typeid=i","cat":284531},{"id":49863,"n":"Pizza feu de bois  Turini  Saumon  - 420g","p":2.45,"u":"5,83 €/KG","img":"https://fd2-photos.leclercdrive.fr/image.ashx?id=2816579&use=l&cat=p&typeid=i","cat":284256},{"id":49865,"n":"Steak haché Authentique Charal Pur Bœuf 10% MG  8x125g - 1kg","p":15.23,"u":"15,23 €/KG","img":"https://fd2-photos.leclercdrive.fr/image.ashx?id=2741955&use=l&cat=p&typeid=i","cat":319778},{"id":49870,"n":"Protection Absorbante Tena Men  Médium - x10","p":4.46,"u":"0,45 €/P","img":"https://fd2-photos.leclercdrive.fr/image.ashx?id=2428573&use=l&cat=p&typeid=i","cat":291514},{"id":49872,"n":"Tampons Tampax Compak Pearl Super - x18","p":2.75,"u":"0,15 €/P","img":"https://fd2-photos.leclercdrive.fr/image.ashx?id=2956616&use=l&cat=p&typeid=i","cat":284626},{"id":49880,"n":"Boisson concentrée Frucci Menthe avec édulcorants - 75cl","p":2.39,"u":"3,19 €/L","img":"https://fd2-photos.leclercdrive.fr/image.ashx?id=2397660&use=l&cat=p&typeid=i","cat":295020},{"id":49881,"n":"Sirop Frucci Zero Grenadine avec edulcorants-75cl","p":2.49,"u":"3,32 €/L","img":"https://fd2-photos.leclercdrive.fr/image.ashx?id=2956110&use=l&cat=p&typeid=i","cat":295020},{"id":49882,"n":"Sirop Frucci Zero Pêche avec édulcorants - 75cl","p":2.35,"u":"3,13 €/L","img":"https://fd2-photos.leclercdrive.fr/image.ashx?id=2954100&use=l&cat=p&typeid=i","cat":295020},{"id":49900,"n":"Feuilletés fromage fondu Eco+ 650g","p":1.61,"u":"2,48 €/KG","img":"https://fd2-photos.leclercdrive.fr/image.ashx?id=2079792&use=l&cat=p&typeid=i","cat":319776},{"id":49930,"n":"Yaourt douceur Le Petit Basque Brebis nature - 4x100g","p":2.85,"u":"7,13 €/KG","img":"https://fd2-photos.leclercdrive.fr/image.ashx?id=2248084&use=l&cat=p&typeid=i","cat":314998},{"id":49932,"n":"Fromage Pavé d'Affinois Original - 180g","p":2.61,"u":"14,50 €/KG","img":"https://fd2-photos.leclercdrive.fr/image.ashx?id=2644070&use=l&cat=p&typeid=i","cat":314030},{"id":49933,"n":"Fromage Pavé d'Affinois Mini Mix 5 variétés - 130g","p":2.61,"u":"20,08 €/KG","img":"https://fd2-photos.leclercdrive.fr/image.ashx?id=2644076&use=l&cat=p&typeid=i","cat":314030},{"id":49954,"n":"Limonade Sprink's 6x50cl","p":4.92,"u":"1,64 €/L","img":"https://fd2-photos.leclercdrive.fr/image.ashx?id=2956741&use=l&cat=p&typeid=i","cat":284531},{"id":49956,"n":"Soda à l'orange Orangina Sans Sucres - 1,5L","p":1.73,"u":"1,15 €/L","img":"https://fd2-photos.leclercdrive.fr/image.ashx?id=2946496&use=l&cat=p&typeid=i","cat":284532},{"id":49970,"n":"Grenailles Pom Bistro à l'Huile d'Olive - 450g","p":3.53,"u":"7,84 €/KG","img":"https://fd2-photos.leclercdrive.fr/image.ashx?id=2866415&use=l&cat=p&typeid=i","cat":319792},{"id":49971,"n":"Frites Pom Bistro à la Graisse de Canard - 500g","p":3.43,"u":"6,86 €/KG","img":"https://fd2-photos.leclercdrive.fr/image.ashx?id=2866412&use=l&cat=p&typeid=i","cat":319791},{"id":49979,"n":"Soupe liquide Liebig  Potiron Chataîgne - Brique 1L","p":2.65,"u":"2,65 €/L","img":"https://fd2-photos.leclercdrive.fr/image.ashx?id=2785358&use=l&cat=p&typeid=i","cat":284462},{"id":49980,"n":"Soupe liquide Liebig  Légumes poêlés - Brique 1L","p":2.89,"u":"2,89 €/L","img":"https://fd2-photos.leclercdrive.fr/image.ashx?id=2729941&use=l&cat=p&typeid=i","cat":284462},{"id":49981,"n":"Velouté Liebig Légumes du soleil - 1L","p":2.81,"u":"2,81 €/L","img":"https://fd2-photos.leclercdrive.fr/image.ashx?id=2750991&use=l&cat=p&typeid=i","cat":284462},{"id":49983,"n":"Sauce yakitori Kikkoman 250ml","p":4.29,"u":"17,16 €/L","img":"https://fd2-photos.leclercdrive.fr/image.ashx?id=2536299&use=l&cat=p&typeid=i","cat":288992},{"id":49997,"n":"Boisson aux fruits Oasis Mini Tropical - 6x25cl","p":3.11,"u":"2,07 €/L","img":"https://fd2-photos.leclercdrive.fr/image.ashx?id=2684443&use=l&cat=p&typeid=i","cat":295018},{"id":50002,"n":"Sauce soja Kikkoman  150ml","p":3.35,"u":"22,33 €/L","img":"https://fd2-photos.leclercdrive.fr/image.ashx?id=2536284&use=l&cat=p&typeid=i","cat":288992},{"id":50003,"n":"Café soluble Maxwell House Qualité Filtre - 20g","p":7.69,"u":"38,45 €/KG","img":"https://fd2-photos.leclercdrive.fr/image.ashx?id=1755025&use=l&cat=p&typeid=i","cat":284843},{"id":50004,"n":"Kit Crousti Fajitas Old El Paso extra doux - 521g","p":4.51,"u":"8,66 €/KG","img":"https://fd2-photos.leclercdrive.fr/image.ashx?id=2765402&use=l&cat=p&typeid=i","cat":288993},{"id":50017,"n":"Confit de tomates séchées  Les Tartinables Florelli 190g","p":2.29,"u":"12,05 €/KG","img":"https://fd2-photos.leclercdrive.fr/image.ashx?id=3011671&use=l&cat=p&typeid=i","cat":289010},{"id":50018,"n":"Légumes grillés Florelli 280g","p":2.94,"u":"10,50 €/KG","img":"https://fd2-photos.leclercdrive.fr/image.ashx?id=2664199&use=l&cat=p&typeid=i","cat":289010},{"id":50052,"n":"Lait bébé en poudre Galliagest croissance Dès 12 mois 900g","p":13.63,"u":"15,14 €/KG","img":"https://fd2-photos.leclercdrive.fr/image.ashx?id=2616844&use=l&cat=p&typeid=i","cat":290219},{"id":50068,"n":"Soupe liquide velouté Knorr Potiron crème fraîche - 500ml","p":1.73,"u":"3,46 €/L","img":"https://fd2-photos.leclercdrive.fr/image.ashx?id=2738035&use=l&cat=p&typeid=i","cat":284462},{"id":50072,"n":"Soupe Liquide Douceur Knorr 8 légumes à la crème - 50cl","p":1.45,"u":"2,90 €/L","img":"https://fd2-photos.leclercdrive.fr/image.ashx?id=2738023&use=l&cat=p&typeid=i","cat":284462},{"id":50082,"n":"Dessert fruits mixés Sojasun Myrtilles - 4x100g","p":1.48,"u":"3,70 €/KG","img":"https://fd2-photos.leclercdrive.fr/image.ashx?id=2355680&use=l&cat=p&typeid=i","cat":316071},{"id":50083,"n":"Taboulé aux tomates  Garbit - 730g","p":2.64,"u":"3,62 €/KG","img":"https://fd2-photos.leclercdrive.fr/image.ashx?id=2901905&use=l&cat=p&typeid=i","cat":325094},{"id":50091,"n":"Lait de coco Kara - brique 200ml","p":1.03,"u":"5,15 €/L","img":"https://fd2-photos.leclercdrive.fr/image.ashx?id=2906895&use=l&cat=p&typeid=i","cat":288992},{"id":50106,"n":"Nems au Porc Tables du Monde x4 - 280g","p":1.76,"u":"6,29 €/KG","img":"https://fd2-photos.leclercdrive.fr/image.ashx?id=2657957&use=l&cat=p&typeid=i","cat":333673},{"id":50123,"n":"Vinaigrette Puget  Ciboulette/échalotes - 33cl","p":2.38,"u":"7,21 €/L","img":"https://fd2-photos.leclercdrive.fr/image.ashx?id=2912146&use=l&cat=p&typeid=i","cat":284456},{"id":50131,"n":"Compotes Pom'Potes Gourdes  Multivariétés - 20x90g","p":7.25,"u":"4,03 €/KG","img":"https://fd2-photos.leclercdrive.fr/image.ashx?id=3010930&use=l&cat=p&typeid=i","cat":284508},{"id":50132,"n":"Compotes Pom'Potes Gourdes  Multivariétés Inédits - 12x90g","p":5.46,"u":"5,06 €/KG","img":"https://fd2-photos.leclercdrive.fr/image.ashx?id=2870170&use=l&cat=p&typeid=i","cat":284508},{"id":50135,"n":"Lingettes Textil Anti-transfert - x40","p":3.71,"u":"0,09 €/P","img":"https://fd2-photos.leclercdrive.fr/image.ashx?id=2964574&use=l&cat=p&typeid=i","cat":290450},{"id":50211,"n":"Pain Bruschetta La Boulangère 400g","p":2.58,"u":"6,45 €/KG","img":"https://fd2-photos.leclercdrive.fr/image.ashx?id=2912404&use=l&cat=p&typeid=i","cat":284985},{"id":50212,"n":"Pain suédois La Boulangère 180g","p":1.42,"u":"7,89 €/KG","img":"https://fd2-photos.leclercdrive.fr/image.ashx?id=2445376&use=l&cat=p&typeid=i","cat":284985},{"id":50214,"n":"Laque  Fixation forte - 75ml","p":1.29,"u":"17,20 €/L","img":"https://fd2-photos.leclercdrive.fr/image.ashx?id=2616745&use=l&cat=p&typeid=i","cat":284609},{"id":50215,"n":"Huile sublime  Vitanove Cheveux sec - 150ml","p":2.99,"u":"19,93 €/L","img":"https://fd2-photos.leclercdrive.fr/image.ashx?id=2209720&use=l&cat=p&typeid=i","cat":284608},{"id":50218,"n":"Tronches de Cake St Michel 175g","p":1.7,"u":"9,71 €/KG","img":"https://fd2-photos.leclercdrive.fr/image.ashx?id=2949946&use=l&cat=p&typeid=i","cat":284495},{"id":50225,"n":"Biscuits Choco suprême Milka Chocolat - 180g","p":2.58,"u":"14,33 €/KG","img":"https://fd2-photos.leclercdrive.fr/image.ashx?id=2990991&use=l&cat=p&typeid=i","cat":284488},{"id":50229,"n":"Biscuits Florentin Kambly 125g","p":2.78,"u":"22,24 €/KG","img":"https://fd2-photos.leclercdrive.fr/image.ashx?id=2886337&use=l&cat=p&typeid=i","cat":284487},{"id":50231,"n":"Biscuit Dinosaurus Lotus Chocolat au lait - 225g","p":1.96,"u":"8,71 €/KG","img":"https://fd2-photos.leclercdrive.fr/image.ashx?id=2859815&use=l&cat=p&typeid=i","cat":284488},{"id":50253,"n":"Soda Sprink's Lemon - 1.5L","p":1.45,"u":"0,97 €/L","img":"https://fd2-photos.leclercdrive.fr/image.ashx?id=2913715&use=l&cat=p&typeid=i","cat":284532},{"id":50255,"n":"Soda Sprink's Citron - 1.5L","p":1.09,"u":"0,73 €/L","img":"https://fd2-photos.leclercdrive.fr/image.ashx?id=2913730&use=l&cat=p&typeid=i","cat":284532},{"id":50256,"n":"Soda Sprink's Lemon Lime - 1.5L","p":0.99,"u":"0,66 €/L","img":"https://fd2-photos.leclercdrive.fr/image.ashx?id=2913736&use=l&cat=p&typeid=i","cat":284532},{"id":50262,"n":"Kebab de poulet Fleury Michon Semoule à l'orientale - 280g","p":2.42,"u":"8,64 €/KG","img":"https://fd2-photos.leclercdrive.fr/image.ashx?id=2680167&use=l&cat=p&typeid=i","cat":333665},{"id":50415,"n":"Pâtes Pevides Turini 250g","p":0.58,"u":"2,32 €/KG","img":"https://fd2-photos.leclercdrive.fr/image.ashx?id=2578508&use=l&cat=p&typeid=i","cat":289009},{"id":50442,"n":"Haut de Cuisse Poulet Blanc Les Accessibles - 1kg","p":5.45,"u":"5,45 €/KG","img":"https://fd2-photos.leclercdrive.fr/image.ashx?id=2831975&use=l&cat=p&typeid=i","cat":284336},{"id":50443,"n":"Pilons de Poulet Blanc Les Accesssibles - 1kg","p":5.5,"u":"5,50 €/KG","img":"https://fd2-photos.leclercdrive.fr/image.ashx?id=2830237&use=l&cat=p&typeid=i","cat":284336},{"id":50445,"n":"Filet de poulet Le Gaulois Les Accessibles - 1kg","p":12.15,"u":"12,15 €/KG","img":"https://fd2-photos.leclercdrive.fr/image.ashx?id=2831966&use=l&cat=p&typeid=i","cat":284336},{"id":50446,"n":"Aiguilette Poulet Blanc S/Atm Les Accessibles - 500g","p":6.6,"u":"13,20 €/KG","img":"https://fd2-photos.leclercdrive.fr/image.ashx?id=2831978&use=l&cat=p&typeid=i","cat":284336},{"id":50458,"n":"Fromage Roucoulons Fromagerie Milleret- 220g","p":2.7,"u":"12,27 €/KG","img":"https://fd2-photos.leclercdrive.fr/image.ashx?id=2450922&use=l&cat=p&typeid=i","cat":329558},{"id":50459,"n":"Fromage à Tartiner St Môret  Nature - 150g","p":1.92,"u":"12,80 €/KG","img":"https://fd2-photos.leclercdrive.fr/image.ashx?id=2755468&use=l&cat=p&typeid=i","cat":314029},{"id":50548,"n":"Lait de croissance Lactel Nature - 6x1L","p":10.55,"u":"1,76 €/L","img":"https://fd2-photos.leclercdrive.fr/image.ashx?id=2927438&use=l&cat=p&typeid=i","cat":284728},{"id":50585,"n":"Haricots verts d'aucy  Extra-fins - 440g","p":1.75,"u":"3,98 €/KG","img":"https://fd2-photos.leclercdrive.fr/image.ashx?id=2527370&use=l&cat=p&typeid=i","cat":312606},{"id":50592,"n":"Pois chiches Sultanines 265g","p":0.89,"u":"3,36 €/KG","img":"https://fd2-photos.leclercdrive.fr/image.ashx?id=1920223&use=l&cat=p&typeid=i","cat":312609},{"id":50599,"n":"Crème soyeuse Bio Lait d'anesse So'Bio Etic - 50 ml","p":6.95,"u":"139,00 €/L","img":"https://fd2-photos.leclercdrive.fr/image.ashx?id=2906463&use=l&cat=p&typeid=i","cat":325345},{"id":50609,"n":"Savon crème lait d'anesse SoBIO Distrinat bio - 100g","p":2.5,"u":"25,00 €/KG","img":"https://fd2-photos.leclercdrive.fr/image.ashx?id=2494728&use=l&cat=p&typeid=i","cat":284597},{"id":50626,"n":"AOC Saint-Émilion vin rouge Chantet Blanet - 37,5cl","p":4.79,"u":"12,77 €/L","img":"https://fd2-photos.leclercdrive.fr/image.ashx?id=2805981&use=l&cat=p&typeid=i","cat":289556},{"id":50662,"n":"Chocolat en poudre Nesquik Extra Choco - 600g","p":5.28,"u":"8,80 €/KG","img":"https://fd2-photos.leclercdrive.fr/image.ashx?id=3004438&use=l&cat=p&typeid=i","cat":293235},{"id":50672,"n":"Biscuits à la cuillère x30 Bonne Maman - 250g","p":4.55,"u":"18,20 €/KG","img":"https://fd2-photos.leclercdrive.fr/image.ashx?id=2936152&use=l&cat=p&typeid=i","cat":284487},{"id":50673,"n":"Financier amandes Bonne Maman 250g","p":3.47,"u":"13,88 €/KG","img":"https://fd2-photos.leclercdrive.fr/image.ashx?id=2936176&use=l&cat=p&typeid=i","cat":284492},{"id":50676,"n":"Madeleine coquille St Michel  Oeuf plein air x24 - 600g","p":3.45,"u":"5,75 €/KG","img":"https://fd2-photos.leclercdrive.fr/image.ashx?id=2936197&use=l&cat=p&typeid=i","cat":284492},{"id":50678,"n":"IGP Vinaigre balsamique Modène Maille - 75cl","p":4.54,"u":"6,05 €/L","img":"https://fd2-photos.leclercdrive.fr/image.ashx?id=2805666&use=l&cat=p&typeid=i","cat":298543},{"id":50680,"n":"Barre Chocolatée KINDER Country  Céréales chocolat x15 - 352,5g","p":4.61,"u":"13,10 €/KG","img":"https://fd2-photos.leclercdrive.fr/image.ashx?id=2231903&use=l&cat=p&typeid=i","cat":284498},{"id":50682,"n":"Gâteau Ker Cadélac Le Moelleux Original - 500g","p":2.49,"u":"4,98 €/KG","img":"https://fd2-photos.leclercdrive.fr/image.ashx?id=2955797&use=l&cat=p&typeid=i","cat":294776},{"id":50683,"n":"Barre marbré  Ker Cadélac  Cacao - 500g","p":2.15,"u":"4,30 €/KG","img":"https://fd2-photos.leclercdrive.fr/image.ashx?id=2939508&use=l&cat=p&typeid=i","cat":294776},{"id":50684,"n":"Madeleine Ker Cadélac  Pépites chocolat x24 - 600g","p":4.82,"u":"8,03 €/KG","img":"https://fd2-photos.leclercdrive.fr/image.ashx?id=2507991&use=l&cat=p&typeid=i","cat":284492},{"id":50687,"n":"Compotes Pom'Potes Gourdes  Multivariétés Inédits - 12x90g","p":5.97,"u":"5,53 €/KG","img":"https://fd2-photos.leclercdrive.fr/image.ashx?id=3010924&use=l&cat=p&typeid=i","cat":284508},{"id":50688,"n":"Pains au chocolat Pasquier  x16 - 720g","p":4.35,"u":"6,04 €/KG","img":"https://fd2-photos.leclercdrive.fr/image.ashx?id=2686837&use=l&cat=p&typeid=i","cat":296366},{"id":50689,"n":"Croissants Pasquier x8 - 320g","p":1.91,"u":"5,97 €/KG","img":"https://fd2-photos.leclercdrive.fr/image.ashx?id=2853053&use=l&cat=p&typeid=i","cat":296366},{"id":50690,"n":"Brioche tressée Pasquier Tranchée nature - 500g","p":2.54,"u":"5,08 €/KG","img":"https://fd2-photos.leclercdrive.fr/image.ashx?id=2978706&use=l&cat=p&typeid=i","cat":284478},{"id":50701,"n":"Sel de mer Gros La Baleine iodé- 1kg","p":0.53,"u":"0,53 €/KG","img":"https://fd2-photos.leclercdrive.fr/image.ashx?id=2681029&use=l&cat=p&typeid=i","cat":284457},{"id":50705,"n":"Toasts ronds nature Jacquet - 250g","p":1.48,"u":"5,92 €/KG","img":"https://fd2-photos.leclercdrive.fr/image.ashx?id=2979602&use=l&cat=p&typeid=i","cat":285454},{"id":50710,"n":"Chocolats  Lindt Mignonnettes - 500g","p":13.35,"u":"26,70 €/KG","img":"https://fd2-photos.leclercdrive.fr/image.ashx?id=2209197&use=l&cat=p&typeid=i","cat":284499},{"id":50712,"n":"Biscuits Choco Pause Milka Chocolat au lait - 260g","p":1.47,"u":"5,65 €/KG","img":"https://fd2-photos.leclercdrive.fr/image.ashx?id=2192572&use=l&cat=p&typeid=i","cat":284488},{"id":50713,"n":"Biscuits Oreo Vanille / chocolat blanc - 246g","p":2.22,"u":"9,02 €/KG","img":"https://fd2-photos.leclercdrive.fr/image.ashx?id=2989447&use=l&cat=p&typeid=i","cat":284488},{"id":50717,"n":"Gâche tranchée La Fournée Dorée Pépites de chocolat - 500g","p":2.69,"u":"5,38 €/KG","img":"https://fd2-photos.leclercdrive.fr/image.ashx?id=2347035&use=l&cat=p&typeid=i","cat":284478},{"id":50734,"n":"Soda Sprink's Orange - 1.5L","p":0.92,"u":"0,61 €/L","img":"https://fd2-photos.leclercdrive.fr/image.ashx?id=2925979&use=l&cat=p&typeid=i","cat":284532},{"id":50739,"n":"Bacon fumé Eco+ 12 tranches - 150g","p":1.5,"u":"10,00 €/KG","img":"https://fd2-photos.leclercdrive.fr/image.ashx?id=2837111&use=l&cat=p&typeid=i","cat":316007},{"id":50744,"n":"Cervelas Eco+ 400g","p":1.62,"u":"4,05 €/KG","img":"https://fd2-photos.leclercdrive.fr/image.ashx?id=2683637&use=l&cat=p&typeid=i","cat":316012},{"id":50759,"n":"Biscuit croquant Bonne Maman  Noix de coco - 150g","p":1.29,"u":"8,60 €/KG","img":"https://fd2-photos.leclercdrive.fr/image.ashx?id=2936188&use=l&cat=p&typeid=i","cat":284487},{"id":50767,"n":"Roti de porc Eco+ 5 tranches - 150g","p":1.81,"u":"12,07 €/KG","img":"https://fd2-photos.leclercdrive.fr/image.ashx?id=2706747&use=l&cat=p&typeid=i","cat":316009},{"id":50773,"n":"Dés de jambon Eco+ 2x100G","p":1.65,"u":"8,25 €/KG","img":"https://fd2-photos.leclercdrive.fr/image.ashx?id=2930936&use=l&cat=p&typeid=i","cat":316011},{"id":50782,"n":"Saucisson cuit à l'ail Eco+ fumé - 400g","p":1.4,"u":"3,50 €/KG","img":"https://fd2-photos.leclercdrive.fr/image.ashx?id=2675792&use=l&cat=p&typeid=i","cat":316006},{"id":50802,"n":"Huile d'olive Tramier Vierge extra - 75cl","p":7.33,"u":"9,77 €/L","img":"https://fd2-photos.leclercdrive.fr/image.ashx?id=2769807&use=l&cat=p&typeid=i","cat":284453},{"id":50810,"n":"Sauce Tomates Barilla Arrabbiata - 400g","p":1.65,"u":"4,13 €/KG","img":"https://fd2-photos.leclercdrive.fr/image.ashx?id=2832509&use=l&cat=p&typeid=i","cat":287599},{"id":50843,"n":"Pastis Ricard Anisé 45% vol - 2L","p":39.34,"u":"19,67 €/L","img":"https://fd2-photos.leclercdrive.fr/image.ashx?id=2919271&use=l&cat=p&typeid=i","cat":284548},{"id":50864,"n":"Savon Petit Olivier Fleur d'oranger - 2x100g","p":2.14,"u":"10,70 €/KG","img":"https://fd2-photos.leclercdrive.fr/image.ashx?id=2660862&use=l&cat=p&typeid=i","cat":284597},{"id":50865,"n":"Savon rose Le Petit Olivier Savonnette extra douce - 2x100g","p":1.68,"u":"8,40 €/KG","img":"https://fd2-photos.leclercdrive.fr/image.ashx?id=2660865&use=l&cat=p&typeid=i","cat":284597},{"id":50866,"n":"Savon doux karité Petit Olivier Surgras - 250g","p":1.81,"u":"7,24 €/KG","img":"https://fd2-photos.leclercdrive.fr/image.ashx?id=2144848&use=l&cat=p&typeid=i","cat":284597},{"id":50899,"n":"Sandwich baguette Daunat XXL Poulet crudités - 230g","p":2.03,"u":"8,83 €/KG","img":"https://fd2-photos.leclercdrive.fr/image.ashx?id=2623229&use=l&cat=p&typeid=i","cat":333658},{"id":50900,"n":"Daunat baguette le Goûteux Poulet - 220g","p":2.43,"u":"11,05 €/KG","img":"https://fd2-photos.leclercdrive.fr/image.ashx?id=2623235&use=l&cat=p&typeid=i","cat":333658},{"id":50903,"n":"Rana Feuilles de lasagnes Fraîches - 250g","p":1.68,"u":"6,72 €/KG","img":"https://fd2-photos.leclercdrive.fr/image.ashx?id=2529144&use=l&cat=p&typeid=i","cat":333682},{"id":50906,"n":"Cubes allume-feu Eco+ x32","p":1.53,"u":"0,05 €/P","img":"https://fd2-photos.leclercdrive.fr/image.ashx?id=2645125&use=l&cat=p&typeid=i","cat":300578},{"id":50915,"n":"Gnocchi à poêler Lustucru Fromage - 300g","p":1.68,"u":"5,60 €/KG","img":"https://fd2-photos.leclercdrive.fr/image.ashx?id=3014482&use=l&cat=p&typeid=i","cat":333682},{"id":50919,"n":"Emincés de boeuf Fleury Michon pommes de terre poivre - 280g","p":3.3,"u":"11,79 €/KG","img":"https://fd2-photos.leclercdrive.fr/image.ashx?id=3003299&use=l&cat=p&typeid=i","cat":333665},{"id":50927,"n":"Rillettes du Mans La Véritable Bordeau Chesnel - 400g","p":3.42,"u":"342,00 €/L","img":"https://fd2-photos.leclercdrive.fr/image.ashx?id=2763097&use=l&cat=p&typeid=i","cat":316008},{"id":50984,"n":"Soda zéro Sprink's Agrumes - 1,5L","p":0.76,"u":"0,51 €/L","img":"https://fd2-photos.leclercdrive.fr/image.ashx?id=2913724&use=l&cat=p&typeid=i","cat":284532},{"id":50990,"n":"Fruits au sirop St Mamet Ananas en morceaux - 345g","p":2.6,"u":"7,54 €/KG","img":"https://fd2-photos.leclercdrive.fr/image.ashx?id=2927309&use=l&cat=p&typeid=i","cat":284507},{"id":50991,"n":"Fruits au sirop St Mamet Ananas en tranches - 345g","p":2.8,"u":"8,12 €/KG","img":"https://fd2-photos.leclercdrive.fr/image.ashx?id=2630226&use=l&cat=p&typeid=i","cat":284507},{"id":51004,"n":"Sucre de canne Daddy Demi morceaux - 750g","p":2.0,"u":"2,67 €/KG","img":"https://fd2-photos.leclercdrive.fr/image.ashx?id=2907950&use=l&cat=p&typeid=i","cat":284502},{"id":51046,"n":"Mouchoirs blancs 3 plis Eco+ x15","p":0.97,"u":"0,06 €/P","img":"https://fd2-photos.leclercdrive.fr/image.ashx?id=2824244&use=l&cat=p&typeid=i","cat":284638},{"id":51047,"n":"Biscuits Petit Brun extra 300g","p":1.41,"u":"4,70 €/KG","img":"https://fd2-photos.leclercdrive.fr/image.ashx?id=3002264&use=l&cat=p&typeid=i","cat":284487},{"id":51048,"n":"Lentilles Notre Jardin 3x130g","p":2.09,"u":"5,36 €/KG","img":"https://fd2-photos.leclercdrive.fr/image.ashx?id=3002617&use=l&cat=p&typeid=i","cat":312609},{"id":51050,"n":"Chips Pom'lisse Barbecue - 6x30g","p":1.99,"u":"11,06 €/KG","img":"https://fd2-photos.leclercdrive.fr/image.ashx?id=2809668&use=l&cat=p&typeid=i","cat":284447},{"id":51089,"n":"Soda Sprink's Aux agrumes - 1.5L","p":1.4,"u":"0,93 €/L","img":"https://fd2-photos.leclercdrive.fr/image.ashx?id=2913727&use=l&cat=p&typeid=i","cat":284532},{"id":51185,"n":"Cuisses de poulet blanc  1kg","p":5.0,"u":"5,00 €/KG","img":"https://fd2-photos.leclercdrive.fr/image.ashx?id=2849797&use=l&cat=p&typeid=i","cat":284336},{"id":51248,"n":"Crème dessert La Laitière Caramel  - 4x100g","p":2.16,"u":"5,40 €/KG","img":"https://fd2-photos.leclercdrive.fr/image.ashx?id=2875990&use=l&cat=p&typeid=i","cat":285041},{"id":51249,"n":"Crème brûlée La Laitière saveur vanille - 4x100g","p":2.99,"u":"7,48 €/KG","img":"https://fd2-photos.leclercdrive.fr/image.ashx?id=2624116&use=l&cat=p&typeid=i","cat":284419},{"id":51250,"n":"Yaourt nature Activia bifidus 0%MG  - 8x125g","p":2.68,"u":"2,68 €/KG","img":"https://fd2-photos.leclercdrive.fr/image.ashx?id=2741688&use=l&cat=p&typeid=i","cat":315000},{"id":51268,"n":"Eau aromatisée O'Fresh Fraise - 1.5L","p":0.75,"u":"0,50 €/L","img":"https://fd2-photos.leclercdrive.fr/image.ashx?id=3002812&use=l&cat=p&typeid=i","cat":284537},{"id":51289,"n":"Fromage Blanc Calin Nature - 0% extra - 850g","p":2.31,"u":"2,72 €/KG","img":"https://fd2-photos.leclercdrive.fr/image.ashx?id=2973724&use=l&cat=p&typeid=i","cat":315000},{"id":51291,"n":"Fromage blanc Soignon Nature lait de chèvre - 4x100g","p":2.5,"u":"6,25 €/KG","img":"https://fd2-photos.leclercdrive.fr/image.ashx?id=2539902&use=l&cat=p&typeid=i","cat":314998},{"id":51292,"n":"Yaourts Douceur satinée Délisse Nature - 8x125g","p":2.59,"u":"2,59 €/KG","img":"https://fd2-photos.leclercdrive.fr/image.ashx?id=2465047&use=l&cat=p&typeid=i","cat":284409},{"id":51293,"n":"Douceur satinée Délisse Noix de coco - 4x125g","p":1.71,"u":"3,42 €/KG","img":"https://fd2-photos.leclercdrive.fr/image.ashx?id=2967564&use=l&cat=p&typeid=i","cat":314999},{"id":51297,"n":"Compotes Andros Pomme nature - 8x100g","p":2.1,"u":"2,63 €/KG","img":"https://fd2-photos.leclercdrive.fr/image.ashx?id=2884006&use=l&cat=p&typeid=i","cat":284416},{"id":51300,"n":"Yaourt Nature Sucré Yoplait - 4x125g","p":1.16,"u":"2,32 €/KG","img":"https://fd2-photos.leclercdrive.fr/image.ashx?id=2799898&use=l&cat=p&typeid=i","cat":284409},{"id":51344,"n":"Riz au lait La Laitière Rhum raisin - 4x115g","p":1.88,"u":"4,09 €/KG","img":"https://fd2-photos.leclercdrive.fr/image.ashx?id=2490455&use=l&cat=p&typeid=i","cat":284418},{"id":51346,"n":"Dessert liégeois Viennois Vanille lit de caramel - 4x100g","p":1.67,"u":"4,18 €/KG","img":"https://fd2-photos.leclercdrive.fr/image.ashx?id=2692122&use=l&cat=p&typeid=i","cat":285042},{"id":51353,"n":"Fromage Cantal jeune NRT AOP  200g","p":3.19,"u":"15,95 €/KG","img":"https://fd2-photos.leclercdrive.fr/image.ashx?id=2934832&use=l&cat=p&typeid=i","cat":314034},{"id":51377,"n":"Camembert lait pasteurisé 23%MG Les Eleveurs de Bretagne - 250g","p":1.76,"u":"7,04 €/KG","img":"https://fd2-photos.leclercdrive.fr/image.ashx?id=1741616&use=l&cat=p&typeid=i","cat":314033},{"id":51392,"n":"Yaourts à la Grecque Délisse Lit de fruit jaunes - 4x150g","p":1.99,"u":"3,32 €/KG","img":"https://fd2-photos.leclercdrive.fr/image.ashx?id=2699699&use=l&cat=p&typeid=i","cat":314999},{"id":51395,"n":"Profiteroles Délisse 4x90g","p":2.49,"u":"6,92 €/KG","img":"https://fd2-photos.leclercdrive.fr/image.ashx?id=2844842&use=l&cat=p&typeid=i","cat":284419},{"id":51607,"n":"Fromage enfant Kiri Goûter 8 portions barquettes - 280g","p":3.53,"u":"12,61 €/KG","img":"https://fd2-photos.leclercdrive.fr/image.ashx?id=2972886&use=l&cat=p&typeid=i","cat":314030},{"id":51669,"n":"IGP Pays d'Oc blanc Viognier Jean-Claude Mas 13.5%vol - 75cl","p":4.61,"u":"6,15 €/L","img":"https://fd2-photos.leclercdrive.fr/image.ashx?id=2490314&use=l&cat=p&typeid=i","cat":289557},{"id":51683,"n":"Sucre en morceaux Saint Louis Sécables - 1kg","p":1.9,"u":"1,90 €/KG","img":"https://fd2-photos.leclercdrive.fr/image.ashx?id=2624233&use=l&cat=p&typeid=i","cat":284502},{"id":51722,"n":"Bâtonnet Magic Smicy Mutlifruits x8 - 320g","p":2.51,"u":"7,84 €/KG","img":"https://fd2-photos.leclercdrive.fr/image.ashx?id=2133942&use=l&cat=p&typeid=i","cat":285250},{"id":51750,"n":"Sel fin La Baleine Iodé - 500g","p":0.54,"u":"1,08 €/KG","img":"https://fd2-photos.leclercdrive.fr/image.ashx?id=1752100&use=l&cat=p&typeid=i","cat":284457},{"id":51822,"n":"Thé glacé Lipton Ice Tea Pêche - 4x50cl","p":4.07,"u":"2,04 €/L","img":"https://fd2-photos.leclercdrive.fr/image.ashx?id=2505471&use=l&cat=p&typeid=i","cat":295019},{"id":51831,"n":"Eau gazeuse Rozana 6x50cl","p":2.75,"u":"0,92 €/L","img":"https://fd2-photos.leclercdrive.fr/image.ashx?id=2870608&use=l&cat=p&typeid=i","cat":284536},{"id":51864,"n":"Bière blonde Kronenbourg 4,2° - 6x25cl","p":3.74,"u":"2,49 €/L","img":"https://fd2-photos.leclercdrive.fr/image.ashx?id=2992747&use=l&cat=p&typeid=i","cat":334873},{"id":51865,"n":"Bière blonde Kronenbourg 4,2° - 10x25cl","p":5.5,"u":"2,20 €/L","img":"https://fd2-photos.leclercdrive.fr/image.ashx?id=2992750&use=l&cat=p&typeid=i","cat":334873},{"id":51936,"n":"Burger Very best Charal 220g","p":4.46,"u":"20,27 €/KG","img":"https://fd2-photos.leclercdrive.fr/image.ashx?id=2928498&use=l&cat=p&typeid=i","cat":333671},{"id":51978,"n":"Boisson au soja Nat&Vie Chocolat - 1L","p":1.4,"u":"1,40 €/L","img":"https://fd2-photos.leclercdrive.fr/image.ashx?id=2852100&use=l&cat=p&typeid=i","cat":316067},{"id":51979,"n":"Boisson au soja Vanille Végé 1L Végé - 200g","p":1.35,"u":"1,35 €/L","img":"https://fd2-photos.leclercdrive.fr/image.ashx?id=2872703&use=l&cat=p&typeid=i","cat":316067},{"id":51980,"n":"Lait demi-écrémé Délisse UHT -  6x25cl","p":3.36,"u":"2,24 €/L","img":"https://fd2-photos.leclercdrive.fr/image.ashx?id=2971503&use=l&cat=p&typeid=i","cat":284377},{"id":51995,"n":"Spécialité laitière Délisse Epaisse - 7% MG - 50cl","p":1.43,"u":"2,86 €/L","img":"https://fd2-photos.leclercdrive.fr/image.ashx?id=2363802&use=l&cat=p&typeid=i","cat":284381},{"id":51996,"n":"Spécialtié laitière Délisse UHT Fluide 4%mg - 3x20cl","p":1.99,"u":"3,32 €/L","img":"https://fd2-photos.leclercdrive.fr/image.ashx?id=2909398&use=l&cat=p&typeid=i","cat":284381},{"id":51999,"n":"Spécialité laitière Délisse Semi-épaisse 4%mg - 2x25cl","p":1.9,"u":"3,80 €/L","img":"https://fd2-photos.leclercdrive.fr/image.ashx?id=1790942&use=l&cat=p&typeid=i","cat":284381},{"id":52000,"n":"Spécialité laitière Délisse Epaisse - 7% MG - 20cl","p":0.95,"u":"4,75 €/L","img":"https://fd2-photos.leclercdrive.fr/image.ashx?id=2375583&use=l&cat=p&typeid=i","cat":284381},{"id":52001,"n":"Pâte à pizza fine Herta Rectangulaire - 390g","p":1.53,"u":"3,92 €/KG","img":"https://fd2-photos.leclercdrive.fr/image.ashx?id=2976110&use=l&cat=p&typeid=i","cat":333681},{"id":52002,"n":"HERTA Pâte à pizza fine & ronde 265g","p":1.24,"u":"4,68 €/KG","img":"https://fd2-photos.leclercdrive.fr/image.ashx?id=2975674&use=l&cat=p&typeid=i","cat":333681},{"id":52003,"n":"Eau aromatisée O'Fresh Fraise - 6x50cl","p":2.99,"u":"1,00 €/L","img":"https://fd2-photos.leclercdrive.fr/image.ashx?id=2441378&use=l&cat=p&typeid=i","cat":284537},{"id":52006,"n":"Blinis Ronde des Mers Medium x8 - 160g","p":1.69,"u":"10,56 €/KG","img":"https://fd2-photos.leclercdrive.fr/image.ashx?id=2981888&use=l&cat=p&typeid=i","cat":285191},{"id":52057,"n":"Fromage L'Ortolan Paysange  Fromagerie Milleret - 250g","p":2.37,"u":"9,48 €/KG","img":"https://fd2-photos.leclercdrive.fr/image.ashx?id=1745387&use=l&cat=p&typeid=i","cat":314033},{"id":52071,"n":"Tortillas Table du Monde De maïs - 320g","p":1.69,"u":"5,28 €/KG","img":"https://fd2-photos.leclercdrive.fr/image.ashx?id=2679759&use=l&cat=p&typeid=i","cat":288993},{"id":52078,"n":"Pointe Brie de Meaux NRT AOP 200g","p":3.09,"u":"15,45 €/KG","img":"https://fd2-photos.leclercdrive.fr/image.ashx?id=2564491&use=l&cat=p&typeid=i","cat":314033},{"id":52080,"n":"Emmental fromage rapé Les Croisés - 1kg","p":7.97,"u":"7,97 €/KG","img":"https://fd2-photos.leclercdrive.fr/image.ashx?id=2832990&use=l&cat=p&typeid=i","cat":314035},{"id":52082,"n":"Roulés Les Croisés Jambon fumé Fromage ail fines herbes - 100g","p":2.79,"u":"27,90 €/KG","img":"https://fd2-photos.leclercdrive.fr/image.ashx?id=2501682&use=l&cat=p&typeid=i","cat":314027},{"id":52083,"n":"Roulés Les Croisés Jambon fumé poivre - 100g","p":2.85,"u":"28,50 €/KG","img":"https://fd2-photos.leclercdrive.fr/image.ashx?id=2501685&use=l&cat=p&typeid=i","cat":314027},{"id":52089,"n":"Fromage Cantal Entre deux NRT  AOP - 220g","p":3.26,"u":"14,82 €/KG","img":"https://fd2-photos.leclercdrive.fr/image.ashx?id=2934838&use=l&cat=p&typeid=i","cat":314034},{"id":52093,"n":"Salade Menu Fraîcheur Lentilles aux oignons - 300g","p":1.52,"u":"5,07 €/KG","img":"https://fd2-photos.leclercdrive.fr/image.ashx?id=2645954&use=l&cat=p&typeid=i","cat":333657},{"id":52097,"n":"Salade Menu Fraîcheur Pâtes saumon - 300g","p":2.49,"u":"8,30 €/KG","img":"https://fd2-photos.leclercdrive.fr/image.ashx?id=2645960&use=l&cat=p&typeid=i","cat":333657},{"id":52111,"n":"Chiffonade chorizo Saint Azay 100g","p":2.19,"u":"21,90 €/KG","img":"https://fd2-photos.leclercdrive.fr/image.ashx?id=2845146&use=l&cat=p&typeid=i","cat":316007},{"id":52115,"n":"Ail Rustica  250g","p":3.29,"u":"13,16 €/KG","img":"https://fd2-photos.leclercdrive.fr/image.ashx?id=2341894&use=l&cat=p&typeid=i","cat":319804},{"id":52118,"n":"Persil Rustica 250g","p":3.29,"u":"13,16 €/KG","img":"https://fd2-photos.leclercdrive.fr/image.ashx?id=2835205&use=l&cat=p&typeid=i","cat":319804},{"id":52122,"n":"Limonade Sprink's Zero - 1.5L","p":0.59,"u":"0,39 €/L","img":"https://fd2-photos.leclercdrive.fr/image.ashx?id=2913681&use=l&cat=p&typeid=i","cat":284531},{"id":52123,"n":"Salade pêcheur Menu Fraîcheur  300g","p":2.65,"u":"8,83 €/KG","img":"https://fd2-photos.leclercdrive.fr/image.ashx?id=2645969&use=l&cat=p&typeid=i","cat":333657},{"id":52126,"n":"Crème brulée Tyrolia Eskiss 350g","p":2.1,"u":"6,00 €/KG","img":"https://fd2-photos.leclercdrive.fr/image.ashx?id=2075672&use=l&cat=p&typeid=i","cat":284266},{"id":52128,"n":"Dés de saumon Ronde des Mers  Fumé nature - 90g","p":4.1,"u":"45,56 €/KG","img":"https://fd2-photos.leclercdrive.fr/image.ashx?id=2966246&use=l&cat=p&typeid=i","cat":285188},{"id":52134,"n":"Emmental -30% sel fromage bloc  Les Croisés - 200g","p":2.59,"u":"12,95 €/KG","img":"https://fd2-photos.leclercdrive.fr/image.ashx?id=2897790&use=l&cat=p&typeid=i","cat":314034},{"id":52135,"n":"Emmental -30% sel fromage râpé Les Croisés - 150g","p":1.99,"u":"13,27 €/KG","img":"https://fd2-photos.leclercdrive.fr/image.ashx?id=2949197&use=l&cat=p&typeid=i","cat":314035},{"id":52136,"n":"Mozzarella Pic'Express 250g","p":2.99,"u":"11,96 €/KG","img":"https://fd2-photos.leclercdrive.fr/image.ashx?id=2678800&use=l&cat=p&typeid=i","cat":319774},{"id":52141,"n":"Bâtonnets Dentastix Pedigree Moyen chien x7 - 180g","p":2.25,"u":"12,50 €/KG","img":"https://fd2-photos.leclercdrive.fr/image.ashx?id=2981301&use=l&cat=p&typeid=i","cat":294527},{"id":52142,"n":"Bâtonnets Dentastix Pedigree Grand chien x7 - 270g","p":2.85,"u":"10,56 €/KG","img":"https://fd2-photos.leclercdrive.fr/image.ashx?id=2877046&use=l&cat=p&typeid=i","cat":294527},{"id":52148,"n":"Filet de poulet Fleury Michon pommes de terre - 300g","p":2.48,"u":"8,27 €/KG","img":"https://fd2-photos.leclercdrive.fr/image.ashx?id=2656754&use=l&cat=p&typeid=i","cat":333665},{"id":52254,"n":"IGP Comté Tolosan vin blanc Bernard Cordelier - 75 cl","p":1.99,"u":"2,65 €/L","img":"https://fd2-photos.leclercdrive.fr/image.ashx?id=2905198&use=l&cat=p&typeid=i","cat":289557},{"id":52275,"n":"Emmental Eleveurs de Bretagne Râpé - 200g","p":1.87,"u":"9,35 €/KG","img":"https://fd2-photos.leclercdrive.fr/image.ashx?id=1730286&use=l&cat=p&typeid=i","cat":314035},{"id":52276,"n":"Emmental Eleveurs de Bretagne Râpé - 500g","p":4.59,"u":"9,18 €/KG","img":"https://fd2-photos.leclercdrive.fr/image.ashx?id=1730289&use=l&cat=p&typeid=i","cat":314035},{"id":52277,"n":"Emmental Eleveurs de Bretagne 250g","p":2.37,"u":"9,48 €/KG","img":"https://fd2-photos.leclercdrive.fr/image.ashx?id=1741619&use=l&cat=p&typeid=i","cat":314034},{"id":52324,"n":"Viande hachée pur bœuf 5%MG Bio Les Eleveurs de Bretagne - 350g","p":8.71,"u":"24,89 €/KG","img":"https://fd2-photos.leclercdrive.fr/image.ashx?id=2406073&use=l&cat=p&typeid=i","cat":284332},{"id":52327,"n":"Viande hachée race à viande 12% Les Éleveurs de Bretagne - 350g","p":5.84,"u":"16,69 €/KG","img":"https://fd2-photos.leclercdrive.fr/image.ashx?id=2406067&use=l&cat=p&typeid=i","cat":284332},{"id":52328,"n":"Thé glacé Breizh Thé Pêche - 1.5L","p":1.82,"u":"1,21 €/L","img":"https://fd2-photos.leclercdrive.fr/image.ashx?id=2220341&use=l&cat=p&typeid=i","cat":295019},{"id":52329,"n":"Limonade Breizh Lim' 1.5L","p":1.89,"u":"1,26 €/L","img":"https://fd2-photos.leclercdrive.fr/image.ashx?id=2184672&use=l&cat=p&typeid=i","cat":284531},{"id":52330,"n":"Soda Breizh  Agrumes - 1.5L","p":1.82,"u":"1,21 €/L","img":"https://fd2-photos.leclercdrive.fr/image.ashx?id=2183606&use=l&cat=p&typeid=i","cat":284532},{"id":52333,"n":"Viande bovine : Faux filet*** À griller - 300g","p":7.13,"u":"23,77 €/KG","img":"https://fd2-photos.leclercdrive.fr/image.ashx?id=659570&use=l&cat=p&typeid=i","cat":284328},{"id":52335,"n":"Sauce tomate cuisinée Panzani Tube légumes - 180g","p":0.97,"u":"5,39 €/KG","img":"https://fd2-photos.leclercdrive.fr/image.ashx?id=2984751&use=l&cat=p&typeid=i","cat":288384},{"id":52367,"n":"Whisky Ballantine's Finest Blended Scotch 40% vol - 1,5L","p":31.58,"u":"21,05 €/L","img":"https://fd2-photos.leclercdrive.fr/image.ashx?id=3000833&use=l&cat=p&typeid=i","cat":284547},{"id":52389,"n":"Gelée nuit anti âge So Bio Etic Argan bio - 40ml","p":9.29,"u":"232,25 €/L","img":"https://fd2-photos.leclercdrive.fr/image.ashx?id=2494734&use=l&cat=p&typeid=i","cat":325345},{"id":52404,"n":"Yaourt nature bifidus Activia 12x125g","p":3.96,"u":"2,64 €/KG","img":"https://fd2-photos.leclercdrive.fr/image.ashx?id=2741703&use=l&cat=p&typeid=i","cat":315000},{"id":52582,"n":"Sauce Bolognaise Panzani - 210G","p":1.31,"u":"6,24 €/KG","img":"https://fd2-photos.leclercdrive.fr/image.ashx?id=2977927&use=l&cat=p&typeid=i","cat":287599},{"id":52618,"n":"Crème brulée Rians  3x100g","p":3.21,"u":"10,70 €/KG","img":"https://fd2-photos.leclercdrive.fr/image.ashx?id=2396246&use=l&cat=p&typeid=i","cat":284419},{"id":52625,"n":"Sauce Pommes de Terre Bénédicta - 255g","p":1.53,"u":"5,88 €/KG","img":"https://fd2-photos.leclercdrive.fr/image.ashx?id=2689925&use=l&cat=p&typeid=i","cat":318430},{"id":52631,"n":"Sauce Béarnaise Bénédicta - 260g","p":1.29,"u":"4,96 €/KG","img":"https://fd2-photos.leclercdrive.fr/image.ashx?id=2689931&use=l&cat=p&typeid=i","cat":318430},{"id":52632,"n":"Sauce au Poivre Bénédicta - 260g","p":1.44,"u":"5,54 €/KG","img":"https://fd2-photos.leclercdrive.fr/image.ashx?id=2689937&use=l&cat=p&typeid=i","cat":318430},{"id":52633,"n":"Sauce Tartare Bénédicta - 260g","p":1.45,"u":"5,58 €/KG","img":"https://fd2-photos.leclercdrive.fr/image.ashx?id=2689940&use=l&cat=p&typeid=i","cat":318430},{"id":52634,"n":"Sauce Bourguignonne Bénédicta - 260g","p":1.3,"u":"4,81 €/KG","img":"https://fd2-photos.leclercdrive.fr/image.ashx?id=2689943&use=l&cat=p&typeid=i","cat":318430},{"id":52673,"n":"Fromage Burger cheddar/emmental Président - 12 tranches - 200g","p":1.56,"u":"7,80 €/KG","img":"https://fd2-photos.leclercdrive.fr/image.ashx?id=2445024&use=l&cat=p&typeid=i","cat":314028},{"id":52684,"n":"Cheddar fromage râpé  Les Croisés - 200g","p":2.39,"u":"11,95 €/KG","img":"https://fd2-photos.leclercdrive.fr/image.ashx?id=2044381&use=l&cat=p&typeid=i","cat":314035},{"id":52699,"n":"Comté Entremont Râpé - 2x70g","p":2.54,"u":"18,14 €/KG","img":"https://fd2-photos.leclercdrive.fr/image.ashx?id=2983162&use=l&cat=p&typeid=i","cat":314035},{"id":52700,"n":"Mini Caprice des Dieux Filet 5x50g","p":5.42,"u":"21,68 €/KG","img":"https://fd2-photos.leclercdrive.fr/image.ashx?id=2792318&use=l&cat=p&typeid=i","cat":314030},{"id":52757,"n":"Biscuits sablés Granola Chocolat au lait - 2x200g","p":2.6,"u":"6,50 €/KG","img":"https://fd2-photos.leclercdrive.fr/image.ashx?id=2347275&use=l&cat=p&typeid=i","cat":284488},{"id":52773,"n":"Céréales Crousti avoine Bjorg Chocolat  bio - 500g","p":4.61,"u":"9,22 €/KG","img":"https://fd2-photos.leclercdrive.fr/image.ashx?id=2906184&use=l&cat=p&typeid=i","cat":318651},{"id":52790,"n":"Fromage mi-chèvre Soignon 180g","p":2.1,"u":"11,67 €/KG","img":"https://fd2-photos.leclercdrive.fr/image.ashx?id=2734357&use=l&cat=p&typeid=i","cat":314031},{"id":52797,"n":"AOP Parmigiano Reggiano Tradizioni d'Italia - 60g","p":1.9,"u":"31,67 €/KG","img":"https://fd2-photos.leclercdrive.fr/image.ashx?id=2904028&use=l&cat=p&typeid=i","cat":314035},{"id":52804,"n":"Fromage à Raclette RichesMonts  Classique 18 Tranches - 420g","p":4.98,"u":"11,86 €/KG","img":"https://fd2-photos.leclercdrive.fr/image.ashx?id=2953489&use=l&cat=p&typeid=i","cat":314037},{"id":52806,"n":"Fromage à Tartiner St Môret  Nature Léger - 300g","p":3.78,"u":"12,60 €/KG","img":"https://fd2-photos.leclercdrive.fr/image.ashx?id=2914507&use=l&cat=p&typeid=i","cat":314029},{"id":52809,"n":"Fromage raclette Les Croisés 28%mg - 800g","p":7.39,"u":"9,24 €/KG","img":"https://fd2-photos.leclercdrive.fr/image.ashx?id=2793221&use=l&cat=p&typeid=i","cat":314037},{"id":52816,"n":"yaourt nature bifidus Activia 8x125g","p":2.81,"u":"2,81 €/KG","img":"https://fd2-photos.leclercdrive.fr/image.ashx?id=2741709&use=l&cat=p&typeid=i","cat":315000},{"id":52818,"n":"Fromage à tartiner Boursin Figue et 3 noix - 150g","p":2.59,"u":"17,27 €/KG","img":"https://fd2-photos.leclercdrive.fr/image.ashx?id=2962062&use=l&cat=p&typeid=i","cat":314029},{"id":52820,"n":"Fromage Mont d'Or AOP  Nos Régions ont du Talent -400g","p":7.59,"u":"18,98 €/KG","img":"https://fd2-photos.leclercdrive.fr/image.ashx?id=2934841&use=l&cat=p&typeid=i","cat":314037},{"id":52933,"n":"Piles Long Lasting Duracell CR2025  Lithium 3V - x2","p":5.6,"u":"2,80 €/P","img":"https://fd2-photos.leclercdrive.fr/image.ashx?id=2831399&use=l&cat=p&typeid=i","cat":300572},{"id":52958,"n":"Café dosettes Tassimo L'Or Espresso Classique x16","p":4.52,"u":"43,46 €/KG","img":"https://fd2-photos.leclercdrive.fr/image.ashx?id=2507335&use=l&cat=p&typeid=i","cat":293240},{"id":52961,"n":"Gnocchi Bio Village Bio - 300g","p":2.18,"u":"7,27 €/KG","img":"https://fd2-photos.leclercdrive.fr/image.ashx?id=2607960&use=l&cat=p&typeid=i","cat":333682},{"id":52964,"n":"Essuie-tout blanc Mimosa Super absorbant - x4 compacts","p":4.95,"u":"1,24 €/P","img":"https://fd2-photos.leclercdrive.fr/image.ashx?id=2752628&use=l&cat=p&typeid=i","cat":284635},{"id":52979,"n":"Truite fumée de Bretagne NRT x4 - 120g","p":5.39,"u":"44,92 €/KG","img":"https://fd2-photos.leclercdrive.fr/image.ashx?id=2663851&use=l&cat=p&typeid=i","cat":285188},{"id":53003,"n":"Vin d'Espagne rouge Merlot Adrien Champaud - BIB 5L","p":9.99,"u":"2,00 €/L","img":"https://fd2-photos.leclercdrive.fr/image.ashx?id=2959728&use=l&cat=p&typeid=i","cat":289560},{"id":53032,"n":"Essuie-tout décoré Mimosa x3 compacts","p":3.82,"u":"1,27 €/P","img":"https://fd2-photos.leclercdrive.fr/image.ashx?id=2752634&use=l&cat=p&typeid=i","cat":284635},{"id":53033,"n":"Essuie-tout décoré Mimosa x2 compacts","p":2.99,"u":"1,50 €/P","img":"https://fd2-photos.leclercdrive.fr/image.ashx?id=2752637&use=l&cat=p&typeid=i","cat":284635},{"id":53064,"n":"Eponges grattantes Mamison  Vaisselle délicate - x2","p":1.26,"u":"0,63 €/P","img":"https://fd2-photos.leclercdrive.fr/image.ashx?id=2202440&use=l&cat=p&typeid=i","cat":284667},{"id":53065,"n":"Eponges grattantes Mamison  Récurage difficile - x2","p":1.27,"u":"0,64 €/P","img":"https://fd2-photos.leclercdrive.fr/image.ashx?id=2207733&use=l&cat=p&typeid=i","cat":284667},{"id":53067,"n":"Recharge désodorisant Bien Air  Floral - 15ml","p":1.55,"u":"103,33 €/L","img":"https://fd2-photos.leclercdrive.fr/image.ashx?id=2467655&use=l&cat=p&typeid=i","cat":311629},{"id":53069,"n":"Recharge désodorisant Bien Air  Muguet - 15ml","p":1.5,"u":"100,00 €/L","img":"https://fd2-photos.leclercdrive.fr/image.ashx?id=1256816&use=l&cat=p&typeid=i","cat":311629},{"id":53116,"n":"Rhum blanc agricole Damoiseau 50%vol - 1L","p":17.89,"u":"17,89 €/L","img":"https://fd2-photos.leclercdrive.fr/image.ashx?id=2021214&use=l&cat=p&typeid=i","cat":284550},{"id":53150,"n":"Barquette chat Sheba  Volaille en sauce - 12x85g","p":6.09,"u":"5,97 €/KG","img":"https://fd2-photos.leclercdrive.fr/image.ashx?id=2759640&use=l&cat=p&typeid=i","cat":285286},{"id":53165,"n":"Lomo Saint Azay 100g","p":2.69,"u":"26,90 €/KG","img":"https://fd2-photos.leclercdrive.fr/image.ashx?id=2453192&use=l&cat=p&typeid=i","cat":316007},{"id":53167,"n":"Gaufres liégoise P'tit Déli Nappée chocolat - x7 - 402g","p":2.61,"u":"6,49 €/KG","img":"https://fd2-photos.leclercdrive.fr/image.ashx?id=1077913&use=l&cat=p&typeid=i","cat":294777},{"id":53168,"n":"Snacks chats Tous mes amis Hygiène dentaire mini - 40g","p":0.99,"u":"24,75 €/KG","img":"https://fd2-photos.leclercdrive.fr/image.ashx?id=1946868&use=l&cat=p&typeid=i","cat":285285},{"id":53170,"n":"Dés fromage de Brebis Herbes de Provence Les Croisés - 300g","p":2.83,"u":"9,43 €/KG","img":"https://fd2-photos.leclercdrive.fr/image.ashx?id=2900531&use=l&cat=p&typeid=i","cat":314027},{"id":53180,"n":"Panés au cabillaud Cap Océan 200g","p":3.5,"u":"17,50 €/KG","img":"https://fd2-photos.leclercdrive.fr/image.ashx?id=2543189&use=l&cat=p&typeid=i","cat":284344},{"id":53412,"n":"Activateur biologique Eparcyl  Fosse septique - 864g x24","p":6.64,"u":"7,69 €/KG","img":"https://fd2-photos.leclercdrive.fr/image.ashx?id=2890085&use=l&cat=p&typeid=i","cat":284908},{"id":53434,"n":"Salade d'Alaska Menu Fraîcheur 300g","p":2.59,"u":"8,63 €/KG","img":"https://fd2-photos.leclercdrive.fr/image.ashx?id=2727638&use=l&cat=p&typeid=i","cat":333657},{"id":53479,"n":"AOP Côtes du Rhône rouge Vieille Vignes - 75cl","p":3.69,"u":"4,92 €/L","img":"https://fd2-photos.leclercdrive.fr/image.ashx?id=2650360&use=l&cat=p&typeid=i","cat":289556},{"id":53508,"n":"Fine chapelure de pain Tipiak 275g","p":0.61,"u":"2,22 €/KG","img":"https://fd2-photos.leclercdrive.fr/image.ashx?id=2594124&use=l&cat=p&typeid=i","cat":288382},{"id":53600,"n":"Recharge spray Bien Air Automatique japon - 250ml","p":2.39,"u":"9,56 €/L","img":"https://fd2-photos.leclercdrive.fr/image.ashx?id=2974963&use=l&cat=p&typeid=i","cat":311629},{"id":53601,"n":"Recharge spray Bien Air Vanille ambré automatique 250ml","p":2.39,"u":"9,56 €/L","img":"https://fd2-photos.leclercdrive.fr/image.ashx?id=2991136&use=l&cat=p&typeid=i","cat":311629},{"id":53606,"n":"Salade Mexicaine Côté Snack Au thon - 250g","p":1.9,"u":"7,60 €/KG","img":"https://fd2-photos.leclercdrive.fr/image.ashx?id=2884255&use=l&cat=p&typeid=i","cat":284437},{"id":53628,"n":"Soda Breizh Cola Zéro Bouteille - 6x33cl","p":3.0,"u":"1,52 €/L","img":"https://fd2-photos.leclercdrive.fr/image.ashx?id=2432663&use=l&cat=p&typeid=i","cat":284530},{"id":53662,"n":"Jambon Torchon Fleury Michon -25% de sel x2 - 80g","p":1.78,"u":"11,13 €/KG","img":"https://fd2-photos.leclercdrive.fr/image.ashx?id=2923636&use=l&cat=p&typeid=i","cat":316009},{"id":53663,"n":"Dés d'épaule Fleury Michon - 2x75g","p":1.49,"u":"9,93 €/KG","img":"https://fd2-photos.leclercdrive.fr/image.ashx?id=2650429&use=l&cat=p&typeid=i","cat":316011},{"id":53669,"n":"Assortiment Justin Bridou  4 charcuteries - 260g","p":4.5,"u":"17,31 €/KG","img":"https://fd2-photos.leclercdrive.fr/image.ashx?id=2770783&use=l&cat=p&typeid=i","cat":316007},{"id":53776,"n":"Brioche tressée Pasquier Nature - 630g","p":2.71,"u":"4,30 €/KG","img":"https://fd2-photos.leclercdrive.fr/image.ashx?id=2850946&use=l&cat=p&typeid=i","cat":284478},{"id":53777,"n":"Brioche tressée Pasquier  Pépites - 630g","p":2.89,"u":"4,59 €/KG","img":"https://fd2-photos.leclercdrive.fr/image.ashx?id=2848809&use=l&cat=p&typeid=i","cat":284478},{"id":53783,"n":"Lait de coco Suzi Wan 200ml","p":1.19,"u":"5,95 €/L","img":"https://fd2-photos.leclercdrive.fr/image.ashx?id=3002177&use=l&cat=p&typeid=i","cat":288992},{"id":53816,"n":"Chocolats Ferrero Collection Assortiments x32- 359g","p":14.15,"u":"39,42 €/KG","img":"https://fd2-photos.leclercdrive.fr/image.ashx?id=2940507&use=l&cat=p&typeid=i","cat":327595},{"id":53820,"n":"Madeleines Armor Délices x13 - 430g","p":3.78,"u":"8,79 €/KG","img":"https://fd2-photos.leclercdrive.fr/image.ashx?id=2788688&use=l&cat=p&typeid=i","cat":284492},{"id":53839,"n":"Râpé 3 saveurs Président 200g","p":2.95,"u":"14,75 €/KG","img":"https://fd2-photos.leclercdrive.fr/image.ashx?id=2786006&use=l&cat=p&typeid=i","cat":314035},{"id":53899,"n":"Eau minérale gazeuse Perrier  Naturelle - 6x1L","p":3.6,"u":"0,60 €/L","img":"https://fd2-photos.leclercdrive.fr/image.ashx?id=2454463&use=l&cat=p&typeid=i","cat":284536},{"id":53902,"n":"Eau minérale gazeuse Perrier  Fines bulles - 6x1L","p":3.6,"u":"0,60 €/L","img":"https://fd2-photos.leclercdrive.fr/image.ashx?id=2830924&use=l&cat=p&typeid=i","cat":284536},{"id":53904,"n":"Barre de chocolat Toblerone Noir - 360g","p":7.55,"u":"20,97 €/KG","img":"https://fd2-photos.leclercdrive.fr/image.ashx?id=2428687&use=l&cat=p&typeid=i","cat":327595},{"id":53930,"n":"Foie gras canard Labeyrie Entier, torchon - 190g","p":25.49,"u":"134,16 €/KG","img":"https://fd2-photos.leclercdrive.fr/image.ashx?id=2770356&use=l&cat=p&typeid=i","cat":316008},{"id":53936,"n":"Dés de fromage salade Boursin Echalote ciboulette - 120g","p":2.54,"u":"21,17 €/KG","img":"https://fd2-photos.leclercdrive.fr/image.ashx?id=2865671&use=l&cat=p&typeid=i","cat":314027},{"id":53944,"n":"Fromage à tartiner Boursin Ail et fines herbes - 250g","p":3.33,"u":"13,32 €/KG","img":"https://fd2-photos.leclercdrive.fr/image.ashx?id=2999853&use=l&cat=p&typeid=i","cat":314029},{"id":53946,"n":"Fromage à tartiner Boursin Echalote et ciboulette - 150g","p":2.48,"u":"16,53 €/KG","img":"https://fd2-photos.leclercdrive.fr/image.ashx?id=2962059&use=l&cat=p&typeid=i","cat":314029},{"id":53955,"n":"Steak haché 15% mg Les Eleveurs de Bretagne - 800g","p":15.02,"u":"18,78 €/KG","img":"https://fd2-photos.leclercdrive.fr/image.ashx?id=2570343&use=l&cat=p&typeid=i","cat":284332},{"id":54112,"n":"Absolut Vodka 40%vol - 1L","p":23.75,"u":"23,75 €/L","img":"https://fd2-photos.leclercdrive.fr/image.ashx?id=2550261&use=l&cat=p&typeid=i","cat":284550},{"id":54173,"n":"Sauce Forestière Férial 120g","p":1.4,"u":"11,67 €/KG","img":"https://fd2-photos.leclercdrive.fr/image.ashx?id=2636248&use=l&cat=p&typeid=i","cat":284382},{"id":54177,"n":"AOP Champagne Bio Canard Duchêne - Extra Brut - 75cl","p":29.6,"u":"39,47 €/L","img":"https://fd2-photos.leclercdrive.fr/image.ashx?id=2753611&use=l&cat=p&typeid=i","cat":284542},{"id":54178,"n":"Crémant Alsace Wolfberger Bio 11.5%vol - 75cl","p":8.99,"u":"11,99 €/L","img":"https://fd2-photos.leclercdrive.fr/image.ashx?id=2764194&use=l&cat=p&typeid=i","cat":284545},{"id":54184,"n":"Pétillant AOC Jaillance Clairette Bio, 7%vol - 75cl","p":6.5,"u":"8,67 €/L","img":"https://fd2-photos.leclercdrive.fr/image.ashx?id=2867455&use=l&cat=p&typeid=i","cat":284544},{"id":54272,"n":"Beurre Tendre Président Demi-sel - 80% MG - 125g","p":1.99,"u":"15,92 €/KG","img":"https://fd2-photos.leclercdrive.fr/image.ashx?id=2653495&use=l&cat=p&typeid=i","cat":284379},{"id":54299,"n":"Désodorisant Bien Air Mèche active Fruit rouge 375ml","p":1.65,"u":"4,40 €/L","img":"https://fd2-photos.leclercdrive.fr/image.ashx?id=2777806&use=l&cat=p&typeid=i","cat":311628},{"id":54301,"n":"Recharge mini spray Bien Air Agrume - 15ml","p":1.5,"u":"100,00 €/L","img":"https://fd2-photos.leclercdrive.fr/image.ashx?id=1496776&use=l&cat=p&typeid=i","cat":311629},{"id":54311,"n":"Bière blonde Bio Jade 4.5%vol - 6x25cl","p":5.6,"u":"3,73 €/L","img":"https://fd2-photos.leclercdrive.fr/image.ashx?id=2511282&use=l&cat=p&typeid=i","cat":334873},{"id":54312,"n":"Bière Sans gluten Jade Bio - 4.5%vol - 6x25cl","p":5.75,"u":"3,83 €/L","img":"https://fd2-photos.leclercdrive.fr/image.ashx?id=2672161&use=l&cat=p&typeid=i","cat":334873},{"id":54346,"n":"Barre Chocolatée KINDER Country  Céréales chocolat x10 - 235g","p":3.7,"u":"15,74 €/KG","img":"https://fd2-photos.leclercdrive.fr/image.ashx?id=2231942&use=l&cat=p&typeid=i","cat":284498},{"id":54351,"n":"Crème dessert Délisse Chocolat noisette - 4x125g","p":1.14,"u":"2,28 €/KG","img":"https://fd2-photos.leclercdrive.fr/image.ashx?id=2760810&use=l&cat=p&typeid=i","cat":285041},{"id":54372,"n":"Spécialité au soja Nat&Vie Caramel - 4x100g","p":1.5,"u":"3,75 €/P","img":"https://fd2-photos.leclercdrive.fr/image.ashx?id=2901467&use=l&cat=p&typeid=i","cat":316071},{"id":54385,"n":"Coupelles Ananas DDV Sirop léger - 4x70g","p":2.79,"u":"9,96 €/KG","img":"https://fd2-photos.leclercdrive.fr/image.ashx?id=2100793&use=l&cat=p&typeid=i","cat":284507},{"id":54386,"n":"Gâteau multicouche P'tit Déli Genoise fourré chocolat - 175g","p":1.27,"u":"7,26 €/KG","img":"https://fd2-photos.leclercdrive.fr/image.ashx?id=1756935&use=l&cat=p&typeid=i","cat":284495},{"id":54393,"n":"Spécialité de saucisse St Azay Sèche - 200g","p":3.05,"u":"15,25 €/KG","img":"https://fd2-photos.leclercdrive.fr/image.ashx?id=2982622&use=l&cat=p&typeid=i","cat":316006},{"id":54396,"n":"Salade Catalane Côté Snack Thon à la catalane - 250g","p":2.17,"u":"8,68 €/KG","img":"https://fd2-photos.leclercdrive.fr/image.ashx?id=2910589&use=l&cat=p&typeid=i","cat":284437},{"id":54404,"n":"Sauce Tomacouli Panzani - 3X200G","p":1.61,"u":"2,68 €/KG","img":"https://fd2-photos.leclercdrive.fr/image.ashx?id=2744623&use=l&cat=p&typeid=i","cat":288384},{"id":54405,"n":"Sauce Tomacouli Panzani - 700G","p":1.56,"u":"2,23 €/KG","img":"https://fd2-photos.leclercdrive.fr/image.ashx?id=2744632&use=l&cat=p&typeid=i","cat":288384},{"id":54415,"n":"Bâtonnet à mâcher Dentalife  Petit chien - x21 - 345g","p":3.05,"u":"8,84 €/KG","img":"https://fd2-photos.leclercdrive.fr/image.ashx?id=2897339&use=l&cat=p&typeid=i","cat":294527},{"id":54417,"n":"Barre chocolat lait P'tit Déli x5 - 130g","p":1.5,"u":"11,54 €/KG","img":"https://fd2-photos.leclercdrive.fr/image.ashx?id=2568936&use=l&cat=p&typeid=i","cat":284488},{"id":54420,"n":"Gel à raser Carré Homme Pour barbe difficile - 200ml","p":1.89,"u":"9,45 €/L","img":"https://fd2-photos.leclercdrive.fr/image.ashx?id=2704723&use=l&cat=p&typeid=i","cat":284617},{"id":54423,"n":"Gel à raser Carré Homme Fraicheur - 200ml","p":1.69,"u":"8,45 €/L","img":"https://fd2-photos.leclercdrive.fr/image.ashx?id=2704726&use=l&cat=p&typeid=i","cat":284617},{"id":54425,"n":"Batônnets Surimi Pêche Océan MSC - x48 - 800g","p":4.34,"u":"5,43 €/KG","img":"https://fd2-photos.leclercdrive.fr/image.ashx?id=2999568&use=l&cat=p&typeid=i","cat":285189},{"id":54430,"n":"Salade Italienne Côté Snack Au thon - 250g","p":2.18,"u":"8,72 €/KG","img":"https://fd2-photos.leclercdrive.fr/image.ashx?id=2436675&use=l&cat=p&typeid=i","cat":284437},{"id":54471,"n":"Madeleines longues Le Ster Marbrées choco - 250g","p":1.61,"u":"6,44 €/KG","img":"https://fd2-photos.leclercdrive.fr/image.ashx?id=2962548&use=l&cat=p&typeid=i","cat":284492},{"id":54473,"n":"Madeleines longues Le Ster Nature  - 250g","p":1.57,"u":"6,28 €/KG","img":"https://fd2-photos.leclercdrive.fr/image.ashx?id=2962545&use=l&cat=p&typeid=i","cat":284492},{"id":54494,"n":"Biscuits Petit Ecolier LU Chocolat au lait - 2x150g","p":3.32,"u":"11,07 €/KG","img":"https://fd2-photos.leclercdrive.fr/image.ashx?id=3009122&use=l&cat=p&typeid=i","cat":284488},{"id":54496,"n":"Gâteaux fourrés Milka Chocolat - 175g","p":1.72,"u":"9,83 €/KG","img":"https://fd2-photos.leclercdrive.fr/image.ashx?id=3005338&use=l&cat=p&typeid=i","cat":284495},{"id":54603,"n":"Compote Charles & Alice Panachés P.Mangues - 12x100g","p":4.0,"u":"3,33 €/KG","img":"https://fd2-photos.leclercdrive.fr/image.ashx?id=2790651&use=l&cat=p&typeid=i","cat":284416},{"id":54604,"n":"Compote Charles & Alice Panachés P.Myrtilles - 12x100g","p":4.4,"u":"3,67 €/KG","img":"https://fd2-photos.leclercdrive.fr/image.ashx?id=2790654&use=l&cat=p&typeid=i","cat":284416},{"id":54612,"n":"Corn Flakes bio Bio Village Nature - 375g","p":2.4,"u":"6,40 €/KG","img":"https://fd2-photos.leclercdrive.fr/image.ashx?id=2835226&use=l&cat=p&typeid=i","cat":309513},{"id":54727,"n":"Pain d'épice Pierre Chaumeyac Au poivre - 150g","p":1.99,"u":"13,27 €/KG","img":"https://fd2-photos.leclercdrive.fr/image.ashx?id=2392274&use=l&cat=p&typeid=i","cat":284493},{"id":54853,"n":"Mini choux Tokapi  Saumon/aneth - 60g","p":0.92,"u":"15,33 €/KG","img":"https://fd2-photos.leclercdrive.fr/image.ashx?id=2063338&use=l&cat=p&typeid=i","cat":297000},{"id":54860,"n":"Mix apéritif Bio Village  Bio -  120g","p":2.74,"u":"22,83 €/KG","img":"https://fd2-photos.leclercdrive.fr/image.ashx?id=1944243&use=l&cat=p&typeid=i","cat":284448},{"id":54865,"n":"Tablette chocolat Villars Chocolat au Lait Suisse - 100g","p":3.03,"u":"30,30 €/KG","img":"https://fd2-photos.leclercdrive.fr/image.ashx?id=2464276&use=l&cat=p&typeid=i","cat":284497},{"id":54944,"n":"Cône Nestlé Extrême  Café intense - 6x71g","p":3.55,"u":"8,33 €/KG","img":"https://fd2-photos.leclercdrive.fr/image.ashx?id=3000435&use=l&cat=p&typeid=i","cat":284264},{"id":54956,"n":"Macarons Autour Du Dessert Assortiment - x12","p":4.82,"img":"https://fd2-photos.leclercdrive.fr/image.ashx?id=2987485&use=l&cat=p&typeid=i","cat":284267},{"id":54957,"n":"Cône Extrême Nestle Vanille Fraise - 6x71g","p":3.55,"u":"8,33 €/KG","img":"https://fd2-photos.leclercdrive.fr/image.ashx?id=2353113&use=l&cat=p&typeid=i","cat":284264},{"id":54958,"n":"Cône Extrême Nestle Menthe chocolat - 6x71g","p":3.55,"u":"8,33 €/KG","img":"https://fd2-photos.leclercdrive.fr/image.ashx?id=2737048&use=l&cat=p&typeid=i","cat":284264},{"id":54959,"n":"Cône Extrême Intense Nestle Pistache Chocolat - 6x71g","p":3.55,"u":"8,33 €/KG","img":"https://fd2-photos.leclercdrive.fr/image.ashx?id=2353116&use=l&cat=p&typeid=i","cat":284264},{"id":55090,"n":"AOP Bordeaux rouge Mouton Cadet - 75cl","p":8.91,"u":"11,88 €/L","img":"https://fd2-photos.leclercdrive.fr/image.ashx?id=2959940&use=l&cat=p&typeid=i","cat":289556},{"id":55104,"n":"Recharge brosse à dents Dentamyl - Double zone - x2","p":6.99,"u":"3,50 €/P","img":"https://fd2-photos.leclercdrive.fr/image.ashx?id=2790988&use=l&cat=p&typeid=i","cat":297133},{"id":55115,"n":"Lingettes Mots d'Enfants Pockets - x20","p":1.19,"u":"0,06 €/P","img":"https://fd2-photos.leclercdrive.fr/image.ashx?id=2856549&use=l&cat=p&typeid=i","cat":284738},{"id":55145,"n":"Allumettes Fleury Michon Jambon cuit - 2x75g","p":1.23,"u":"8,20 €/KG","img":"https://fd2-photos.leclercdrive.fr/image.ashx?id=2651047&use=l&cat=p&typeid=i","cat":316011},{"id":55146,"n":"Jambon à poêler Fleury Michon 2x80g","p":2.78,"u":"17,38 €/KG","img":"https://fd2-photos.leclercdrive.fr/image.ashx?id=2975155&use=l&cat=p&typeid=i","cat":316009},{"id":55160,"n":"Brioche tréssée Pasquier Tranchée Pépite chocolat - 500g","p":2.75,"u":"5,50 €/KG","img":"https://fd2-photos.leclercdrive.fr/image.ashx?id=2971969&use=l&cat=p&typeid=i","cat":284478},{"id":55197,"n":"Plat bébé soir Blédiner 12 mois Macaroni ratatouille - 2x200g","p":2.34,"u":"5,85 €/KG","img":"https://fd2-photos.leclercdrive.fr/image.ashx?id=2845826&use=l&cat=p&typeid=i","cat":312239},{"id":55206,"n":"Plat bébé Blédina 12 mois Pâtes tomate jambon - 2x200g","p":2.59,"u":"6,48 €/KG","img":"https://fd2-photos.leclercdrive.fr/image.ashx?id=2975071&use=l&cat=p&typeid=i","cat":312237},{"id":55242,"n":"Crêpe fourrée Chocolat Paysan Breton - 6x180g","p":2.25,"u":"12,50 €/KG","img":"https://fd2-photos.leclercdrive.fr/image.ashx?id=2773631&use=l&cat=p&typeid=i","cat":284494},{"id":55243,"n":"Crêpe fourrée Fraise Paysan Breton - 6x180g","p":2.22,"u":"12,33 €/KG","img":"https://fd2-photos.leclercdrive.fr/image.ashx?id=2607086&use=l&cat=p&typeid=i","cat":284494},{"id":55254,"n":"Gâche ronde La Fournée Dorée Levain et crème fraîche - 500g","p":2.4,"u":"4,80 €/KG","img":"https://fd2-photos.leclercdrive.fr/image.ashx?id=2424560&use=l&cat=p&typeid=i","cat":284478},{"id":55259,"n":"Rôti de porc supérieur L'Atelier Charcuterie x2 - 90g","p":2.09,"u":"23,22 €/KG","img":"https://fd2-photos.leclercdrive.fr/image.ashx?id=2943590&use=l&cat=p&typeid=i","cat":316009},{"id":55260,"n":"Rôti de porc supérieur L'Atelier Charcuterie x4 -180g","p":3.68,"u":"20,44 €/KG","img":"https://fd2-photos.leclercdrive.fr/image.ashx?id=2998856&use=l&cat=p&typeid=i","cat":316009},{"id":55261,"n":"Pâté de campagne Breton L'Atelier Charcuterie - 170g","p":2.39,"u":"14,06 €/KG","img":"https://fd2-photos.leclercdrive.fr/image.ashx?id=2970426&use=l&cat=p&typeid=i","cat":316008},{"id":55262,"n":"Pâté Campagne Supérieur L'Atelier Charcuterie - 170g","p":2.08,"u":"12,24 €/KG","img":"https://fd2-photos.leclercdrive.fr/image.ashx?id=2905862&use=l&cat=p&typeid=i","cat":316008},{"id":55263,"n":"Terrine de lapin  L'Atelier Charcuterie - 170g","p":3.99,"u":"23,47 €/KG","img":"https://fd2-photos.leclercdrive.fr/image.ashx?id=2437184&use=l&cat=p&typeid=i","cat":316008},{"id":55264,"n":"Mousse de foie Supérieure L'Atelier Charcuterie - 170g","p":2.19,"u":"12,88 €/KG","img":"https://fd2-photos.leclercdrive.fr/image.ashx?id=2882289&use=l&cat=p&typeid=i","cat":316008},{"id":55265,"n":"Mousse de canard Supérieure L'Atelier Charcuterie - 170g","p":2.71,"u":"15,94 €/KG","img":"https://fd2-photos.leclercdrive.fr/image.ashx?id=2882529&use=l&cat=p&typeid=i","cat":316008},{"id":55267,"n":"Tête roulée L'Atelier Charcuterie x4 - 170g","p":3.38,"u":"19,88 €/KG","img":"https://fd2-photos.leclercdrive.fr/image.ashx?id=2955264&use=l&cat=p&typeid=i","cat":316008},{"id":55269,"n":"Boudin noir oignons rissolés L'Atelier Charcuterie x3 - 375g","p":4.04,"u":"10,77 €/KG","img":"https://fd2-photos.leclercdrive.fr/image.ashx?id=2765825&use=l&cat=p&typeid=i","cat":316012},{"id":55275,"n":"Bougie Bien Air Soirée d'hiver 30heures - x1","p":2.34,"img":"https://fd2-photos.leclercdrive.fr/image.ashx?id=2399755&use=l&cat=p&typeid=i","cat":284666},{"id":55276,"n":"Brosse adhésive  Mamison Textile 36 feuilles","p":2.29,"img":"https://fd2-photos.leclercdrive.fr/image.ashx?id=1063565&use=l&cat=p&typeid=i","cat":284669},{"id":55279,"n":"Café grains Bio Ethiquable  100% arabica Honduras - 1kg","p":19.99,"u":"19,99 €/KG","img":"https://fd2-photos.leclercdrive.fr/image.ashx?id=2876857&use=l&cat=p&typeid=i","cat":293237},{"id":55319,"n":"Steak haché 5%mg Charal Façon bouchère Bio x2 - 240g","p":6.53,"u":"27,21 €/KG","img":"https://fd2-photos.leclercdrive.fr/image.ashx?id=1919783&use=l&cat=p&typeid=i","cat":284332},{"id":55343,"n":"Biscuits à thé Delacre Tea Time Assortiment Boîte Métal - 1kg","p":13.21,"u":"13,21 €/KG","img":"https://fd2-photos.leclercdrive.fr/image.ashx?id=2867969&use=l&cat=p&typeid=i","cat":284490},{"id":55356,"n":"AOP Beaumes de Venise rouge 75cl","p":7.31,"u":"9,75 €/L","img":"https://fd2-photos.leclercdrive.fr/image.ashx?id=1758325&use=l&cat=p&typeid=i","cat":289556},{"id":55364,"n":"Vin mousseux Kriter Demi-sec - 3x20cl","p":5.25,"u":"8,75 €/L","img":"https://fd2-photos.leclercdrive.fr/image.ashx?id=2538506&use=l&cat=p&typeid=i","cat":284544},{"id":55377,"n":"Bougie Bien Air Fruits rouges 30heures - x1","p":2.19,"img":"https://fd2-photos.leclercdrive.fr/image.ashx?id=2939073&use=l&cat=p&typeid=i","cat":284666},{"id":55381,"n":"Cacahuètes Tokapi  Grillées à sec - 120g","p":0.47,"u":"3,92 €/KG","img":"https://fd2-photos.leclercdrive.fr/image.ashx?id=2799778&use=l&cat=p&typeid=i","cat":284448},{"id":55415,"n":"Bougie Bien Air Anti-tabac 30h - x1","p":1.83,"img":"https://fd2-photos.leclercdrive.fr/image.ashx?id=2999613&use=l&cat=p&typeid=i","cat":284666},{"id":55416,"n":"Recharge adhésive Mamison  36 feuilles-  x2","p":2.22,"img":"https://fd2-photos.leclercdrive.fr/image.ashx?id=1066450&use=l&cat=p&typeid=i","cat":284669},{"id":55429,"n":"Crème Chantilly UHT Président Aérosol sucré aromatisé - 250g","p":3.06,"u":"12,24 €/KG","img":"https://fd2-photos.leclercdrive.fr/image.ashx?id=2860169&use=l&cat=p&typeid=i","cat":284382},{"id":55439,"n":"Salade Niçoise Côté Snack Au thon - 250g","p":1.8,"u":"7,20 €/KG","img":"https://fd2-photos.leclercdrive.fr/image.ashx?id=2868316&use=l&cat=p&typeid=i","cat":284437},{"id":55450,"n":"Mini paniers feuilletés x16 pièces - 200g","p":6.9,"u":"34,50 €/KG","img":"https://fd2-photos.leclercdrive.fr/image.ashx?id=2634205&use=l&cat=p&typeid=i","cat":327280},{"id":55529,"n":"Vin d'Espagne rouge François D'Aubigné - 150 cl","p":1.99,"u":"1,33 €/L","img":"https://fd2-photos.leclercdrive.fr/image.ashx?id=3007019&use=l&cat=p&typeid=i","cat":289556},{"id":55573,"n":"Soda Coca-Cola Original Bouteille - 1L","p":1.54,"u":"1,54 €/L","img":"https://fd2-photos.leclercdrive.fr/image.ashx?id=2194409&use=l&cat=p&typeid=i","cat":284530},{"id":55598,"n":"Assortiment asiatique Agis 340g","p":6.1,"u":"17,94 €/KG","img":"https://fd2-photos.leclercdrive.fr/image.ashx?id=2788655&use=l&cat=p&typeid=i","cat":333673},{"id":55611,"n":"Mini pains préfous x3 pièces - 375g","p":10.01,"u":"26,69 €/KG","img":"https://fd2-photos.leclercdrive.fr/image.ashx?id=2634202&use=l&cat=p&typeid=i","cat":327280},{"id":55619,"n":"Lait Bio entier Lactel UHT Bouteille - 6x50cl","p":8.34,"u":"2,78 €/L","img":"https://fd2-photos.leclercdrive.fr/image.ashx?id=2892760&use=l&cat=p&typeid=i","cat":285610},{"id":55700,"n":"Haricots Verts Cassegrain Extra Fins Ceuillis main 110g","p":1.34,"u":"12,18 €/KG","img":"https://fd2-photos.leclercdrive.fr/image.ashx?id=2913034&use=l&cat=p&typeid=i","cat":312606},{"id":55786,"n":"Crêpe fourrée Whaou Chocolat / Noisette x8 - 256g","p":2.02,"u":"7,89 €/KG","img":"https://fd2-photos.leclercdrive.fr/image.ashx?id=2962857&use=l&cat=p&typeid=i","cat":284494},{"id":55887,"n":"Bougie Bien Air Vanille Caramel 30h - x1","p":1.8,"img":"https://fd2-photos.leclercdrive.fr/image.ashx?id=2399761&use=l&cat=p&typeid=i","cat":284666},{"id":56162,"n":"Lait concentré sucré Nestlé 1kg","p":4.12,"u":"4,12 €/KG","img":"https://fd2-photos.leclercdrive.fr/image.ashx?id=2906067&use=l&cat=p&typeid=i","cat":299162},{"id":56163,"n":"Lait concentré sucré Nestlé x6 sticks - 30g","p":2.08,"u":"69,33 €/KG","img":"https://fd2-photos.leclercdrive.fr/image.ashx?id=2306528&use=l&cat=p&typeid=i","cat":299162},{"id":56213,"n":"Assiette Italienne 130g","p":5.9,"u":"45,38 €/KG","img":"https://fd2-photos.leclercdrive.fr/image.ashx?id=2025173&use=l&cat=p&typeid=i","cat":316007},{"id":56418,"n":"Vinaigre de cidre Bio Village Bio 75cl","p":2.09,"u":"2,79 €/L","img":"https://fd2-photos.leclercdrive.fr/image.ashx?id=1069902&use=l&cat=p&typeid=i","cat":298543},{"id":56435,"n":"Bouillon Kub Or Maggi  Déshydraté dégraissé - 128g","p":1.57,"u":"12,27 €/KG","img":"https://fd2-photos.leclercdrive.fr/image.ashx?id=2953977&use=l&cat=p&typeid=i","cat":288379},{"id":56440,"n":"Biscuit Citron Yuzu GERBLE  sans sucre 6 132g","p":1.68,"u":"12,73 €/KG","img":"https://fd2-photos.leclercdrive.fr/image.ashx?id=2664016&use=l&cat=p&typeid=i","cat":318653},{"id":56444,"n":"Biscuits chocolat amande GERBLE  - 4x4, 200g","p":1.87,"u":"9,35 €/KG","img":"https://fd2-photos.leclercdrive.fr/image.ashx?id=2967004&use=l&cat=p&typeid=i","cat":318651},{"id":56452,"n":"Cookie Cacao GERBLE  sans sucres - 130g","p":2.44,"u":"18,77 €/KG","img":"https://fd2-photos.leclercdrive.fr/image.ashx?id=2575057&use=l&cat=p&typeid=i","cat":318653},{"id":56456,"n":"Biscuit Coco GERBLE  sans sucre - 132g","p":1.68,"u":"12,73 €/KG","img":"https://fd2-photos.leclercdrive.fr/image.ashx?id=2662826&use=l&cat=p&typeid=i","cat":318653},{"id":56457,"n":"Biscuit Sésame Vanille GERBLE  sans sucres - 132g","p":2.09,"u":"15,83 €/KG","img":"https://fd2-photos.leclercdrive.fr/image.ashx?id=2664013&use=l&cat=p&typeid=i","cat":318653},{"id":56464,"n":"Biscuit fourré cacao GERBLE   sans sucre 6 185g","p":2.77,"u":"14,97 €/KG","img":"https://fd2-photos.leclercdrive.fr/image.ashx?id=2662832&use=l&cat=p&typeid=i","cat":318653},{"id":56468,"n":"Goûters 4S aux pommes Gerblé 360g","p":2.08,"u":"5,78 €/KG","img":"https://fd2-photos.leclercdrive.fr/image.ashx?id=2860907&use=l&cat=p&typeid=i","cat":318651},{"id":56517,"n":"Eau minérale naturelle Contrex 6x1.5L","p":2.53,"u":"0,28 €/L","img":"https://fd2-photos.leclercdrive.fr/image.ashx?id=2758773&use=l&cat=p&typeid=i","cat":284535},{"id":56547,"n":"Flocons d'avoine bio Bio Village - 500g","p":1.48,"u":"2,96 €/KG","img":"https://fd2-photos.leclercdrive.fr/image.ashx?id=2688243&use=l&cat=p&typeid=i","cat":309512},{"id":56558,"n":"Croquettes chat Tous mes amis Boeuf/poulet/légumes - 7.5kg","p":10.46,"u":"1,39 €/KG","img":"https://fd2-photos.leclercdrive.fr/image.ashx?id=2319118&use=l&cat=p&typeid=i","cat":284680},{"id":56571,"n":"Tomates entières pelées bio Bio Village - 240g","p":1.04,"u":"4,33 €/KG","img":"https://fd2-photos.leclercdrive.fr/image.ashx?id=2302982&use=l&cat=p&typeid=i","cat":312608},{"id":56574,"n":"Sel Fin de Table Rustica Boîte verseuse 500g","p":0.46,"u":"0,92 €/KG","img":"https://fd2-photos.leclercdrive.fr/image.ashx?id=2050681&use=l&cat=p&typeid=i","cat":284457},{"id":56609,"n":"Fromage à tartiner Madame Loïk Fouetté Nature - 320g","p":3.12,"u":"9,75 €/KG","img":"https://fd2-photos.leclercdrive.fr/image.ashx?id=2967798&use=l&cat=p&typeid=i","cat":314029},{"id":56610,"n":"Fromage à tartiner Madame Loïk Fouetté Nature - 180g","p":1.88,"u":"10,44 €/KG","img":"https://fd2-photos.leclercdrive.fr/image.ashx?id=2948015&use=l&cat=p&typeid=i","cat":314029},{"id":56683,"n":"Pur jus d'ananas Bio Village  Bio - 1L","p":3.81,"u":"3,81 €/L","img":"https://fd2-photos.leclercdrive.fr/image.ashx?id=2901539&use=l&cat=p&typeid=i","cat":284916},{"id":56741,"n":"Fromage raclette Entremont  Sans croûte - 350g","p":4.68,"u":"13,37 €/KG","img":"https://fd2-photos.leclercdrive.fr/image.ashx?id=2980902&use=l&cat=p&typeid=i","cat":314037},{"id":56744,"n":"Lait Matin Léger Bio de Lactel Sans lactose 1.2% mg - 6x50cl","p":8.7,"u":"2,90 €/L","img":"https://fd2-photos.leclercdrive.fr/image.ashx?id=2883540&use=l&cat=p&typeid=i","cat":317169},{"id":56767,"n":"Vinaigre balsamique Rustica De Modène - 25cl","p":1.27,"u":"5,08 €/L","img":"https://fd2-photos.leclercdrive.fr/image.ashx?id=2777812&use=l&cat=p&typeid=i","cat":298543},{"id":56770,"n":"Fleur de sel de Guérande IGP  NRT - 125g","p":2.49,"u":"19,92 €/KG","img":"https://fd2-photos.leclercdrive.fr/image.ashx?id=2644924&use=l&cat=p&typeid=i","cat":284457},{"id":56831,"n":"Nuggets de poulet Maître Coq Sachet - 1kg","p":5.79,"u":"5,79 €/KG","img":"https://fd2-photos.leclercdrive.fr/image.ashx?id=2936404&use=l&cat=p&typeid=i","cat":319780},{"id":56860,"n":"Flûtes Tokapi Chèvre/romarin -  - 100g","p":1.59,"u":"15,90 €/KG","img":"https://fd2-photos.leclercdrive.fr/image.ashx?id=2374055&use=l&cat=p&typeid=i","cat":297000},{"id":56861,"n":"Mini-flûtes Tokapi Tomate/olive/origan - 100g","p":1.59,"u":"15,90 €/KG","img":"https://fd2-photos.leclercdrive.fr/image.ashx?id=2374058&use=l&cat=p&typeid=i","cat":297000},{"id":56862,"n":"Couscous Comptoir du Grain  Fin - 1kg","p":2.17,"u":"2,17 €/KG","img":"https://fd2-photos.leclercdrive.fr/image.ashx?id=3012854&use=l&cat=p&typeid=i","cat":284429},{"id":56873,"n":"Hachis parmentier Côté Table 350g","p":2.53,"u":"7,23 €/KG","img":"https://fd2-photos.leclercdrive.fr/image.ashx?id=2393893&use=l&cat=p&typeid=i","cat":284953},{"id":56874,"n":"Lasagnes bolognaise Côté Table Barquette - 350g","p":2.39,"u":"6,83 €/KG","img":"https://fd2-photos.leclercdrive.fr/image.ashx?id=2476164&use=l&cat=p&typeid=i","cat":284953},{"id":56884,"n":"Merguez fortes Socopa  A la Marocaine - 6x55g","p":5.93,"u":"17,97 €/KG","img":"https://fd2-photos.leclercdrive.fr/image.ashx?id=2972859&use=l&cat=p&typeid=i","cat":284334},{"id":56885,"n":"Gel coiffant Vitanove Effet invisible - 300ml","p":1.89,"u":"6,30 €/L","img":"https://fd2-photos.leclercdrive.fr/image.ashx?id=2275418&use=l&cat=p&typeid=i","cat":284609},{"id":56886,"n":"Gel coiffant Vitanove Effet mouillé - 300ml","p":1.46,"u":"4,87 €/L","img":"https://fd2-photos.leclercdrive.fr/image.ashx?id=2273361&use=l&cat=p&typeid=i","cat":284609},{"id":56935,"n":"Pâte à tartiner Nutella 400g","p":3.18,"u":"7,95 €/KG","img":"https://fd2-photos.leclercdrive.fr/image.ashx?id=2935645&use=l&cat=p&typeid=i","cat":284481},{"id":56953,"n":"Cordons bleus Côté Croc Au poulet x2 - 200g","p":1.59,"u":"7,95 €/KG","img":"https://fd2-photos.leclercdrive.fr/image.ashx?id=2801046&use=l&cat=p&typeid=i","cat":333683},{"id":56967,"n":"Biscuits déli Matin P'tit Deli Pepites chocolat -  600g","p":3.31,"u":"5,52 €/KG","img":"https://fd2-photos.leclercdrive.fr/image.ashx?id=2999514&use=l&cat=p&typeid=i","cat":284491},{"id":56980,"n":"Laque Vitanove  Maximum - 400ml","p":2.6,"u":"6,50 €/L","img":"https://fd2-photos.leclercdrive.fr/image.ashx?id=2994812&use=l&cat=p&typeid=i","cat":284609},{"id":56983,"n":"Laque Vitanove Ultra protect - 400ml","p":2.65,"u":"6,63 €/L","img":"https://fd2-photos.leclercdrive.fr/image.ashx?id=2490046&use=l&cat=p&typeid=i","cat":284609},{"id":56991,"n":"Eau de javel Clair Citron - 3x250ml","p":1.3,"u":"1,73 €/L","img":"https://fd2-photos.leclercdrive.fr/image.ashx?id=2949203&use=l&cat=p&typeid=i","cat":284661},{"id":56996,"n":"Jus de fruit Jafaden  Pur jus multifruits - 2L","p":2.59,"u":"1,30 €/L","img":"https://fd2-photos.leclercdrive.fr/image.ashx?id=2920196&use=l&cat=p&typeid=i","cat":284917},{"id":57017,"n":"Friandises chat Catisfactions Poulet - 60g","p":1.09,"u":"18,17 €/KG","img":"https://fd2-photos.leclercdrive.fr/image.ashx?id=2914762&use=l&cat=p&typeid=i","cat":285285},{"id":57030,"n":"Fromage Morbier NRT AOP  250g","p":3.59,"u":"14,36 €/KG","img":"https://fd2-photos.leclercdrive.fr/image.ashx?id=2624034&use=l&cat=p&typeid=i","cat":329184},{"id":57040,"n":"Bière blanche 1664 Blanc 5° - 6x25cl","p":4.47,"u":"2,98 €/L","img":"https://fd2-photos.leclercdrive.fr/image.ashx?id=2886699&use=l&cat=p&typeid=i","cat":334878},{"id":57044,"n":"Bière blonde Kronenbourg 4,2° - 12x33cl canettes","p":7.47,"u":"1,89 €/L","img":"https://fd2-photos.leclercdrive.fr/image.ashx?id=2854366&use=l&cat=p&typeid=i","cat":334853},{"id":57045,"n":"Bière blonde Kronenbourg 4,2° - 6x33cl canettes","p":3.85,"u":"1,94 €/L","img":"https://fd2-photos.leclercdrive.fr/image.ashx?id=2212581&use=l&cat=p&typeid=i","cat":334853},{"id":57080,"n":"Fromage frais nature Bio Bio village - 4x100g","p":1.85,"u":"4,63 €/KG","img":"https://fd2-photos.leclercdrive.fr/image.ashx?id=2839947&use=l&cat=p&typeid=i","cat":284409},{"id":57100,"n":"Yaourts aux fruits Délisse Abricot - 4x125g","p":1.68,"u":"3,36 €/KG","img":"https://fd2-photos.leclercdrive.fr/image.ashx?id=2586025&use=l&cat=p&typeid=i","cat":284410},{"id":57113,"n":"Pomme de terre de consommation Celtiane - 2.5kg","p":3.5,"u":"1,40 €/KG","img":"https://fd2-photos.leclercdrive.fr/image.ashx?id=778561&use=l&cat=p&typeid=i","cat":284352},{"id":57119,"n":"Super décapant cuisine Briochin Ecocert - 1L","p":3.41,"u":"3,41 €/L","img":"https://fd2-photos.leclercdrive.fr/image.ashx?id=3011401&use=l&cat=p&typeid=i","cat":325357},{"id":57121,"n":"Nettoyant salle de bain 3en1 Briochin - Ecocert - 750mL","p":3.03,"u":"4,04 €/L","img":"https://fd2-photos.leclercdrive.fr/image.ashx?id=3011398&use=l&cat=p&typeid=i","cat":325357},{"id":57151,"n":"Mousse Délisse Chocolat au lait - 8x60g","p":2.25,"u":"4,69 €/KG","img":"https://fd2-photos.leclercdrive.fr/image.ashx?id=3009517&use=l&cat=p&typeid=i","cat":284417},{"id":57155,"n":"Yaourts à la Grecque Delisse Lit de miel - 4x150g","p":2.89,"u":"4,82 €/KG","img":"https://fd2-photos.leclercdrive.fr/image.ashx?id=2699702&use=l&cat=p&typeid=i","cat":314999},{"id":57162,"n":"Yaourt brassé fraise 4x125g","p":1.41,"u":"2,82 €/KG","img":"https://fd2-photos.leclercdrive.fr/image.ashx?id=2796532&use=l&cat=p&typeid=i","cat":284410},{"id":57163,"n":"Yaourts aux fruits quartiers 16x125g","p":4.39,"u":"2,20 €/KG","img":"https://fd2-photos.leclercdrive.fr/image.ashx?id=2482890&use=l&cat=p&typeid=i","cat":284410},{"id":57182,"n":"AOP Corse Terra Nostra rouge Niellucciu - 75cl","p":5.98,"u":"7,97 €/L","img":"https://fd2-photos.leclercdrive.fr/image.ashx?id=2422965&use=l&cat=p&typeid=i","cat":289556},{"id":57183,"n":"Fromage blanc  Lait brebis - 400g","p":2.09,"u":"5,23 €/KG","img":"https://fd2-photos.leclercdrive.fr/image.ashx?id=1735724&use=l&cat=p&typeid=i","cat":314998},{"id":57190,"n":"Yaourt brassé Bio Village Myrtille Bio - 4x115g","p":1.45,"u":"3,15 €/KG","img":"https://fd2-photos.leclercdrive.fr/image.ashx?id=2662175&use=l&cat=p&typeid=i","cat":284410},{"id":57252,"n":"Crème fraîche Bridélice 18%mg Semi-épaisse 3x20cl+20cl offert","p":2.34,"u":"2,93 €/L","img":"https://fd2-photos.leclercdrive.fr/image.ashx?id=2663950&use=l&cat=p&typeid=i","cat":284381},{"id":57274,"n":"Boisson aux fruits Oasis Goût Pomme Cassis Framboise 1L","p":1.78,"u":"1,78 €/L","img":"https://fd2-photos.leclercdrive.fr/image.ashx?id=3011083&use=l&cat=p&typeid=i","cat":295018},{"id":57275,"n":"Boisson aux fruits Oasis Tropical - 1L","p":1.59,"u":"1,59 €/L","img":"https://fd2-photos.leclercdrive.fr/image.ashx?id=2666638&use=l&cat=p&typeid=i","cat":295018},{"id":57284,"n":"AOC Prosecco Riccadonna Extra Dry - 11° - 75cl","p":6.25,"u":"8,33 €/L","img":"https://fd2-photos.leclercdrive.fr/image.ashx?id=2666303&use=l&cat=p&typeid=i","cat":289461},{"id":57307,"n":"Pur jus Jafaden Orange, raisin, clémentine, pamplemousse - 1L","p":2.29,"u":"2,29 €/L","img":"https://fd2-photos.leclercdrive.fr/image.ashx?id=2869799&use=l&cat=p&typeid=i","cat":284917},{"id":57314,"n":"Risotto Fleury Michon Poulet et cèpes - 280g","p":2.46,"u":"8,79 €/KG","img":"https://fd2-photos.leclercdrive.fr/image.ashx?id=3003281&use=l&cat=p&typeid=i","cat":333665},{"id":57350,"n":"Nectar Bio Pressade Ananas - 1.5L","p":3.49,"u":"2,33 €/L","img":"https://fd2-photos.leclercdrive.fr/image.ashx?id=2732506&use=l&cat=p&typeid=i","cat":284916},{"id":57354,"n":"Duo de Sel & Poivre La Baleine Sel 50G - Poivre 18G","p":2.16,"u":"31,76 €/KG","img":"https://fd2-photos.leclercdrive.fr/image.ashx?id=1752097&use=l&cat=p&typeid=i","cat":284457},{"id":57356,"n":"Bière Morgane Lancelot Bio Blonde - 3x33cl","p":4.01,"u":"4,05 €/L","img":"https://fd2-photos.leclercdrive.fr/image.ashx?id=2225018&use=l&cat=p&typeid=i","cat":334872},{"id":57391,"n":"Salade Garden Sodebo Caesar Poulet - 240g","p":4.45,"u":"18,54 €/KG","img":"https://fd2-photos.leclercdrive.fr/image.ashx?id=2939496&use=l&cat=p&typeid=i","cat":333657},{"id":57410,"n":"Croissants Croustipâte x4 - 240g","p":1.23,"u":"5,13 €/KG","img":"https://fd2-photos.leclercdrive.fr/image.ashx?id=2886100&use=l&cat=p&typeid=i","cat":333681},{"id":57435,"n":"Fromage blanc Bio Vrai Lait de brebis - 400g","p":2.31,"u":"5,78 €/KG","img":"https://fd2-photos.leclercdrive.fr/image.ashx?id=2517495&use=l&cat=p&typeid=i","cat":314998},{"id":57653,"n":"Bière dorée Dremmwel bio Blonde - 6x25cl","p":5.58,"u":"3,72 €/L","img":"https://fd2-photos.leclercdrive.fr/image.ashx?id=2870767&use=l&cat=p&typeid=i","cat":334873},{"id":57657,"n":"Bière blonde Dremmwel bio 12x25cl","p":9.8,"u":"3,27 €/L","img":"https://fd2-photos.leclercdrive.fr/image.ashx?id=2678077&use=l&cat=p&typeid=i","cat":334873},{"id":57688,"n":"Bols soir bébé bio Babybio Purée, courgette -8 mois-2x200g","p":2.59,"u":"6,48 €/KG","img":"https://fd2-photos.leclercdrive.fr/image.ashx?id=2859365&use=l&cat=p&typeid=i","cat":312239},{"id":57691,"n":"Gourde bébé Babybio Bio 6 mois Pomme/poire/pêche - 4x90g","p":2.89,"u":"8,03 €/KG","img":"https://fd2-photos.leclercdrive.fr/image.ashx?id=2733319&use=l&cat=p&typeid=i","cat":312393},{"id":57693,"n":"Crème dessert bébé bio Babybio  Semoule cacao -8 mois- 4x85g","p":3.59,"u":"10,56 €/KG","img":"https://fd2-photos.leclercdrive.fr/image.ashx?id=2834527&use=l&cat=p&typeid=i","cat":312393},{"id":57694,"n":"Crème dessert bébé bio Babybio  Semoule vanille -6 mois- 4x85g","p":3.39,"u":"9,97 €/KG","img":"https://fd2-photos.leclercdrive.fr/image.ashx?id=2834530&use=l&cat=p&typeid=i","cat":312393},{"id":57703,"n":"Bols bébé soir bio Babybio Légumes pâtes - 8 mois - 2x200g","p":2.79,"u":"6,98 €/KG","img":"https://fd2-photos.leclercdrive.fr/image.ashx?id=2838311&use=l&cat=p&typeid=i","cat":312239},{"id":57705,"n":"Compote bébé Babybio Bio 4 mois Mirabelle Pomme - 2x130g","p":1.9,"u":"7,31 €/KG","img":"https://fd2-photos.leclercdrive.fr/image.ashx?id=2834518&use=l&cat=p&typeid=i","cat":312387},{"id":57706,"n":"Salades Bonduelle Tortis, concombres, saumon 300g","p":2.6,"u":"8,67 €/KG","img":"https://fd2-photos.leclercdrive.fr/image.ashx?id=2905303&use=l&cat=p&typeid=i","cat":333657},{"id":57713,"n":"Vin Union européenne blanc Lichette Alouettes - 5L","p":13.49,"u":"2,70 €/L","img":"https://fd2-photos.leclercdrive.fr/image.ashx?id=2859194&use=l&cat=p&typeid=i","cat":289557},{"id":57740,"n":"Lait - Nidal Nestlé 1er âge - 2 sachets de 350g","p":11.21,"u":"16,01 €/KG","img":"https://fd2-photos.leclercdrive.fr/image.ashx?id=2465703&use=l&cat=p&typeid=i","cat":284726},{"id":57760,"n":"Assiette bébé soir bio Babybio Aubergine pâtes -15 mois- 260g","p":1.98,"u":"7,62 €/KG","img":"https://fd2-photos.leclercdrive.fr/image.ashx?id=2855912&use=l&cat=p&typeid=i","cat":312239},{"id":57767,"n":"Tablette de chocolat noir Lindt Framboise intense - 100g","p":2.29,"u":"22,90 €/KG","img":"https://fd2-photos.leclercdrive.fr/image.ashx?id=2689484&use=l&cat=p&typeid=i","cat":318654},{"id":57768,"n":"Tablette de chocolat noir Lindt Sésame grillé - 100g","p":2.24,"u":"22,40 €/KG","img":"https://fd2-photos.leclercdrive.fr/image.ashx?id=2689490&use=l&cat=p&typeid=i","cat":284956},{"id":57775,"n":"Chocolat au lait Eco+ Noisette - 4x100g","p":3.5,"u":"8,75 €/KG","img":"https://fd2-photos.leclercdrive.fr/image.ashx?id=2625053&use=l&cat=p&typeid=i","cat":284497},{"id":57779,"n":"Capsules café Plantation Espresso n°5 - x16 - 92g","p":2.69,"u":"29,24 €/KG","img":"https://fd2-photos.leclercdrive.fr/image.ashx?id=2649729&use=l&cat=p&typeid=i","cat":293239},{"id":57782,"n":"Capsules café Plantation Cappuccino - 2x8 - 166g","p":3.45,"u":"20,78 €/KG","img":"https://fd2-photos.leclercdrive.fr/image.ashx?id=2607584&use=l&cat=p&typeid=i","cat":293239},{"id":57783,"n":"Capsules café Plantation Espresso forte n°7 - x16 - 105g","p":2.99,"u":"28,48 €/KG","img":"https://fd2-photos.leclercdrive.fr/image.ashx?id=2649732&use=l&cat=p&typeid=i","cat":293239},{"id":57785,"n":"Capsules café Plantation Lungo n°6 - x16 - 99.2g","p":2.69,"u":"27,17 €/KG","img":"https://fd2-photos.leclercdrive.fr/image.ashx?id=2649735&use=l&cat=p&typeid=i","cat":293239},{"id":57786,"n":"Capsules café Plantation Gigante n°5 - x16 - 112g","p":2.99,"u":"26,70 €/KG","img":"https://fd2-photos.leclercdrive.fr/image.ashx?id=2649738&use=l&cat=p&typeid=i","cat":293239},{"id":57787,"n":"Céréales Jordans Country Crisp 4 Noix - 850g","p":4.27,"u":"5,02 €/KG","img":"https://fd2-photos.leclercdrive.fr/image.ashx?id=2860520&use=l&cat=p&typeid=i","cat":309512},{"id":57796,"n":"Bonbons KINDER Schoko-Bons Chocolat au lait - 300G","p":5.6,"u":"18,67 €/KG","img":"https://fd2-photos.leclercdrive.fr/image.ashx?id=2439692&use=l&cat=p&typeid=i","cat":304238},{"id":57804,"n":"Tomato Ketchup Heinz - 570g","p":2.25,"u":"3,95 €/KG","img":"https://fd2-photos.leclercdrive.fr/image.ashx?id=2924944&use=l&cat=p&typeid=i","cat":284455},{"id":57812,"n":"Petits pots bébé P'TITE RECETTE Couscous 8M+ - 2x200g","p":1.86,"u":"4,65 €/KG","img":"https://fd2-photos.leclercdrive.fr/image.ashx?id=2525696&use=l&cat=p&typeid=i","cat":312236},{"id":57814,"n":"Petits pots bébé P'TITE RECETTE Hachis Parmentier 8M+ - 2x200g","p":1.77,"u":"4,43 €/KG","img":"https://fd2-photos.leclercdrive.fr/image.ashx?id=2629689&use=l&cat=p&typeid=i","cat":312236},{"id":57815,"n":"Petits pots bébé P'TITE RECETTE Spaghetti bolognaise 8m -2x200g","p":1.75,"u":"4,38 €/KG","img":"https://fd2-photos.leclercdrive.fr/image.ashx?id=2629683&use=l&cat=p&typeid=i","cat":312236},{"id":57816,"n":"Petits pots bébé P'TITE RECETTE Pot au feu 8M+ - 2x200g","p":2.18,"u":"5,45 €/KG","img":"https://fd2-photos.leclercdrive.fr/image.ashx?id=2518415&use=l&cat=p&typeid=i","cat":312236},{"id":57821,"n":"Petits pots bébé PTIT SOUPER pâtes courgettes 6M+ - 2x200g","p":1.86,"u":"4,65 €/KG","img":"https://fd2-photos.leclercdrive.fr/image.ashx?id=2526523&use=l&cat=p&typeid=i","cat":312239},{"id":57823,"n":"Petits pots bébé P'TIT SOUPER Carottes semoule 6M+ - 2x200g","p":1.79,"u":"4,48 €/KG","img":"https://fd2-photos.leclercdrive.fr/image.ashx?id=2527109&use=l&cat=p&typeid=i","cat":312239},{"id":57824,"n":"Petits pots bébé P'TIT SOUPER Risotto carottes 12M+ - 2x200g","p":2.08,"u":"5,20 €/KG","img":"https://fd2-photos.leclercdrive.fr/image.ashx?id=2526526&use=l&cat=p&typeid=i","cat":312239},{"id":57849,"n":"Culottes Always Discreet Taille L Plus - x8","p":8.16,"u":"1,02 €/P","img":"https://fd2-photos.leclercdrive.fr/image.ashx?id=2540292&use=l&cat=p&typeid=i","cat":284628},{"id":57883,"n":"Petits pots bébé P'TITE RECETTE  riz dinde 12M+ - 2x200g","p":1.75,"u":"4,38 €/KG","img":"https://fd2-photos.leclercdrive.fr/image.ashx?id=2629686&use=l&cat=p&typeid=i","cat":312237},{"id":57956,"n":"Serviettes fuites urinaires  TENA Discreet - Mini - x20","p":3.59,"u":"0,18 €/P","img":"https://fd2-photos.leclercdrive.fr/image.ashx?id=2597241&use=l&cat=p&typeid=i","cat":284628},{"id":57958,"n":"Eau de toilette Alix De Faure Nature de feu - 100ml","p":4.55,"u":"45,50 €/L","img":"https://fd2-photos.leclercdrive.fr/image.ashx?id=2251543&use=l&cat=p&typeid=i","cat":287740},{"id":57960,"n":"Eau de toilette Alix de Faure Seville - 100ml","p":4.99,"u":"49,90 €/L","img":"https://fd2-photos.leclercdrive.fr/image.ashx?id=2251534&use=l&cat=p&typeid=i","cat":291525},{"id":57962,"n":"Eau de toilette Alix de Faure Sao Paulo - 100ml","p":4.99,"u":"49,90 €/L","img":"https://fd2-photos.leclercdrive.fr/image.ashx?id=2251537&use=l&cat=p&typeid=i","cat":291525},{"id":57963,"n":"Eau de toilette Alix de Faure Budapest - 100ml","p":4.4,"u":"44,00 €/L","img":"https://fd2-photos.leclercdrive.fr/image.ashx?id=2251531&use=l&cat=p&typeid=i","cat":291525},{"id":57986,"n":"Gel à raser Protect Williams  Anti irritations - 200ml","p":2.54,"u":"12,70 €/L","img":"https://fd2-photos.leclercdrive.fr/image.ashx?id=2792366&use=l&cat=p&typeid=i","cat":284617},{"id":58118,"n":"Palets pur beurre Le Glazik 200g","p":1.82,"u":"9,10 €/KG","img":"https://fd2-photos.leclercdrive.fr/image.ashx?id=2509379&use=l&cat=p&typeid=i","cat":284487},{"id":58119,"n":"Madeleines longue pépites sucre Le Ster x20 - 250g","p":1.59,"u":"6,36 €/KG","img":"https://fd2-photos.leclercdrive.fr/image.ashx?id=2962566&use=l&cat=p&typeid=i","cat":284492},{"id":58122,"n":"Colin d'Alaska Findus Façon meuniere - x2 - 250g","p":2.74,"u":"10,96 €/KG","img":"https://fd2-photos.leclercdrive.fr/image.ashx?id=2654914&use=l&cat=p&typeid=i","cat":319788},{"id":58141,"n":"Lentilles corail Bio Village Bio - 450g","p":1.97,"u":"4,38 €/KG","img":"https://fd2-photos.leclercdrive.fr/image.ashx?id=3002665&use=l&cat=p&typeid=i","cat":284430},{"id":58142,"n":"Confiture extra bio Bio Village Cassis - 370g","p":2.59,"u":"7,00 €/KG","img":"https://fd2-photos.leclercdrive.fr/image.ashx?id=2459587&use=l&cat=p&typeid=i","cat":284480},{"id":58201,"n":"Désodorisant Bien Air  Senteur muguet - 300ml","p":1.09,"u":"3,63 €/L","img":"https://fd2-photos.leclercdrive.fr/image.ashx?id=2607942&use=l&cat=p&typeid=i","cat":311626},{"id":58202,"n":"Désodorisant Bien Air Floral - 300ml","p":1.09,"u":"3,63 €/L","img":"https://fd2-photos.leclercdrive.fr/image.ashx?id=2614573&use=l&cat=p&typeid=i","cat":311626},{"id":58203,"n":"Désodorisant Bien Air  Fruits rouges - 300ml","p":1.35,"u":"4,50 €/L","img":"https://fd2-photos.leclercdrive.fr/image.ashx?id=2613723&use=l&cat=p&typeid=i","cat":311626},{"id":58205,"n":"Désodorisant Bien Air Vanille - 300ml","p":1.09,"u":"3,63 €/L","img":"https://fd2-photos.leclercdrive.fr/image.ashx?id=2613726&use=l&cat=p&typeid=i","cat":311626},{"id":58214,"n":"Carré gourmand Garden Gourmet Tomates et mozzarella 160g","p":2.07,"u":"12,94 €/KG","img":"https://fd2-photos.leclercdrive.fr/image.ashx?id=3009107&use=l&cat=p&typeid=i","cat":316036},{"id":58218,"n":"Croissants Côté Table Jambon emmental - 2x170g","p":2.92,"u":"8,59 €/KG","img":"https://fd2-photos.leclercdrive.fr/image.ashx?id=2885128&use=l&cat=p&typeid=i","cat":333671},{"id":58221,"n":"Feuilles de filo Tablier Blanc 250g","p":1.91,"u":"7,64 €/KG","img":"https://fd2-photos.leclercdrive.fr/image.ashx?id=1938591&use=l&cat=p&typeid=i","cat":333681},{"id":58222,"n":"Nuggets Côté Croc Fromage - 180g","p":1.84,"u":"10,22 €/KG","img":"https://fd2-photos.leclercdrive.fr/image.ashx?id=2462260&use=l&cat=p&typeid=i","cat":333684},{"id":58232,"n":"Pâte feuilletée Tablier Blanc Rectangulaire - 230g","p":1.14,"u":"4,96 €/KG","img":"https://fd2-photos.leclercdrive.fr/image.ashx?id=2635931&use=l&cat=p&typeid=i","cat":333681},{"id":58283,"n":"Cake au jambon et olives  Guyader - 260g","p":3.08,"u":"11,85 €/KG","img":"https://fd2-photos.leclercdrive.fr/image.ashx?id=2491502&use=l&cat=p&typeid=i","cat":316003},{"id":58428,"n":"Sachet fraicheur chat Sheba Boeuf poulet en sauce - 6x50g","p":2.49,"u":"8,30 €/KG","img":"https://fd2-photos.leclercdrive.fr/image.ashx?id=2895927&use=l&cat=p&typeid=i","cat":285286},{"id":58444,"n":"Cacahuètes Benenuts-Twinuts Nature format familial - 260g","p":1.99,"u":"7,65 €/KG","img":"https://fd2-photos.leclercdrive.fr/image.ashx?id=2967744&use=l&cat=p&typeid=i","cat":284448},{"id":58449,"n":"Tomates pelées entières D'aucy 238g","p":1.01,"u":"4,24 €/KG","img":"https://fd2-photos.leclercdrive.fr/image.ashx?id=2503425&use=l&cat=p&typeid=i","cat":312608},{"id":58450,"n":"Tomates pelées entières D'aucy 476g","p":1.62,"u":"3,40 €/KG","img":"https://fd2-photos.leclercdrive.fr/image.ashx?id=2751996&use=l&cat=p&typeid=i","cat":312608},{"id":58457,"n":"Sachet repas chats Gourmet 12x85g","p":6.35,"u":"6,23 €/KG","img":"https://fd2-photos.leclercdrive.fr/image.ashx?id=2901124&use=l&cat=p&typeid=i","cat":285286},{"id":58459,"n":"Croquettes chat Purina One Adulte - Boeuf/Céréales - 1.5Kg","p":6.59,"u":"4,39 €/KG","img":"https://fd2-photos.leclercdrive.fr/image.ashx?id=2433548&use=l&cat=p&typeid=i","cat":284680},{"id":58463,"n":"Gâche tranchée La Fournée Dorée 500g","p":2.17,"u":"4,34 €/KG","img":"https://fd2-photos.leclercdrive.fr/image.ashx?id=2277956&use=l&cat=p&typeid=i","cat":284478},{"id":58464,"n":"Cake au chorizo et poivron  rouge Guyader - 260g","p":4.67,"u":"17,96 €/KG","img":"https://fd2-photos.leclercdrive.fr/image.ashx?id=2491499&use=l&cat=p&typeid=i","cat":316003},{"id":58487,"n":"Croquettes chat Purina One Poulet - 11 ans et + - 1,5Kg","p":7.53,"u":"5,02 €/KG","img":"https://fd2-photos.leclercdrive.fr/image.ashx?id=2433575&use=l&cat=p&typeid=i","cat":284680},{"id":58490,"n":"Sauce Béchamel Maggi 350ml","p":1.57,"u":"4,49 €/L","img":"https://fd2-photos.leclercdrive.fr/image.ashx?id=2977726&use=l&cat=p&typeid=i","cat":288381},{"id":58491,"n":"Briochettes Navettes La Fournée dorée x8 - 400g","p":2.44,"u":"6,10 €/KG","img":"https://fd2-photos.leclercdrive.fr/image.ashx?id=2842777&use=l&cat=p&typeid=i","cat":284478},{"id":58496,"n":"Bière blonde Heineken 6x33cl","p":7.15,"u":"3,61 €/L","img":"https://fd2-photos.leclercdrive.fr/image.ashx?id=3008107&use=l&cat=p&typeid=i","cat":334873},{"id":58511,"n":"Salami Danois fumé Eco+ 20 tranches - 200g","p":1.1,"u":"5,50 €/KG","img":"https://fd2-photos.leclercdrive.fr/image.ashx?id=2573713&use=l&cat=p&typeid=i","cat":316007},{"id":58514,"n":"Croissant au Jambon Eco+ 2x140g","p":1.67,"u":"5,96 €/KG","img":"https://fd2-photos.leclercdrive.fr/image.ashx?id=2783815&use=l&cat=p&typeid=i","cat":333671},{"id":58525,"n":"Salade choux rouge  Menu fraîcheur - 300g","p":1.81,"u":"6,03 €/KG","img":"https://fd2-photos.leclercdrive.fr/image.ashx?id=2901458&use=l&cat=p&typeid=i","cat":333657},{"id":58526,"n":"Salade cervelas Menu fraîcheur 300g","p":2.57,"u":"8,57 €/KG","img":"https://fd2-photos.leclercdrive.fr/image.ashx?id=2645957&use=l&cat=p&typeid=i","cat":333657},{"id":58529,"n":"Pâte à tartiner L.Georgelin Cacao noisettes - 400g","p":3.64,"u":"9,10 €/KG","img":"https://fd2-photos.leclercdrive.fr/image.ashx?id=1557088&use=l&cat=p&typeid=i","cat":284481},{"id":58530,"n":"Pâte à tartiner L. Georgelin Bio Noisettes cacao  400g","p":5.17,"u":"12,93 €/KG","img":"https://fd2-photos.leclercdrive.fr/image.ashx?id=1580439&use=l&cat=p&typeid=i","cat":284481},{"id":58548,"n":"Sachets repas chats Purina One Sauce boeuf poulet x4 - 340g","p":2.01,"u":"5,91 €/KG","img":"https://fd2-photos.leclercdrive.fr/image.ashx?id=2468239&use=l&cat=p&typeid=i","cat":285286},{"id":58578,"n":"Dessert bébé lacté Blédina 6m Fraise - 6x55g","p":2.02,"u":"6,12 €/KG","img":"https://fd2-photos.leclercdrive.fr/image.ashx?id=2952451&use=l&cat=p&typeid=i","cat":312392},{"id":58602,"n":"Haricots verts Rochefontaine Extra fins, bio - 180g","p":2.73,"u":"15,17 €/KG","img":"https://fd2-photos.leclercdrive.fr/image.ashx?id=2343588&use=l&cat=p&typeid=i","cat":312606},{"id":58618,"n":"Tarte Côté Table Saumon Poireau - 400g","p":3.09,"u":"7,73 €/KG","img":"https://fd2-photos.leclercdrive.fr/image.ashx?id=2791821&use=l&cat=p&typeid=i","cat":284257},{"id":58621,"n":"Asperges blanches Géant Vert mini - 110g","p":2.09,"u":"19,00 €/KG","img":"https://fd2-photos.leclercdrive.fr/image.ashx?id=2840554&use=l&cat=p&typeid=i","cat":312611},{"id":58625,"n":"Cœurs de palmiers Géant Vert - 220g","p":3.55,"u":"16,14 €/KG","img":"https://fd2-photos.leclercdrive.fr/image.ashx?id=2840560&use=l&cat=p&typeid=i","cat":312611},{"id":58626,"n":"Coeurs d'artichauts Géant Vert - 240g","p":2.78,"u":"11,58 €/KG","img":"https://fd2-photos.leclercdrive.fr/image.ashx?id=2840566&use=l&cat=p&typeid=i","cat":312611},{"id":58628,"n":"Galettes riz bio bjorg  Complet  - 130g","p":1.41,"u":"10,85 €/KG","img":"https://fd2-photos.leclercdrive.fr/image.ashx?id=2978002&use=l&cat=p&typeid=i","cat":318651},{"id":58634,"n":"Soupe 12 légumes Knorr Fromage frais  - 1L","p":2.65,"u":"2,65 €/L","img":"https://fd2-photos.leclercdrive.fr/image.ashx?id=2656249&use=l&cat=p&typeid=i","cat":284462},{"id":58635,"n":"Soupe Douceur automne Knorr Crème fraîche - 1L","p":2.27,"u":"2,27 €/L","img":"https://fd2-photos.leclercdrive.fr/image.ashx?id=2212824&use=l&cat=p&typeid=i","cat":284462},{"id":58636,"n":"Soupe Douceur potiron Knorr Chataigne - 1L","p":2.49,"u":"2,49 €/L","img":"https://fd2-photos.leclercdrive.fr/image.ashx?id=2420033&use=l&cat=p&typeid=i","cat":284462},{"id":58650,"n":"Pizza Merveillosa Turini 4 fromages - 340g","p":2.11,"u":"6,21 €/KG","img":"https://fd2-photos.leclercdrive.fr/image.ashx?id=2815244&use=l&cat=p&typeid=i","cat":284256},{"id":58651,"n":"Pizza bords fourrés au fromage  Turini 3 fromages - 450g","p":4.15,"u":"9,22 €/KG","img":"https://fd2-photos.leclercdrive.fr/image.ashx?id=2816582&use=l&cat=p&typeid=i","cat":284256},{"id":58652,"n":"Pizza à partager Turini 3 fromages - 500g","p":2.79,"u":"5,58 €/KG","img":"https://fd2-photos.leclercdrive.fr/image.ashx?id=2816588&use=l&cat=p&typeid=i","cat":284256},{"id":58655,"n":"Poêlée fermière Notre Jardin 750g","p":2.89,"u":"3,85 €/KG","img":"https://fd2-photos.leclercdrive.fr/image.ashx?id=2878597&use=l&cat=p&typeid=i","cat":319823},{"id":58686,"n":"Mini moelleux au chocolat Autour du Dessert - 8x24g","p":4.79,"u":"24,95 €/KG","img":"https://fd2-photos.leclercdrive.fr/image.ashx?id=2070045&use=l&cat=p&typeid=i","cat":284267},{"id":58689,"n":"Magret de canard Sud Ouest NRT Piment Espelette - 90g","p":3.99,"u":"44,33 €/KG","img":"https://fd2-photos.leclercdrive.fr/image.ashx?id=2974858&use=l&cat=p&typeid=i","cat":284339},{"id":58695,"n":"Farce à légumes Férial 400g","p":3.7,"u":"9,25 €/KG","img":"https://fd2-photos.leclercdrive.fr/image.ashx?id=2922703&use=l&cat=p&typeid=i","cat":284332},{"id":58704,"n":"Haché à cuisiner Charal Pur Bœuf 15%MG - 400g","p":6.52,"u":"16,30 €/KG","img":"https://fd2-photos.leclercdrive.fr/image.ashx?id=2741934&use=l&cat=p&typeid=i","cat":319779},{"id":58716,"n":"Duo de Courgettes Notre Jardin Tomates - 900g","p":2.45,"u":"2,72 €/KG","img":"https://fd2-photos.leclercdrive.fr/image.ashx?id=2404290&use=l&cat=p&typeid=i","cat":319823},{"id":58740,"n":"Haché à cuisiner Charal Happy Family - 600g","p":7.3,"u":"12,17 €/KG","img":"https://fd2-photos.leclercdrive.fr/image.ashx?id=2977330&use=l&cat=p&typeid=i","cat":319779},{"id":58939,"n":"Yaourt à boire Actimel fraise - 12x100g","p":3.82,"u":"3,18 €/KG","img":"https://fd2-photos.leclercdrive.fr/image.ashx?id=2996458&use=l&cat=p&typeid=i","cat":284415},{"id":58944,"n":"Yaourts à boire Actimel Nature - 12x100g","p":3.81,"u":"3,18 €/KG","img":"https://fd2-photos.leclercdrive.fr/image.ashx?id=2996461&use=l&cat=p&typeid=i","cat":284415},{"id":58946,"n":"Yaourts à boire Actimel Multifruits - 8x100g","p":3.09,"u":"3,86 €/KG","img":"https://fd2-photos.leclercdrive.fr/image.ashx?id=2996464&use=l&cat=p&typeid=i","cat":284415},{"id":58987,"n":"Salade César Mix Buffet 250g","p":3.36,"u":"13,44 €/KG","img":"https://fd2-photos.leclercdrive.fr/image.ashx?id=2735569&use=l&cat=p&typeid=i","cat":333657},{"id":59027,"n":"Dessert fruitier bio Jardin Bio Pomme nature - 680g","p":3.13,"u":"4,60 €/KG","img":"https://fd2-photos.leclercdrive.fr/image.ashx?id=2999297&use=l&cat=p&typeid=i","cat":284508},{"id":59041,"n":"Céréales Extra Kellogg's Chocolat au lait - 800g","p":4.84,"u":"6,05 €/KG","img":"https://fd2-photos.leclercdrive.fr/image.ashx?id=2694941&use=l&cat=p&typeid=i","cat":309512},{"id":59235,"n":"Café dosettes Tassimo L'Or Café Long Classique x24","p":6.68,"u":"42,82 €/KG","img":"https://fd2-photos.leclercdrive.fr/image.ashx?id=2100356&use=l&cat=p&typeid=i","cat":293240},{"id":59242,"n":"Gourde bébé Babybio Bio 6 mois Abricot/banane/pomme - 360g","p":2.86,"u":"7,94 €/KG","img":"https://fd2-photos.leclercdrive.fr/image.ashx?id=2850548&use=l&cat=p&typeid=i","cat":312393},{"id":59249,"n":"Huile de coco Jardin Bio Bio - 200ml","p":3.62,"u":"18,10 €/L","img":"https://fd2-photos.leclercdrive.fr/image.ashx?id=2790135&use=l&cat=p&typeid=i","cat":284453},{"id":59251,"n":"Ravioli Jardin Bio  Bio légumes - 250g","p":2.2,"u":"8,80 €/KG","img":"https://fd2-photos.leclercdrive.fr/image.ashx?id=2535568&use=l&cat=p&typeid=i","cat":287600},{"id":59252,"n":"Café dosettes Tassimo Maxwell House - caramel x8","p":6.05,"u":"22,57 €/KG","img":"https://fd2-photos.leclercdrive.fr/image.ashx?id=2100254&use=l&cat=p&typeid=i","cat":293240},{"id":59253,"n":"Café dosettes Tassimo L'Or Petit Déjeuner Classique x24","p":7.08,"u":"35,58 €/KG","img":"https://fd2-photos.leclercdrive.fr/image.ashx?id=2100365&use=l&cat=p&typeid=i","cat":293240},{"id":59257,"n":"Café dosettes Tassimo Grand-mère - petit déjeuner x16","p":3.51,"u":"26,39 €/KG","img":"https://fd2-photos.leclercdrive.fr/image.ashx?id=2100359&use=l&cat=p&typeid=i","cat":293240},{"id":59277,"n":"Bonbons acidulés têtes brûlées Fraise/framboise-kitache-135g","p":1.97,"u":"14,59 €/KG","img":"https://fd2-photos.leclercdrive.fr/image.ashx?id=3008650&use=l&cat=p&typeid=i","cat":304250},{"id":59284,"n":"Maoam Mixx Haribo Sachet bonbons - 250g","p":1.85,"u":"7,40 €/KG","img":"https://fd2-photos.leclercdrive.fr/image.ashx?id=2876956&use=l&cat=p&typeid=i","cat":304250},{"id":59287,"n":"Cornichons Rustica 6 épices - 360g","p":2.31,"u":"6,42 €/KG","img":"https://fd2-photos.leclercdrive.fr/image.ashx?id=2916710&use=l&cat=p&typeid=i","cat":284458},{"id":59291,"n":"Sauce bolognaise Bio Village  Bio - 350g","p":1.69,"u":"4,83 €/KG","img":"https://fd2-photos.leclercdrive.fr/image.ashx?id=2753381&use=l&cat=p&typeid=i","cat":287599},{"id":59292,"n":"Œufs au plat Haribo Sachet bonbons - 300g","p":1.54,"u":"5,13 €/KG","img":"https://fd2-photos.leclercdrive.fr/image.ashx?id=2984892&use=l&cat=p&typeid=i","cat":304250},{"id":59293,"n":"Sauce provençale Bio Village  Bio - 350g","p":1.63,"u":"4,66 €/KG","img":"https://fd2-photos.leclercdrive.fr/image.ashx?id=2712995&use=l&cat=p&typeid=i","cat":287599},{"id":59296,"n":"Sauce tomate Bio Village  Basilic bio - 350g","p":1.63,"u":"4,66 €/KG","img":"https://fd2-photos.leclercdrive.fr/image.ashx?id=2696289&use=l&cat=p&typeid=i","cat":287599},{"id":59305,"n":"Sauce American Burger Heinz - 230g","p":1.73,"u":"7,52 €/KG","img":"https://fd2-photos.leclercdrive.fr/image.ashx?id=2973354&use=l&cat=p&typeid=i","cat":318431},{"id":59307,"n":"Miami Pik Haribo Sachet bonbons acidulés - 200g","p":1.43,"u":"7,15 €/KG","img":"https://fd2-photos.leclercdrive.fr/image.ashx?id=2984895&use=l&cat=p&typeid=i","cat":304250},{"id":59311,"n":"Olives Apéro Tramier  À l'Ail 150g","p":1.99,"u":"13,27 €/KG","img":"https://fd2-photos.leclercdrive.fr/image.ashx?id=2639299&use=l&cat=p&typeid=i","cat":284458},{"id":59314,"n":"Huile d'Olive Tramier  Vierge Extra Biologique 75cl","p":8.87,"u":"11,83 €/L","img":"https://fd2-photos.leclercdrive.fr/image.ashx?id=2803916&use=l&cat=p&typeid=i","cat":284453},{"id":59319,"n":"Penne rigate Tradizioni Italia N°133 - 500g","p":1.49,"u":"2,98 €/KG","img":"https://fd2-photos.leclercdrive.fr/image.ashx?id=2657316&use=l&cat=p&typeid=i","cat":284427},{"id":59327,"n":"Pâtes de fruits St Siffrein  4 saisons - 720g","p":6.44,"u":"8,94 €/KG","img":"https://fd2-photos.leclercdrive.fr/image.ashx?id=2504176&use=l&cat=p&typeid=i","cat":304249},{"id":59343,"n":"Pâtes Tradizioni d'Italia Linguine n°121 - 500g","p":1.52,"u":"3,04 €/KG","img":"https://fd2-photos.leclercdrive.fr/image.ashx?id=2657322&use=l&cat=p&typeid=i","cat":284427},{"id":59401,"n":"Cake St-Jacques  A la Bretonne - 260g","p":5.45,"pp":3.81,"u":"14,65 €/KG","img":"https://fd2-photos.leclercdrive.fr/image.ashx?id=2273478&use=l&cat=p&typeid=i","cat":327280},{"id":59499,"n":"Bière Chouffe Blonde 75cl","p":5.07,"u":"6,76 €/L","img":"https://fd2-photos.leclercdrive.fr/image.ashx?id=2959199&use=l&cat=p&typeid=i","cat":334872},{"id":59539,"n":"Pêches Douceur du Verger Sirop léger - 230 g","p":1.26,"u":"5,48 €/KG","img":"https://fd2-photos.leclercdrive.fr/image.ashx?id=2666468&use=l&cat=p&typeid=i","cat":284507},{"id":59553,"n":"Croustilles  Belin  Emmental - 138g","p":1.23,"u":"8,91 €/KG","img":"https://fd2-photos.leclercdrive.fr/image.ashx?id=3002267&use=l&cat=p&typeid=i","cat":284449},{"id":59556,"n":"Croustilles Belin Cacahuète - 138g","p":1.34,"u":"9,71 €/KG","img":"https://fd2-photos.leclercdrive.fr/image.ashx?id=3002270&use=l&cat=p&typeid=i","cat":284449},{"id":59563,"n":"Galette de maïs GERBLE Chocolat au lait - 124g","p":2.0,"u":"16,13 €/KG","img":"https://fd2-photos.leclercdrive.fr/image.ashx?id=2664034&use=l&cat=p&typeid=i","cat":318651},{"id":59601,"n":"Bière blonde 3 Monts 6x33cl","p":7.99,"u":"4,04 €/L","img":"https://fd2-photos.leclercdrive.fr/image.ashx?id=2548189&use=l&cat=p&typeid=i","cat":334852},{"id":59618,"n":"Soupe Knorr Tomates/mozza - 1L","p":2.58,"u":"2,58 €/L","img":"https://fd2-photos.leclercdrive.fr/image.ashx?id=2408258&use=l&cat=p&typeid=i","cat":284462},{"id":59685,"n":"Salade Saupiquet Les Saladières Parisiennes-220g","p":2.67,"u":"12,14 €/KG","img":"https://fd2-photos.leclercdrive.fr/image.ashx?id=2907578&use=l&cat=p&typeid=i","cat":284437},{"id":59687,"n":"Sardines Connetable Olive/citron - 135g","p":2.84,"u":"21,04 €/KG","img":"https://fd2-photos.leclercdrive.fr/image.ashx?id=2618951&use=l&cat=p&typeid=i","cat":305146},{"id":59695,"n":"Yaourt à la grecque YAOS Vanille - 4x125g","p":2.49,"u":"4,98 €/KG","img":"https://fd2-photos.leclercdrive.fr/image.ashx?id=3007972&use=l&cat=p&typeid=i","cat":314999},{"id":59698,"n":"Sandwich Maxi Club Sodebo  Simple&Bon Jambon Beurre - 190g","p":2.0,"u":"10,53 €/KG","img":"https://fd2-photos.leclercdrive.fr/image.ashx?id=2814542&use=l&cat=p&typeid=i","cat":333658},{"id":59713,"n":"Gros cornichons Rustica  Aigre doux - 850g","p":2.69,"u":"3,16 €/KG","img":"https://fd2-photos.leclercdrive.fr/image.ashx?id=2916707&use=l&cat=p&typeid=i","cat":284458},{"id":59714,"n":"Cacahuètes Tokapi  Grillées à sec - 200g","p":0.78,"u":"3,90 €/KG","img":"https://fd2-photos.leclercdrive.fr/image.ashx?id=2799781&use=l&cat=p&typeid=i","cat":284448},{"id":59715,"n":"Double concentré de tomates Tube - 200g","p":1.35,"u":"6,75 €/KG","img":"https://fd2-photos.leclercdrive.fr/image.ashx?id=2072728&use=l&cat=p&typeid=i","cat":288384},{"id":59718,"n":"Saumon tagliatelles D'Aucy Micro-ondes - 300g","p":3.15,"u":"10,50 €/KG","img":"https://fd2-photos.leclercdrive.fr/image.ashx?id=2117168&use=l&cat=p&typeid=i","cat":284953},{"id":59722,"n":"Crème légère semi-épaisse  Bridélice 18%mg - 3x20cl","p":2.34,"u":"3,90 €/L","img":"https://fd2-photos.leclercdrive.fr/image.ashx?id=2904733&use=l&cat=p&typeid=i","cat":284381},{"id":59725,"n":"Bâtonnets Surimi Saveur Coraya  x12 - 180g","p":1.99,"u":"11,06 €/KG","img":"https://fd2-photos.leclercdrive.fr/image.ashx?id=2962677&use=l&cat=p&typeid=i","cat":285189},{"id":59735,"n":"Bâtonnets surimi Ciepe Arôme Crabe x12 - 200g","p":1.53,"u":"7,65 €/KG","img":"https://fd2-photos.leclercdrive.fr/image.ashx?id=2973126&use=l&cat=p&typeid=i","cat":285189},{"id":59751,"n":"Rollmops au vinaigre  MSC Ronde des mers - 400g","p":2.29,"u":"5,73 €/KG","img":"https://fd2-photos.leclercdrive.fr/image.ashx?id=1973883&use=l&cat=p&typeid=i","cat":285190},{"id":59761,"n":"Lingettes Lotus Baby Peau nette - x64","p":1.95,"u":"0,03 €/P","img":"https://fd2-photos.leclercdrive.fr/image.ashx?id=2904431&use=l&cat=p&typeid=i","cat":284738},{"id":59832,"n":"Secret de crème Président Semi-épaisse 25%mg - 3x20cl","p":4.24,"u":"7,07 €/L","img":"https://fd2-photos.leclercdrive.fr/image.ashx?id=2699861&use=l&cat=p&typeid=i","cat":284381},{"id":60015,"n":"Pancakes Pasquier x10 - 350g","p":1.89,"u":"5,40 €/KG","img":"https://fd2-photos.leclercdrive.fr/image.ashx?id=2688878&use=l&cat=p&typeid=i","cat":284495},{"id":60029,"n":"Brioche Harrys Mini Tressée Nature au sucre perlé - 210g","p":1.99,"u":"9,48 €/KG","img":"https://fd2-photos.leclercdrive.fr/image.ashx?id=2667742&use=l&cat=p&typeid=i","cat":284478},{"id":60053,"n":"Végétal Falafels Garden Gourmet Pois chiches 190g","p":3.41,"u":"17,95 €/KG","img":"https://fd2-photos.leclercdrive.fr/image.ashx?id=2988686&use=l&cat=p&typeid=i","cat":316036},{"id":60068,"n":"Pavé Gourmand Garden Gourmet Courgettes Fromage 180g","p":2.92,"u":"16,22 €/KG","img":"https://fd2-photos.leclercdrive.fr/image.ashx?id=2973294&use=l&cat=p&typeid=i","cat":316036},{"id":60138,"n":"Bûche de chèvre Bio Soignon 180g","p":2.91,"u":"16,17 €/KG","img":"https://fd2-photos.leclercdrive.fr/image.ashx?id=2676741&use=l&cat=p&typeid=i","cat":314031},{"id":60141,"n":"Matin Léger Bio de Lactel  Sans lactose 1.2%mg - 1L","p":2.21,"u":"2,21 €/L","img":"https://fd2-photos.leclercdrive.fr/image.ashx?id=2883549&use=l&cat=p&typeid=i","cat":317169},{"id":60174,"n":"Madeleine Bonne Maman  Chocolat au lait x10 - 300g","p":3.07,"u":"10,23 €/KG","img":"https://fd2-photos.leclercdrive.fr/image.ashx?id=2949940&use=l&cat=p&typeid=i","cat":284492},{"id":60175,"n":"Madeleines St Michel  Oeuf en plein air - 1kg","p":3.92,"u":"3,92 €/KG","img":"https://fd2-photos.leclercdrive.fr/image.ashx?id=2936194&use=l&cat=p&typeid=i","cat":284492},{"id":60192,"n":"Pancakes Le Ster  x8 - 280g","p":2.0,"u":"7,14 €/KG","img":"https://fd2-photos.leclercdrive.fr/image.ashx?id=2827215&use=l&cat=p&typeid=i","cat":284495},{"id":60204,"n":"Crêpes de landerneau Le Ster Le pâtissier x12 - 300g","p":2.09,"u":"6,97 €/KG","img":"https://fd2-photos.leclercdrive.fr/image.ashx?id=2962860&use=l&cat=p&typeid=i","cat":284494},{"id":60313,"n":"Fromage frais Délisse  Vanille de Madagascar - 500g","p":2.29,"u":"4,58 €/KG","img":"https://fd2-photos.leclercdrive.fr/image.ashx?id=3012851&use=l&cat=p&typeid=i","cat":284409},{"id":60482,"n":"Biere Kasteelbier Brune - 33cl","p":2.28,"u":"6,91 €/L","img":"https://fd2-photos.leclercdrive.fr/image.ashx?id=2483212&use=l&cat=p&typeid=i","cat":334872},{"id":60587,"n":"Bûche de chèvre Président 180g","p":1.93,"u":"10,72 €/KG","img":"https://fd2-photos.leclercdrive.fr/image.ashx?id=2454088&use=l&cat=p&typeid=i","cat":314031},{"id":60588,"n":"Emmental Président 250g","p":2.83,"u":"11,32 €/KG","img":"https://fd2-photos.leclercdrive.fr/image.ashx?id=2752942&use=l&cat=p&typeid=i","cat":314034},{"id":60637,"n":"Matière grasse St Hubert 41 à tartiner - 38% MG - 500g","p":3.47,"u":"6,94 €/KG","img":"https://fd2-photos.leclercdrive.fr/image.ashx?id=2734147&use=l&cat=p&typeid=i","cat":315229},{"id":60672,"n":"Matière grasse St Hubert 41 demi-sel - 38%MG - 250g","p":1.87,"u":"7,48 €/KG","img":"https://fd2-photos.leclercdrive.fr/image.ashx?id=2734144&use=l&cat=p&typeid=i","cat":315229},{"id":60774,"n":"Bière blonde Leffe 6,6% - 6x25cl","p":4.74,"u":"3,16 €/L","img":"https://fd2-photos.leclercdrive.fr/image.ashx?id=2995421&use=l&cat=p&typeid=i","cat":334852},{"id":60775,"n":"Dés de jambon Herta  2x75g","p":1.72,"u":"11,47 €/KG","img":"https://fd2-photos.leclercdrive.fr/image.ashx?id=2877133&use=l&cat=p&typeid=i","cat":316011},{"id":60777,"n":"Brique de brebis Lou Pérac Fromage de brebis - 150g","p":2.9,"u":"19,33 €/KG","img":"https://fd2-photos.leclercdrive.fr/image.ashx?id=2785154&use=l&cat=p&typeid=i","cat":314031},{"id":60778,"n":"Tranche Salakis Fromage de brebis - 200g","p":2.67,"u":"13,35 €/KG","img":"https://fd2-photos.leclercdrive.fr/image.ashx?id=2729710&use=l&cat=p&typeid=i","cat":314026},{"id":60890,"n":"Chaussée aux moines 340g","p":2.91,"u":"8,56 €/KG","img":"https://fd2-photos.leclercdrive.fr/image.ashx?id=2830030&use=l&cat=p&typeid=i","cat":329184},{"id":60891,"n":"Camembert Président 250g","p":1.71,"u":"6,84 €/KG","img":"https://fd2-photos.leclercdrive.fr/image.ashx?id=2878873&use=l&cat=p&typeid=i","cat":314033},{"id":60892,"n":"Emmental râpé fondant Président 200g","p":2.06,"u":"10,30 €/KG","img":"https://fd2-photos.leclercdrive.fr/image.ashx?id=2488455&use=l&cat=p&typeid=i","cat":314035},{"id":60930,"n":"Thé Earl Grey Twinings x25 sachets - 50g","p":2.06,"u":"41,20 €/KG","img":"https://fd2-photos.leclercdrive.fr/image.ashx?id=2889817&use=l&cat=p&typeid=i","cat":293233},{"id":60931,"n":"Thé Ceylan Scotland Twinings x20 - 40g","p":2.45,"u":"61,25 €/KG","img":"https://fd2-photos.leclercdrive.fr/image.ashx?id=2893024&use=l&cat=p&typeid=i","cat":293233},{"id":60957,"n":"Boisson énergisante Red Bull Goût Myrtille, 250ml","p":1.14,"u":"4,56 €/L","img":"https://fd2-photos.leclercdrive.fr/image.ashx?id=2174528&use=l&cat=p&typeid=i","cat":284533},{"id":60974,"n":"Pur jus Tropicana Orange Pure Premium Sans pulpe - 1L","p":2.48,"u":"2,48 €/L","img":"https://fd2-photos.leclercdrive.fr/image.ashx?id=2586186&use=l&cat=p&typeid=i","cat":284521},{"id":60978,"n":"Roquefort AOP Société Fromage de brebis - 150g","p":2.94,"u":"19,60 €/KG","img":"https://fd2-photos.leclercdrive.fr/image.ashx?id=2729713&use=l&cat=p&typeid=i","cat":314032},{"id":61021,"n":"Risotto champignon poulet Marie 900g","p":4.19,"u":"4,66 €/KG","img":"https://fd2-photos.leclercdrive.fr/image.ashx?id=2996755&use=l&cat=p&typeid=i","cat":284254},{"id":61169,"n":"Petit suisse NESQUIK Chocolat 6x60g","p":1.56,"u":"4,33 €/KG","img":"https://fd2-photos.leclercdrive.fr/image.ashx?id=3007933&use=l&cat=p&typeid=i","cat":284414},{"id":61172,"n":"Yaourts à la Grecque Délisse Citron - 4x150g","p":2.38,"u":"3,97 €/KG","img":"https://fd2-photos.leclercdrive.fr/image.ashx?id=2699714&use=l&cat=p&typeid=i","cat":314999},{"id":61293,"n":"Boisson Jafaden Orange carotte citron - 1L","p":1.89,"u":"1,89 €/L","img":"https://fd2-photos.leclercdrive.fr/image.ashx?id=2956753&use=l&cat=p&typeid=i","cat":284917},{"id":61596,"n":"Sauce au poivre Rustica Pot - 245g","p":1.13,"u":"4,61 €/KG","img":"https://fd2-photos.leclercdrive.fr/image.ashx?id=2954373&use=l&cat=p&typeid=i","cat":318430},{"id":61597,"n":"Sauce bourguignonne Rustica Pot - 250g","p":1.01,"u":"4,04 €/KG","img":"https://fd2-photos.leclercdrive.fr/image.ashx?id=2954376&use=l&cat=p&typeid=i","cat":318430},{"id":61605,"n":"Sauce barbecue Rustica Flacon souple - 280g","p":1.39,"u":"4,96 €/KG","img":"https://fd2-photos.leclercdrive.fr/image.ashx?id=2559704&use=l&cat=p&typeid=i","cat":318431},{"id":61609,"n":"Sauce Aïoli Bénédicta - 260g","p":1.45,"u":"5,58 €/KG","img":"https://fd2-photos.leclercdrive.fr/image.ashx?id=2689934&use=l&cat=p&typeid=i","cat":318430},{"id":61626,"n":"Cocktail Douceur du Verger 4 fruits - Sirop léger - 250 g","p":1.5,"u":"6,00 €/KG","img":"https://fd2-photos.leclercdrive.fr/image.ashx?id=2531301&use=l&cat=p&typeid=i","cat":284507},{"id":61628,"n":"Fruits au sirop St Mamet Pêches - 245g","p":1.82,"u":"7,43 €/KG","img":"https://fd2-photos.leclercdrive.fr/image.ashx?id=2628428&use=l&cat=p&typeid=i","cat":284507},{"id":61631,"n":"Cocktail Douceur du Verger 4 fruits - Sirop léger- 500g","p":1.99,"u":"3,98 €/KG","img":"https://fd2-photos.leclercdrive.fr/image.ashx?id=2783023&use=l&cat=p&typeid=i","cat":284507},{"id":61638,"n":"Lentilles Préparées Cassegrain Tendres et Fondantes 460g","p":2.33,"u":"5,07 €/KG","img":"https://fd2-photos.leclercdrive.fr/image.ashx?id=3011047&use=l&cat=p&typeid=i","cat":312609},{"id":61697,"n":"Eponges Spontex Multicolore - x3","p":1.37,"u":"0,46 €/P","img":"https://fd2-photos.leclercdrive.fr/image.ashx?id=2972847&use=l&cat=p&typeid=i","cat":284667},{"id":61704,"n":"Burger La Fournée Dorée Sésame x4 -250g","p":1.49,"u":"5,96 €/KG","img":"https://fd2-photos.leclercdrive.fr/image.ashx?id=2735275&use=l&cat=p&typeid=i","cat":325067},{"id":62042,"n":"Haricots rouges D'aucy  500g","p":1.92,"u":"3,84 €/KG","img":"https://fd2-photos.leclercdrive.fr/image.ashx?id=2491190&use=l&cat=p&typeid=i","cat":312606},{"id":62043,"n":"Lentilles préparées D'aucy  265g","p":0.93,"u":"3,51 €/KG","img":"https://fd2-photos.leclercdrive.fr/image.ashx?id=2560600&use=l&cat=p&typeid=i","cat":312609},{"id":62054,"n":"Courgettes Cuisinées Cassegrain à la Provençale 185g","p":1.94,"u":"10,49 €/KG","img":"https://fd2-photos.leclercdrive.fr/image.ashx?id=2913022&use=l&cat=p&typeid=i","cat":312612},{"id":62057,"n":"Champignons Eco+ Entiers - 230g","p":1.11,"u":"4,83 €/KG","img":"https://fd2-photos.leclercdrive.fr/image.ashx?id=2782999&use=l&cat=p&typeid=i","cat":312610},{"id":62067,"n":"Flageolets Préparés Cassegrain Extra Fins 130g","p":1.08,"u":"8,31 €/KG","img":"https://fd2-photos.leclercdrive.fr/image.ashx?id=2912980&use=l&cat=p&typeid=i","cat":312606},{"id":62083,"n":"Soda Schweppes Saveur Agrumes - 1L","p":1.59,"u":"1,59 €/L","img":"https://fd2-photos.leclercdrive.fr/image.ashx?id=2852414&use=l&cat=p&typeid=i","cat":284532},{"id":62094,"n":"Sauce fajitas Old El Paso à cuisiner doux - 395g","p":2.17,"u":"5,49 €/KG","img":"https://fd2-photos.leclercdrive.fr/image.ashx?id=2950852&use=l&cat=p&typeid=i","cat":288993},{"id":62095,"n":"Chips Tortilla Old El Paso Fajita - 185g","p":2.09,"u":"11,30 €/KG","img":"https://fd2-photos.leclercdrive.fr/image.ashx?id=2444522&use=l&cat=p&typeid=i","cat":288993},{"id":62101,"n":"Miel l'Apiculteur liquide   et savoureux - 500g","p":6.93,"u":"13,86 €/KG","img":"https://fd2-photos.leclercdrive.fr/image.ashx?id=3008077&use=l&cat=p&typeid=i","cat":287643},{"id":62123,"n":"Mini brownie Brossard Chocolat/noisette x8 - 240g","p":2.63,"u":"10,96 €/KG","img":"https://fd2-photos.leclercdrive.fr/image.ashx?id=2976830&use=l&cat=p&typeid=i","cat":294776},{"id":62128,"n":"Biscuits fourrés Prince Tout chocolat - 300g","p":1.47,"u":"4,90 €/KG","img":"https://fd2-photos.leclercdrive.fr/image.ashx?id=2528801&use=l&cat=p&typeid=i","cat":284488},{"id":62146,"n":"Brioche La Fournée Dorée Tranchée crème fraiche - 500g","p":2.27,"u":"4,54 €/KG","img":"https://fd2-photos.leclercdrive.fr/image.ashx?id=2415365&use=l&cat=p&typeid=i","cat":284478},{"id":62148,"n":"Brioch'burger La fournée Dorée x4 - 250g","p":1.59,"u":"6,36 €/KG","img":"https://fd2-photos.leclercdrive.fr/image.ashx?id=2765261&use=l&cat=p&typeid=i","cat":325067},{"id":62162,"n":"Donuts Curly 100g","p":1.14,"u":"11,40 €/KG","img":"https://fd2-photos.leclercdrive.fr/image.ashx?id=2446836&use=l&cat=p&typeid=i","cat":284449},{"id":62164,"n":"Madeleines Ker Cadélac Pépites sucre extra - 600g","p":3.79,"u":"6,32 €/KG","img":"https://fd2-photos.leclercdrive.fr/image.ashx?id=3008269&use=l&cat=p&typeid=i","cat":284492},{"id":62186,"n":"Flocon d'avoine Happy Bio 500g","p":1.98,"u":"3,96 €/KG","img":"https://fd2-photos.leclercdrive.fr/image.ashx?id=2224790&use=l&cat=p&typeid=i","cat":309512},{"id":62226,"n":"Soda Coca-Cola Sans Sucres Bouteille - 1L","p":1.45,"u":"1,45 €/L","img":"https://fd2-photos.leclercdrive.fr/image.ashx?id=2194418&use=l&cat=p&typeid=i","cat":284530},{"id":62246,"n":"Soda au cola Pepsi La bouteille de 1.5L","p":1.13,"u":"0,75 €/L","img":"https://fd2-photos.leclercdrive.fr/image.ashx?id=2896318&use=l&cat=p&typeid=i","cat":284530},{"id":62251,"n":"Soda au cola Pepsi Zéro sucres La bouteille de 1.5L","p":1.09,"u":"0,73 €/L","img":"https://fd2-photos.leclercdrive.fr/image.ashx?id=2683130&use=l&cat=p&typeid=i","cat":284530},{"id":62252,"n":"Soda 7UP Citron et citron vert - 1.5L","p":1.19,"u":"0,79 €/L","img":"https://fd2-photos.leclercdrive.fr/image.ashx?id=2748545&use=l&cat=p&typeid=i","cat":284531},{"id":62303,"n":"yaourt fruits bio les 2 vaches brassé framboise - 4x115g","p":1.89,"u":"4,11 €/KG","img":"https://fd2-photos.leclercdrive.fr/image.ashx?id=2571533&use=l&cat=p&typeid=i","cat":284410},{"id":62305,"n":"Yaourt nature Bio village Bio Sucre de canne - 4x125g","p":1.58,"u":"3,16 €/KG","img":"https://fd2-photos.leclercdrive.fr/image.ashx?id=1946889&use=l&cat=p&typeid=i","cat":284409},{"id":62333,"n":"Yaourt brassé Bio les 2 vaches Citron - 4x115g","p":1.89,"u":"4,11 €/KG","img":"https://fd2-photos.leclercdrive.fr/image.ashx?id=2571536&use=l&cat=p&typeid=i","cat":284410},{"id":62335,"n":"yaourt fruits bio les 2 vaches brassé myrtille - 4x115g","p":1.98,"u":"4,30 €/KG","img":"https://fd2-photos.leclercdrive.fr/image.ashx?id=2571530&use=l&cat=p&typeid=i","cat":284410},{"id":62340,"n":"Jus d'oranges pressées Andros 1.5L","p":3.92,"u":"2,61 €/L","img":"https://fd2-photos.leclercdrive.fr/image.ashx?id=2904272&use=l&cat=p&typeid=i","cat":285435},{"id":62357,"n":"Faisselle Rians Coulis framboise - 240g","p":1.86,"u":"7,75 €/KG","img":"https://fd2-photos.leclercdrive.fr/image.ashx?id=2522776&use=l&cat=p&typeid=i","cat":284410},{"id":62359,"n":"Jus d'oranges pressées  Sans pulpe Andros - 1.5L","p":3.87,"u":"2,58 €/L","img":"https://fd2-photos.leclercdrive.fr/image.ashx?id=2876104&use=l&cat=p&typeid=i","cat":285435},{"id":62417,"n":"Jus de pamplemousse rose pressé Andros - 1L","p":3.17,"u":"3,17 €/L","img":"https://fd2-photos.leclercdrive.fr/image.ashx?id=2928423&use=l&cat=p&typeid=i","cat":285435},{"id":62486,"n":"Quiche lorraine 400g","p":1.99,"u":"4,98 €/KG","img":"https://fd2-photos.leclercdrive.fr/image.ashx?id=2798421&use=l&cat=p&typeid=i","cat":333680},{"id":62497,"n":"Biscuit bébé Blédina 12 mois  Petit beurre pépites choco-133g","p":2.15,"u":"16,17 €/KG","img":"https://fd2-photos.leclercdrive.fr/image.ashx?id=2639344&use=l&cat=p&typeid=i","cat":312227},{"id":62555,"n":"Boissons aux fruits Fruit Shoot Tropical - 12x20cl","p":4.17,"u":"1,74 €/L","img":"https://fd2-photos.leclercdrive.fr/image.ashx?id=2915736&use=l&cat=p&typeid=i","cat":295018},{"id":62571,"n":"Soda à l'orange Orangina 1L","p":1.66,"u":"1,66 €/L","img":"https://fd2-photos.leclercdrive.fr/image.ashx?id=2668413&use=l&cat=p&typeid=i","cat":284532},{"id":62574,"n":"Bière ambrée Grimbergen 6,5° - 6x25cl","p":5.94,"u":"3,96 €/L","img":"https://fd2-photos.leclercdrive.fr/image.ashx?id=2293483&use=l&cat=p&typeid=i","cat":334852},{"id":62576,"n":"Bière blanche Grimbergen 6° - 6x25cl","p":5.64,"u":"3,76 €/L","img":"https://fd2-photos.leclercdrive.fr/image.ashx?id=2294375&use=l&cat=p&typeid=i","cat":334878},{"id":62581,"n":"Bière aromatisée Grimbergen Cerise 5,5° - 6x25cl","p":5.81,"u":"3,87 €/L","img":"https://fd2-photos.leclercdrive.fr/image.ashx?id=2312798&use=l&cat=p&typeid=i","cat":334878},{"id":62681,"n":"Eau de javel Clair Parfum citron - 2L","p":0.98,"u":"0,49 €/L","img":"https://fd2-photos.leclercdrive.fr/image.ashx?id=2949206&use=l&cat=p&typeid=i","cat":284661},{"id":62682,"n":"Javel en gel Clair  Citron vert - 750ml","p":1.18,"u":"1,57 €/L","img":"https://fd2-photos.leclercdrive.fr/image.ashx?id=2843881&use=l&cat=p&typeid=i","cat":284661},{"id":62697,"n":"Nappe damassée Homeside Blanche - 8m","p":1.69,"img":"https://fd2-photos.leclercdrive.fr/image.ashx?id=1659708&use=l&cat=p&typeid=i","cat":334134},{"id":62726,"n":"Compote bio Bio Village Bocal pomme - 625g","p":2.07,"u":"3,31 €/KG","img":"https://fd2-photos.leclercdrive.fr/image.ashx?id=1948042&use=l&cat=p&typeid=i","cat":284508},{"id":62727,"n":"Compote bio Bio Village Bocal pomme poire - 625g","p":2.1,"u":"3,36 €/KG","img":"https://fd2-photos.leclercdrive.fr/image.ashx?id=1948039&use=l&cat=p&typeid=i","cat":284508},{"id":62729,"n":"Fruits au sirop St Mamet Salade de fruits - 475g","p":3.2,"u":"6,74 €/KG","img":"https://fd2-photos.leclercdrive.fr/image.ashx?id=2369957&use=l&cat=p&typeid=i","cat":284507},{"id":62730,"n":"Fruits au sirop St Mamet Poires williams - 235g","p":1.92,"u":"8,17 €/KG","img":"https://fd2-photos.leclercdrive.fr/image.ashx?id=2630220&use=l&cat=p&typeid=i","cat":284507},{"id":62731,"n":"Abricots Douceur du Verger Sirop léger - 475 g","p":2.42,"u":"5,09 €/KG","img":"https://fd2-photos.leclercdrive.fr/image.ashx?id=2618235&use=l&cat=p&typeid=i","cat":284507},{"id":62742,"n":"Gressins sésames bio Bio Village - 125g","p":1.52,"u":"12,16 €/KG","img":"https://fd2-photos.leclercdrive.fr/image.ashx?id=1944640&use=l&cat=p&typeid=i","cat":297000},{"id":62753,"n":"Noix de cajou Bio Village  Bio Grillées - 100g","p":2.1,"u":"21,00 €/KG","img":"https://fd2-photos.leclercdrive.fr/image.ashx?id=2664590&use=l&cat=p&typeid=i","cat":284448},{"id":62858,"n":"Biscuit Nature GERBLE  sans sucres ajoutés - 132g","p":1.94,"u":"14,70 €/KG","img":"https://fd2-photos.leclercdrive.fr/image.ashx?id=2662835&use=l&cat=p&typeid=i","cat":318653},{"id":63009,"n":"Sardine entière Pêche Océan Nature - 95g","p":1.37,"u":"14,42 €/KG","img":"https://fd2-photos.leclercdrive.fr/image.ashx?id=2692964&use=l&cat=p&typeid=i","cat":305146},{"id":63170,"n":"Sucre de canne Daddy Petits morceaux - 1kg","p":2.36,"u":"2,36 €/KG","img":"https://fd2-photos.leclercdrive.fr/image.ashx?id=2276420&use=l&cat=p&typeid=i","cat":284502},{"id":63187,"n":"Préparation pour panna cotta  Bridélice UHT - 50cl","p":2.85,"u":"5,70 €/L","img":"https://fd2-photos.leclercdrive.fr/image.ashx?id=2639477&use=l&cat=p&typeid=i","cat":284382},{"id":63284,"n":"AOP Champagne Canard Duchêne Charles VII Brut - 75cl","p":29.5,"pp":26.55,"u":"35,40 €/L","img":"https://fd2-photos.leclercdrive.fr/image.ashx?id=2174390&use=l&cat=p&typeid=i","cat":284542},{"id":63287,"n":"AOP Crémant de Bordeaux Malesan brut - 75cl","p":6.9,"pp":4.55,"u":"6,07 €/L","img":"https://fd2-photos.leclercdrive.fr/image.ashx?id=2497193&use=l&cat=p&typeid=i","cat":284545},{"id":63304,"n":"Pizza Crust Sodebo Classic Jambon Emmental - 600g","p":4.85,"u":"8,08 €/KG","img":"https://fd2-photos.leclercdrive.fr/image.ashx?id=3008254&use=l&cat=p&typeid=i","cat":333679},{"id":63306,"n":"Pizza Crust Sodebo Buffalo boeuf poivrons - 600g","p":5.32,"u":"8,87 €/KG","img":"https://fd2-photos.leclercdrive.fr/image.ashx?id=3011197&use=l&cat=p&typeid=i","cat":333679},{"id":63320,"n":"Rhum Vieux Agricole AOC  Martinique 40%vol - 70cl","p":20.95,"u":"29,93 €/L","img":"https://fd2-photos.leclercdrive.fr/image.ashx?id=2731075&use=l&cat=p&typeid=i","cat":284550},{"id":63505,"n":"Fromage Pavé d'Affinois 200g","p":2.58,"u":"12,90 €/KG","img":"https://fd2-photos.leclercdrive.fr/image.ashx?id=3002081&use=l&cat=p&typeid=i","cat":314033},{"id":63519,"n":"Gnocchi Lustucru Selection  Maxi 650g","p":2.94,"u":"4,52 €/KG","img":"https://fd2-photos.leclercdrive.fr/image.ashx?id=2792387&use=l&cat=p&typeid=i","cat":333682},{"id":63520,"n":"Pizza crust Sodebo Cheesy 4 fromages - 580g","p":4.86,"u":"8,38 €/KG","img":"https://fd2-photos.leclercdrive.fr/image.ashx?id=2912098&use=l&cat=p&typeid=i","cat":333679},{"id":63521,"n":"Penne au saumon Marie Crème d'épinard - 280g","p":2.59,"u":"9,25 €/KG","img":"https://fd2-photos.leclercdrive.fr/image.ashx?id=2317519&use=l&cat=p&typeid=i","cat":333665},{"id":63523,"n":"Crousty chicken Le Gaulois Long filet - 400g","p":5.9,"u":"14,75 €/KG","img":"https://fd2-photos.leclercdrive.fr/image.ashx?id=2968214&use=l&cat=p&typeid=i","cat":333684},{"id":63528,"n":"Boisson énergisante Crazy Tiger Canette - 50cl","p":0.92,"u":"1,84 €/L","img":"https://fd2-photos.leclercdrive.fr/image.ashx?id=2859641&use=l&cat=p&typeid=i","cat":284533},{"id":63531,"n":"AOP Bordeaux rosé Remparts Virou - 75cl","p":5.23,"u":"6,97 €/L","img":"https://fd2-photos.leclercdrive.fr/image.ashx?id=1604723&use=l&cat=p&typeid=i","cat":289558},{"id":63595,"n":"Cheesecake Gü Speculoos - 160g","p":3.28,"u":"20,50 €/KG","img":"https://fd2-photos.leclercdrive.fr/image.ashx?id=2851276&use=l&cat=p&typeid=i","cat":284419},{"id":63608,"n":"Chèvre fouetté Soignon Nature - 140g","p":2.33,"u":"16,64 €/KG","img":"https://fd2-photos.leclercdrive.fr/image.ashx?id=2516602&use=l&cat=p&typeid=i","cat":314029},{"id":63617,"n":"Salade Bulle fraîcheur Daunat  Jambon Emmental - 250g","p":2.77,"u":"11,08 €/KG","img":"https://fd2-photos.leclercdrive.fr/image.ashx?id=2683091&use=l&cat=p&typeid=i","cat":333657},{"id":63622,"n":"Sandwich XXL Daunat Pain suédois - jambon/cheddar","p":2.17,"u":"9,43 €/KG","img":"https://fd2-photos.leclercdrive.fr/image.ashx?id=2857383&use=l&cat=p&typeid=i","cat":333658},{"id":63712,"n":"AOC Martinique Rhum blanc  Agricole HSE 40° - 1L","p":15.64,"u":"15,64 €/L","img":"https://fd2-photos.leclercdrive.fr/image.ashx?id=2902019&use=l&cat=p&typeid=i","cat":284550},{"id":63714,"n":"AOC Martinique Rhum blanc  HSE 50° - 70cl","p":13.9,"u":"19,86 €/L","img":"https://fd2-photos.leclercdrive.fr/image.ashx?id=2686939&use=l&cat=p&typeid=i","cat":284550},{"id":63716,"n":"AOC Martinique Rhum blanc Agricole HSE 55° - 1L","p":19.76,"u":"19,76 €/L","img":"https://fd2-photos.leclercdrive.fr/image.ashx?id=2021451&use=l&cat=p&typeid=i","cat":284550},{"id":63718,"n":"Rhum Vieux agricole HSE 40° - 70cl","p":28.38,"u":"40,54 €/L","img":"https://fd2-photos.leclercdrive.fr/image.ashx?id=2475753&use=l&cat=p&typeid=i","cat":284550},{"id":63722,"n":"Liqueur Herbes Jagermeister 35° - 70cl","p":18.04,"u":"25,77 €/L","img":"https://fd2-photos.leclercdrive.fr/image.ashx?id=2474740&use=l&cat=p&typeid=i","cat":286032},{"id":63756,"n":"Pur jus Tropicana Orange Pure Premium Avec pulpe - 1L","p":2.52,"u":"2,52 €/L","img":"https://fd2-photos.leclercdrive.fr/image.ashx?id=2605668&use=l&cat=p&typeid=i","cat":284521},{"id":63759,"n":"Pur Jus Jafaden Mutlifruits - 2L","p":2.75,"u":"1,38 €/L","img":"https://fd2-photos.leclercdrive.fr/image.ashx?id=2762955&use=l&cat=p&typeid=i","cat":284917},{"id":63768,"n":"Boisson aux fruits Oasis Pomme Cassis Framboise - 6x33cl","p":3.89,"u":"1,96 €/L","img":"https://fd2-photos.leclercdrive.fr/image.ashx?id=3014449&use=l&cat=p&typeid=i","cat":295018},{"id":63776,"n":"Sirop Moulin de Valdonne Fraise des bois - 70cl","p":3.94,"u":"5,63 €/L","img":"https://fd2-photos.leclercdrive.fr/image.ashx?id=2170589&use=l&cat=p&typeid=i","cat":295020},{"id":63794,"n":"Soda Schweppes Saveur Citron - 6x33cl","p":3.54,"u":"1,79 €/L","img":"https://fd2-photos.leclercdrive.fr/image.ashx?id=2852743&use=l&cat=p&typeid=i","cat":284532},{"id":63795,"n":"Soda Schweppes Indian Tonic - 6x33cl","p":3.65,"u":"1,84 €/L","img":"https://fd2-photos.leclercdrive.fr/image.ashx?id=2852423&use=l&cat=p&typeid=i","cat":284531},{"id":63797,"n":"Soda Schweppes Saveur Agrumes - 6x33cl","p":3.51,"u":"1,77 €/L","img":"https://fd2-photos.leclercdrive.fr/image.ashx?id=2852737&use=l&cat=p&typeid=i","cat":284532},{"id":63798,"n":"Soda Schweppes Saveur Agrumes Zero - 6x33cl","p":3.2,"u":"1,62 €/L","img":"https://fd2-photos.leclercdrive.fr/image.ashx?id=2852740&use=l&cat=p&typeid=i","cat":284532},{"id":63824,"n":"Soda Coca-Cola Zéro Sans caféine - 1.25L","p":1.52,"u":"1,22 €/L","img":"https://fd2-photos.leclercdrive.fr/image.ashx?id=3009059&use=l&cat=p&typeid=i","cat":284530},{"id":63837,"n":"Champignons Eco+ Pieds et morceaux - 230g","p":0.82,"u":"3,57 €/KG","img":"https://fd2-photos.leclercdrive.fr/image.ashx?id=2783002&use=l&cat=p&typeid=i","cat":312610},{"id":63892,"n":"Capsules café L'Or Espresso Forza N°9 x10","p":3.14,"u":"60,38 €/KG","img":"https://fd2-photos.leclercdrive.fr/image.ashx?id=2393753&use=l&cat=p&typeid=i","cat":284749},{"id":63904,"n":"Chocolat noir fleur de sel bio Grain de Sail -tablette 100g","p":3.19,"u":"31,90 €/KG","img":"https://fd2-photos.leclercdrive.fr/image.ashx?id=2400373&use=l&cat=p&typeid=i","cat":284956},{"id":63905,"n":"Chocolat noir 75% cacao bio Grain de Sail -tablette 100g","p":2.95,"u":"29,50 €/KG","img":"https://fd2-photos.leclercdrive.fr/image.ashx?id=2400361&use=l&cat=p&typeid=i","cat":284956},{"id":63907,"n":"Chocolat noir noisettes bio Grain de Sail -tablette 100g","p":2.95,"u":"29,50 €/KG","img":"https://fd2-photos.leclercdrive.fr/image.ashx?id=2399294&use=l&cat=p&typeid=i","cat":284956},{"id":63908,"n":"Chocolat noir 62% cacao bio Grain de Sail -tablette 100g","p":2.99,"u":"29,90 €/KG","img":"https://fd2-photos.leclercdrive.fr/image.ashx?id=2400358&use=l&cat=p&typeid=i","cat":284956},{"id":63909,"n":"Chocolat au lait intense bio Grain de Sail -tablette 100g","p":3.15,"u":"31,50 €/KG","img":"https://fd2-photos.leclercdrive.fr/image.ashx?id=2399291&use=l&cat=p&typeid=i","cat":284497},{"id":63911,"n":"Chocolat caramel fl.de sel bio Grain de Sail -tablette 100g","p":2.99,"u":"29,90 €/KG","img":"https://fd2-photos.leclercdrive.fr/image.ashx?id=2400367&use=l&cat=p&typeid=i","cat":284497},{"id":63919,"n":"Compote Breizh'Pom Reinette d'Armorique - 16x100g","p":5.34,"u":"3,34 €/KG","img":"https://fd2-photos.leclercdrive.fr/image.ashx?id=2654330&use=l&cat=p&typeid=i","cat":284508},{"id":63927,"n":"Sardines à l'huile d'olive  Les Mouettes d'Arvor - 115g","p":2.82,"u":"24,52 €/KG","img":"https://fd2-photos.leclercdrive.fr/image.ashx?id=1892279&use=l&cat=p&typeid=i","cat":305146},{"id":63959,"n":"Burger le Charolais Côté Snack 180g","p":2.49,"u":"13,83 €/KG","img":"https://fd2-photos.leclercdrive.fr/image.ashx?id=1165796&use=l&cat=p&typeid=i","cat":333671},{"id":63961,"n":"Burger le campagnard Côté Snack Poulet emmental - 180g","p":2.49,"u":"13,83 €/KG","img":"https://fd2-photos.leclercdrive.fr/image.ashx?id=2898251&use=l&cat=p&typeid=i","cat":333671},{"id":63971,"n":"Escalope cordon bleu Père dodu Poulet x4 - 400g - Familial","p":4.61,"u":"11,53 €/KG","img":"https://fd2-photos.leclercdrive.fr/image.ashx?id=2957173&use=l&cat=p&typeid=i","cat":333683},{"id":63973,"n":"Cordon Bleu Père Dodu  Poulet x8 - 800g - Maxi Format","p":8.41,"u":"10,51 €/KG","img":"https://fd2-photos.leclercdrive.fr/image.ashx?id=2957176&use=l&cat=p&typeid=i","cat":333683},{"id":63980,"n":"Langoustines Rondes des Mers Entières crues 21/30 - 800g","p":15.98,"u":"19,98 €/KG","img":"https://fd2-photos.leclercdrive.fr/image.ashx?id=2177322&use=l&cat=p&typeid=i","cat":319787},{"id":63987,"n":"Mini bâtonnets Trium Vanille fruits x8 - 300g","p":2.7,"u":"9,00 €/KG","img":"https://fd2-photos.leclercdrive.fr/image.ashx?id=2791323&use=l&cat=p&typeid=i","cat":284265},{"id":63989,"n":"Mascarpone Bio Village Bio - 250g","p":2.98,"u":"11,92 €/KG","img":"https://fd2-photos.leclercdrive.fr/image.ashx?id=1947561&use=l&cat=p&typeid=i","cat":314026},{"id":63993,"n":"Crème glacée Eskiss  Douceur de vanille - 500g","p":3.91,"u":"7,82 €/KG","img":"https://fd2-photos.leclercdrive.fr/image.ashx?id=2982634&use=l&cat=p&typeid=i","cat":284263},{"id":63996,"n":"Glace gourmande Eskiss  Coco passion - 488g","p":3.16,"u":"6,48 €/KG","img":"https://fd2-photos.leclercdrive.fr/image.ashx?id=3002623&use=l&cat=p&typeid=i","cat":284263},{"id":63997,"n":"Glace gourmande Eskiss  Citron framboise - 515g","p":3.14,"u":"6,10 €/KG","img":"https://fd2-photos.leclercdrive.fr/image.ashx?id=2982637&use=l&cat=p&typeid=i","cat":284263},{"id":64032,"n":"Pur jus d'orange Tropicana Sans pulpe - 2x1L","p":4.89,"u":"2,45 €/L","img":"https://fd2-photos.leclercdrive.fr/image.ashx?id=2605671&use=l&cat=p&typeid=i","cat":284521},{"id":64057,"n":"Bière Desperados Red 12x33cl","p":16.55,"u":"4,18 €/L","img":"https://fd2-photos.leclercdrive.fr/image.ashx?id=2651074&use=l&cat=p&typeid=i","cat":334878},{"id":64109,"n":"Fromage blanc Délisse 3.2%mg 12x100g","p":2.69,"u":"2,24 €/KG","img":"https://fd2-photos.leclercdrive.fr/image.ashx?id=3012848&use=l&cat=p&typeid=i","cat":284409},{"id":64170,"n":"Surimi Petits Coraya Sauce mayonnaise  x21 - 210g","p":2.39,"u":"11,38 €/KG","img":"https://fd2-photos.leclercdrive.fr/image.ashx?id=2968880&use=l&cat=p&typeid=i","cat":285189},{"id":64278,"n":"Matière grasse St Hubert 41 Demi-sel - 38%MG - 500g","p":3.36,"u":"6,72 €/KG","img":"https://fd2-photos.leclercdrive.fr/image.ashx?id=2734150&use=l&cat=p&typeid=i","cat":315229},{"id":64284,"n":"Lait chèvre demi-écrémé Lactel UHT Bouteille - 6x50cl","p":8.74,"u":"2,91 €/L","img":"https://fd2-photos.leclercdrive.fr/image.ashx?id=2178049&use=l&cat=p&typeid=i","cat":295251},{"id":64487,"n":"Gin Beefeater 40% vol. - 70cl","p":18.03,"u":"25,76 €/L","img":"https://fd2-photos.leclercdrive.fr/image.ashx?id=2859080&use=l&cat=p&typeid=i","cat":284550},{"id":64493,"n":"Liquide vaisselle Rainett Citron vert - 750ml","p":1.59,"u":"2,12 €/L","img":"https://fd2-photos.leclercdrive.fr/image.ashx?id=2293096&use=l&cat=p&typeid=i","cat":284655},{"id":64627,"n":"Coquilles Saint Jacques Tipiak Normandes - x4 - 360g","p":6.78,"u":"4,71 €/KG","img":"https://fd2-photos.leclercdrive.fr/image.ashx?id=2560825&use=l&cat=p&typeid=i","cat":319775},{"id":64630,"n":"Coquilles Saint Jacques Tipiak Fond de poireaux - 4x90g","p":6.34,"u":"17,61 €/KG","img":"https://fd2-photos.leclercdrive.fr/image.ashx?id=2560978&use=l&cat=p&typeid=i","cat":319775},{"id":64666,"n":"Gâteaux moelleux Kinder Délice Coeur lait enrobé Cacao - x10","p":3.18,"u":"8,15 €/KG","img":"https://fd2-photos.leclercdrive.fr/image.ashx?id=2832476&use=l&cat=p&typeid=i","cat":284495},{"id":64680,"n":"Soupe liquide Liebig Potiron Kiri Brique - 2x30cl","p":2.09,"u":"3,48 €/L","img":"https://fd2-photos.leclercdrive.fr/image.ashx?id=2892136&use=l&cat=p&typeid=i","cat":284462},{"id":64685,"n":"Soupe liquide Liebig  Potiron - 2x30cl","p":1.99,"u":"3,32 €/L","img":"https://fd2-photos.leclercdrive.fr/image.ashx?id=2369915&use=l&cat=p&typeid=i","cat":284462},{"id":64686,"n":"Soupe liquide brique Liebig  Velouté légumes soleil - 2x30cl","p":1.79,"u":"2,98 €/L","img":"https://fd2-photos.leclercdrive.fr/image.ashx?id=2203382&use=l&cat=p&typeid=i","cat":284462},{"id":64692,"n":"Chocolat Pâtissier Nestlé Dessert - Noir corsé - 200g","p":3.08,"u":"15,40 €/KG","img":"https://fd2-photos.leclercdrive.fr/image.ashx?id=2889895&use=l&cat=p&typeid=i","cat":285562},{"id":64696,"n":"Culotte femme Confort Depend Taille 44-52 (L) - x9","p":7.87,"u":"0,87 €/P","img":"https://fd2-photos.leclercdrive.fr/image.ashx?id=2109695&use=l&cat=p&typeid=i","cat":284628},{"id":64889,"n":"Végétal Nuggets Garden Gourmet Soja et Blé 200g","p":2.59,"u":"12,95 €/KG","img":"https://fd2-photos.leclercdrive.fr/image.ashx?id=2963967&use=l&cat=p&typeid=i","cat":316036},{"id":64890,"n":"Bouchée Grillée Garden Gourmet Soja et Blé 175g","p":2.88,"u":"16,46 €/KG","img":"https://fd2-photos.leclercdrive.fr/image.ashx?id=2971392&use=l&cat=p&typeid=i","cat":316036},{"id":64897,"n":"Tortellini à poêler Lustucru Jambon emmental - 300g","p":1.8,"u":"6,00 €/KG","img":"https://fd2-photos.leclercdrive.fr/image.ashx?id=2792393&use=l&cat=p&typeid=i","cat":333682},{"id":64910,"n":"Secret de mousse La Laitière Citron - 4x59g","p":1.58,"u":"6,69 €/KG","img":"https://fd2-photos.leclercdrive.fr/image.ashx?id=2616532&use=l&cat=p&typeid=i","cat":284417},{"id":64913,"n":"Yaourt à boire Actimel nature et fraise - 8x100g","p":3.52,"u":"4,40 €/KG","img":"https://fd2-photos.leclercdrive.fr/image.ashx?id=2996467&use=l&cat=p&typeid=i","cat":284415},{"id":64929,"n":"Collants Body Touch Dim Voile noir - Taille 1","p":6.95,"img":"https://fd2-photos.leclercdrive.fr/image.ashx?id=2862077&use=l&cat=p&typeid=i","cat":334130},{"id":64940,"n":"Collants Sublim brillant Dim Gazelle - Taille 1","p":4.61,"img":"https://fd2-photos.leclercdrive.fr/image.ashx?id=2018589&use=l&cat=p&typeid=i","cat":334130},{"id":64941,"n":"Collants Sublim brillant Dim Gazelle - Taille 2","p":4.61,"img":"https://fd2-photos.leclercdrive.fr/image.ashx?id=2183440&use=l&cat=p&typeid=i","cat":334130},{"id":64942,"n":"Colllants Sublim brillant Dim Gazelle - Taille 3","p":4.61,"img":"https://fd2-photos.leclercdrive.fr/image.ashx?id=2183443&use=l&cat=p&typeid=i","cat":334130},{"id":64946,"n":"Collants Diam's Dim Voile galbe Noir - Taille 1","p":5.81,"img":"https://fd2-photos.leclercdrive.fr/image.ashx?id=2497076&use=l&cat=p&typeid=i","cat":334130},{"id":64947,"n":"Collants Diam's Dim Voile galbe Noir - Taille 2","p":5.81,"img":"https://fd2-photos.leclercdrive.fr/image.ashx?id=2497079&use=l&cat=p&typeid=i","cat":334130},{"id":64964,"n":"Eau minérale gazeuse Quezac 6x1.15L","p":2.75,"u":"0,40 €/L","img":"https://fd2-photos.leclercdrive.fr/image.ashx?id=2975341&use=l&cat=p&typeid=i","cat":284536},{"id":64979,"n":"AOP Fronton rosé Croix Dourdenne - 75 cl","p":4.47,"u":"5,96 €/L","img":"https://fd2-photos.leclercdrive.fr/image.ashx?id=2020971&use=l&cat=p&typeid=i","cat":289558},{"id":64980,"n":"Parmentier de canard  Maison Tino - 750g","p":10.79,"u":"14,39 €/KG","img":"https://fd2-photos.leclercdrive.fr/image.ashx?id=2554656&use=l&cat=p&typeid=i","cat":333666},{"id":64983,"n":"Parmentier de boeuf Maison Tino -  750g","p":10.71,"u":"14,28 €/KG","img":"https://fd2-photos.leclercdrive.fr/image.ashx?id=2554650&use=l&cat=p&typeid=i","cat":333666},{"id":64984,"n":"Lasagne de Boeuf  Maison Tino - 900g","p":8.86,"u":"9,84 €/KG","img":"https://fd2-photos.leclercdrive.fr/image.ashx?id=2681829&use=l&cat=p&typeid=i","cat":333666},{"id":64985,"n":"Galettes Maison Tino-Oignons Pommes de terre + lardons x4","p":4.59,"u":"10,43 €/KG","img":"https://fd2-photos.leclercdrive.fr/image.ashx?id=1793409&use=l&cat=p&typeid=i","cat":333671},{"id":65001,"n":"Boulettes de boeuf Bigard  nature x15 - 300g","p":5.95,"u":"15,87 €/KG","img":"https://fd2-photos.leclercdrive.fr/image.ashx?id=2208336&use=l&cat=p&typeid=i","cat":284332},{"id":65044,"n":"Biscuits petit déjeuner Belvita Miel & pépites chocolat - 435g","p":2.68,"u":"6,16 €/KG","img":"https://fd2-photos.leclercdrive.fr/image.ashx?id=2989441&use=l&cat=p&typeid=i","cat":284491},{"id":65255,"n":"Collants Diam's Dim Ventre plat Noir - Taille 3","p":9.85,"img":"https://fd2-photos.leclercdrive.fr/image.ashx?id=2636802&use=l&cat=p&typeid=i","cat":334130},{"id":65257,"n":"Collants Diam's Dim Ventre plat Noir - Taille 4","p":9.85,"img":"https://fd2-photos.leclercdrive.fr/image.ashx?id=2636808&use=l&cat=p&typeid=i","cat":334130},{"id":65292,"n":"Collants Well Elastivoile Affinant Ibiza T1","p":5.15,"img":"https://fd2-photos.leclercdrive.fr/image.ashx?id=2056455&use=l&cat=p&typeid=i","cat":334130},{"id":65293,"n":"Collants Well Elastivoile Affinant Ibiza  T2","p":5.15,"img":"https://fd2-photos.leclercdrive.fr/image.ashx?id=2056458&use=l&cat=p&typeid=i","cat":334130},{"id":65294,"n":"Collants Well Elastivoile Affinant Ibiza T3","p":5.15,"img":"https://fd2-photos.leclercdrive.fr/image.ashx?id=2056461&use=l&cat=p&typeid=i","cat":334130},{"id":65295,"n":"Collants Well Elastivoile Affinant Ibiza T4","p":5.15,"img":"https://fd2-photos.leclercdrive.fr/image.ashx?id=2056464&use=l&cat=p&typeid=i","cat":334130},{"id":65297,"n":"Collant Well Morphologie  Regular Opaque noir / -1m65","p":5.84,"img":"https://fd2-photos.leclercdrive.fr/image.ashx?id=2254736&use=l&cat=p&typeid=i","cat":334130},{"id":65299,"n":"Collants Well Morphologie Form Opaque noir / -1m65","p":5.84,"img":"https://fd2-photos.leclercdrive.fr/image.ashx?id=2193236&use=l&cat=p&typeid=i","cat":334130},{"id":65303,"n":"Collant Well Morphologie  Regular Opaque noir / +1m65","p":5.84,"img":"https://fd2-photos.leclercdrive.fr/image.ashx?id=2254739&use=l&cat=p&typeid=i","cat":334130},{"id":65304,"n":"Collant Well Morphologie Form Opaque noir / +1m65","p":5.84,"img":"https://fd2-photos.leclercdrive.fr/image.ashx?id=2193236&use=l&cat=p&typeid=i","cat":334130},{"id":65336,"n":"Café dosettes Tassimo L'Or Espresso Splendente x16","p":4.8,"u":"42,86 €/KG","img":"https://fd2-photos.leclercdrive.fr/image.ashx?id=2853404&use=l&cat=p&typeid=i","cat":293240},{"id":65337,"n":"Epices pour fajitas Old El Paso doux - 30g","p":1.1,"u":"36,67 €/KG","img":"https://fd2-photos.leclercdrive.fr/image.ashx?id=2737702&use=l&cat=p&typeid=i","cat":288993},{"id":65341,"n":"Bonbons LUTTI Koala Guimauve Chocolat - 185g","p":1.55,"u":"8,38 €/KG","img":"https://fd2-photos.leclercdrive.fr/image.ashx?id=2806147&use=l&cat=p&typeid=i","cat":304250},{"id":65342,"n":"Bonbons LUTTI Surffizz Piquants Fruits - 200g","p":1.17,"u":"5,85 €/KG","img":"https://fd2-photos.leclercdrive.fr/image.ashx?id=2806144&use=l&cat=p&typeid=i","cat":304250},{"id":65366,"n":"Bière blonde Affligem Pack 6.7% vol. - 20x25cl","p":15.6,"u":"3,12 €/L","img":"https://fd2-photos.leclercdrive.fr/image.ashx?id=2774274&use=l&cat=p&typeid=i","cat":334852},{"id":65747,"n":"Sauce Tomate Sacla'Italia A la burrata - 190g","p":2.97,"u":"15,63 €/KG","img":"https://fd2-photos.leclercdrive.fr/image.ashx?id=2507080&use=l&cat=p&typeid=i","cat":287599},{"id":65926,"n":"Guacamole Extra l'Atelier Blini 175g","p":3.45,"u":"19,71 €/KG","img":"https://fd2-photos.leclercdrive.fr/image.ashx?id=2852504&use=l&cat=p&typeid=i","cat":315999},{"id":65932,"n":"Pizza Dolce Sodebo Capri chèvre coppa - 380g","p":4.13,"u":"10,87 €/KG","img":"https://fd2-photos.leclercdrive.fr/image.ashx?id=2889412&use=l&cat=p&typeid=i","cat":333679},{"id":65970,"n":"Crème légère fluide Bridélice 12%MG - 3x20cl","p":2.34,"u":"3,90 €/L","img":"https://fd2-photos.leclercdrive.fr/image.ashx?id=2904736&use=l&cat=p&typeid=i","cat":284381},{"id":65972,"n":"Poires Douceur du Verger Sirop léger - 225 g","p":1.32,"u":"5,87 €/KG","img":"https://fd2-photos.leclercdrive.fr/image.ashx?id=2783017&use=l&cat=p&typeid=i","cat":284507},{"id":65973,"n":"Abricots Douceur du Verger Sirop léger - 235 g","p":1.44,"u":"6,13 €/KG","img":"https://fd2-photos.leclercdrive.fr/image.ashx?id=2622891&use=l&cat=p&typeid=i","cat":284507},{"id":65977,"n":"Bière aromatisée Mûre Myrtille  4,5°- 6x25cl","p":4.97,"u":"3,31 €/L","img":"https://fd2-photos.leclercdrive.fr/image.ashx?id=2164213&use=l&cat=p&typeid=i","cat":334878},{"id":66076,"n":"Bière ambrée Bio Jade  4.5%vol - 6x25cl","p":5.92,"u":"3,95 €/L","img":"https://fd2-photos.leclercdrive.fr/image.ashx?id=2518154&use=l&cat=p&typeid=i","cat":334852},{"id":66257,"n":"Colin pané Alaska Cité Marine MSC - 220g","p":3.4,"u":"15,45 €/KG","img":"https://fd2-photos.leclercdrive.fr/image.ashx?id=1908760&use=l&cat=p&typeid=i","cat":284344},{"id":66266,"n":"Brioche tranchée Pasquier Tranches gourmandes - 450g","p":2.2,"u":"4,89 €/KG","img":"https://fd2-photos.leclercdrive.fr/image.ashx?id=2850940&use=l&cat=p&typeid=i","cat":284478},{"id":66279,"n":"Roquefort AOP Les croisés - 32%mg - 100g","p":2.15,"u":"21,50 €/KG","img":"https://fd2-photos.leclercdrive.fr/image.ashx?id=2562885&use=l&cat=p&typeid=i","cat":314032},{"id":66282,"n":"Bresaola Saint-Azay 7 tranches - 70g","p":2.99,"u":"42,71 €/KG","img":"https://fd2-photos.leclercdrive.fr/image.ashx?id=2946460&use=l&cat=p&typeid=i","cat":316007},{"id":66293,"n":"Eau aromatisée Volvic juicy jus de fraise - 6x50cl","p":3.73,"u":"1,24 €/L","img":"https://fd2-photos.leclercdrive.fr/image.ashx?id=2961996&use=l&cat=p&typeid=i","cat":284537},{"id":66356,"n":"Café Soluble Nescafé  Cappuccino Classique - 280g","p":4.21,"u":"15,04 €/KG","img":"https://fd2-photos.leclercdrive.fr/image.ashx?id=2918044&use=l&cat=p&typeid=i","cat":284843},{"id":66359,"n":"Café moulu Jacques Vabre Colombie 100% Arabica - 250g","p":4.56,"u":"18,24 €/KG","img":"https://fd2-photos.leclercdrive.fr/image.ashx?id=2570754&use=l&cat=p&typeid=i","cat":284750},{"id":66555,"n":"Café moulu Bio Village Bio Ethiopie - 250g","p":4.35,"u":"17,40 €/KG","img":"https://fd2-photos.leclercdrive.fr/image.ashx?id=2468876&use=l&cat=p&typeid=i","cat":284750},{"id":66570,"n":"Glace Extrême Nestle Vanille chocolat - 544g","p":5.81,"u":"581,00 €/L","img":"https://fd2-photos.leclercdrive.fr/image.ashx?id=2375403&use=l&cat=p&typeid=i","cat":284264},{"id":66651,"n":"Doonuts nappés St Michel 180g","p":1.7,"u":"9,44 €/KG","img":"https://fd2-photos.leclercdrive.fr/image.ashx?id=2928495&use=l&cat=p&typeid=i","cat":284495},{"id":66652,"n":"Doonuts marbrés St Michel 180g","p":1.75,"u":"9,72 €/KG","img":"https://fd2-photos.leclercdrive.fr/image.ashx?id=2962299&use=l&cat=p&typeid=i","cat":284495},{"id":66746,"n":"Tomme de brebis Lou Pérac Fromage de brebis - 200g","p":3.9,"u":"19,50 €/KG","img":"https://fd2-photos.leclercdrive.fr/image.ashx?id=2758840&use=l&cat=p&typeid=i","cat":329184},{"id":66747,"n":"Ma Crème anglaise Bridélice UHT - 50cl","p":1.98,"u":"3,96 €/L","img":"https://fd2-photos.leclercdrive.fr/image.ashx?id=2643086&use=l&cat=p&typeid=i","cat":284382},{"id":66751,"n":"Boisson à l'amande Végé 1L Végé - 200g","p":1.85,"u":"1,85 €/L","img":"https://fd2-photos.leclercdrive.fr/image.ashx?id=2874699&use=l&cat=p&typeid=i","cat":316067},{"id":66752,"n":"Boisson au riz Végé 1L Végé - 200g","p":1.55,"u":"1,55 €/L","img":"https://fd2-photos.leclercdrive.fr/image.ashx?id=2852112&use=l&cat=p&typeid=i","cat":316067},{"id":66754,"n":"Boisson a l'avoine Végé 1L Végé - 200g","p":1.47,"u":"1,47 €/L","img":"https://fd2-photos.leclercdrive.fr/image.ashx?id=2869501&use=l&cat=p&typeid=i","cat":316067},{"id":66755,"n":"Boisson à la noisette Végé 1L Végé - 200g","p":1.79,"u":"1,79 €/L","img":"https://fd2-photos.leclercdrive.fr/image.ashx?id=2869504&use=l&cat=p&typeid=i","cat":316067},{"id":66756,"n":"Calzone Turini Jambon fromage gratinée 380g","p":3.09,"u":"8,13 €/KG","img":"https://fd2-photos.leclercdrive.fr/image.ashx?id=2289165&use=l&cat=p&typeid=i","cat":333679},{"id":66757,"n":"Soja cuisine Bio Bio Village Végétal - 25cl","p":0.95,"u":"3,80 €/L","img":"https://fd2-photos.leclercdrive.fr/image.ashx?id=2791060&use=l&cat=p&typeid=i","cat":316069},{"id":66761,"n":"Mini gratins Côté Table Légumes du soleil - 400g","p":3.69,"u":"9,23 €/KG","img":"https://fd2-photos.leclercdrive.fr/image.ashx?id=2059098&use=l&cat=p&typeid=i","cat":319802},{"id":66772,"n":"Gésiers de volaille Provençale - 300g","p":2.49,"u":"8,30 €/KG","img":"https://fd2-photos.leclercdrive.fr/image.ashx?id=2814872&use=l&cat=p&typeid=i","cat":284715},{"id":66804,"n":"Biscuits Nutella B-ready Cacao Noisettes - 220g","p":2.84,"u":"12,91 €/KG","img":"https://fd2-photos.leclercdrive.fr/image.ashx?id=2630784&use=l&cat=p&typeid=i","cat":284488},{"id":66834,"n":"Gel coiffant Vitanove Fixation extrême - 250ml","p":1.62,"u":"6,48 €/L","img":"https://fd2-photos.leclercdrive.fr/image.ashx?id=2294342&use=l&cat=p&typeid=i","cat":284609},{"id":66837,"n":"Gel coiffant Vitanove  Fixation extra forte - 250ml","p":1.21,"u":"4,84 €/L","img":"https://fd2-photos.leclercdrive.fr/image.ashx?id=2291411&use=l&cat=p&typeid=i","cat":284609},{"id":66838,"n":"Gel coiffant Vitanove  Fixation béton - 250ml","p":1.61,"u":"6,44 €/L","img":"https://fd2-photos.leclercdrive.fr/image.ashx?id=2823087&use=l&cat=p&typeid=i","cat":284609},{"id":66841,"n":"Déodorant bille Manava Grenade - 50ml","p":0.99,"u":"19,80 €/L","img":"https://fd2-photos.leclercdrive.fr/image.ashx?id=2481234&use=l&cat=p&typeid=i","cat":284595},{"id":66844,"n":"Bandes de cire froide Siliss Jambes - x20","p":2.3,"u":"0,12 €/P","img":"https://fd2-photos.leclercdrive.fr/image.ashx?id=2699705&use=l&cat=p&typeid=i","cat":325351},{"id":66963,"n":"Brandade morue parmentière NRT MSC - 400g","p":3.99,"u":"9,98 €/KG","img":"https://fd2-photos.leclercdrive.fr/image.ashx?id=2991088&use=l&cat=p&typeid=i","cat":285340},{"id":66965,"n":"Matière grasse Primevere Oméga 3 - 55% - 500g","p":2.96,"u":"5,92 €/KG","img":"https://fd2-photos.leclercdrive.fr/image.ashx?id=2939328&use=l&cat=p&typeid=i","cat":315229},{"id":66967,"n":"Matière grasse Primevere 63%MG - oméga 3 - 500g","p":3.28,"u":"6,56 €/KG","img":"https://fd2-photos.leclercdrive.fr/image.ashx?id=2936044&use=l&cat=p&typeid=i","cat":315229},{"id":66968,"n":"Beurre tendre Président Doux - 82% MG - 250g","p":3.16,"u":"12,64 €/KG","img":"https://fd2-photos.leclercdrive.fr/image.ashx?id=2811944&use=l&cat=p&typeid=i","cat":284379},{"id":66969,"n":"Pommes de terre Notre Jardin En lamelle - 500g","p":1.38,"u":"2,76 €/KG","img":"https://fd2-photos.leclercdrive.fr/image.ashx?id=2670335&use=l&cat=p&typeid=i","cat":284352},{"id":66977,"n":"Quenelles Bio Bio Village 320g","p":3.49,"u":"10,91 €/KG","img":"https://fd2-photos.leclercdrive.fr/image.ashx?id=2867290&use=l&cat=p&typeid=i","cat":333682},{"id":66981,"n":"Truite fumée de bretagne Ovive 120g","p":5.08,"u":"42,33 €/KG","img":"https://fd2-photos.leclercdrive.fr/image.ashx?id=2780304&use=l&cat=p&typeid=i","cat":285188},{"id":66982,"n":"Truite eau douce Ronde des Mers x4 tranches - 100g","p":3.24,"u":"32,40 €/KG","img":"https://fd2-photos.leclercdrive.fr/image.ashx?id=2839924&use=l&cat=p&typeid=i","cat":285188},{"id":66985,"n":"Roulés au fromage Côté Table x2 - 260g","p":2.32,"u":"8,92 €/KG","img":"https://fd2-photos.leclercdrive.fr/image.ashx?id=2794838&use=l&cat=p&typeid=i","cat":333671},{"id":66989,"n":"Yaourt bifidus Activia céréales noix - 4x120g","p":1.92,"u":"4,00 €/KG","img":"https://fd2-photos.leclercdrive.fr/image.ashx?id=2901623&use=l&cat=p&typeid=i","cat":315000},{"id":66992,"n":"Sauce grand veneur Charal 120g","p":2.0,"u":"16,67 €/KG","img":"https://fd2-photos.leclercdrive.fr/image.ashx?id=2144275&use=l&cat=p&typeid=i","cat":327293},{"id":67042,"n":"Vin du Chili rouge Cabernet Sauvignon Gato Negro 75cl","p":4.49,"u":"5,99 €/L","img":"https://fd2-photos.leclercdrive.fr/image.ashx?id=2846168&use=l&cat=p&typeid=i","cat":289556},{"id":67071,"n":"Fromage Maroilles Fauquet  Quart AOP - 210g","p":3.15,"u":"15,00 €/KG","img":"https://fd2-photos.leclercdrive.fr/image.ashx?id=2834509&use=l&cat=p&typeid=i","cat":329558},{"id":67168,"n":"Yaourt à boire Actimel fruits pêche gelée royale - 12x100g","p":4.93,"u":"4,11 €/KG","img":"https://fd2-photos.leclercdrive.fr/image.ashx?id=2996473&use=l&cat=p&typeid=i","cat":284415},{"id":67171,"n":"yaourt à boire danonino fraise framboise - 8x100g","p":2.71,"u":"3,39 €/KG","img":"https://fd2-photos.leclercdrive.fr/image.ashx?id=2865608&use=l&cat=p&typeid=i","cat":284415},{"id":67305,"n":"Cordon de poulet Maître Coq A la Normande - 800g","p":7.7,"u":"9,63 €/KG","img":"https://fd2-photos.leclercdrive.fr/image.ashx?id=2426935&use=l&cat=p&typeid=i","cat":333683},{"id":67378,"n":"Sirop Eco+ Grenadine - 1L","p":1.71,"u":"1,71 €/L","img":"https://fd2-photos.leclercdrive.fr/image.ashx?id=2901419&use=l&cat=p&typeid=i","cat":295020},{"id":67421,"n":"Soupe Bio Mouliné Knorr Légumes du potager - 1L","p":3.28,"u":"3,28 €/L","img":"https://fd2-photos.leclercdrive.fr/image.ashx?id=2312578&use=l&cat=p&typeid=i","cat":284462},{"id":67459,"n":"Haricots blancs Eco+ 530g","p":0.95,"u":"1,79 €/KG","img":"https://fd2-photos.leclercdrive.fr/image.ashx?id=3003717&use=l&cat=p&typeid=i","cat":312606},{"id":67460,"n":"Champignons Pieds morceaux - 460g","p":1.42,"u":"3,09 €/KG","img":"https://fd2-photos.leclercdrive.fr/image.ashx?id=1959981&use=l&cat=p&typeid=i","cat":312610},{"id":67522,"n":"Chili con carne Côté Table Au piment de Cayenne - 400g","p":1.65,"u":"4,13 €/KG","img":"https://fd2-photos.leclercdrive.fr/image.ashx?id=2977174&use=l&cat=p&typeid=i","cat":325094},{"id":67568,"n":"Curry moulu Rustica 42g","p":0.55,"u":"13,10 €/KG","img":"https://fd2-photos.leclercdrive.fr/image.ashx?id=2772975&use=l&cat=p&typeid=i","cat":298297},{"id":67569,"n":"Oignon semoule Rustica Déshydraté - 30g","p":0.99,"u":"33,00 €/KG","img":"https://fd2-photos.leclercdrive.fr/image.ashx?id=2772978&use=l&cat=p&typeid=i","cat":298297},{"id":67570,"n":"Poivre noir moulu Rustica Indonésie - 38g","p":0.81,"u":"21,32 €/KG","img":"https://fd2-photos.leclercdrive.fr/image.ashx?id=2797793&use=l&cat=p&typeid=i","cat":284457},{"id":67571,"n":"Poivre noir Rustica Moulin - 28g","p":1.22,"u":"43,57 €/KG","img":"https://fd2-photos.leclercdrive.fr/image.ashx?id=1691339&use=l&cat=p&typeid=i","cat":284457},{"id":67573,"n":"Cumin moulu Rustica 32g","p":0.59,"u":"18,44 €/KG","img":"https://fd2-photos.leclercdrive.fr/image.ashx?id=1209758&use=l&cat=p&typeid=i","cat":298297},{"id":67620,"n":"Persil Rustica 5g","p":0.39,"u":"78,00 €/KG","img":"https://fd2-photos.leclercdrive.fr/image.ashx?id=2772969&use=l&cat=p&typeid=i","cat":298297},{"id":67621,"n":"Paprika doux moulu Rustica  40g","p":0.49,"u":"12,25 €/KG","img":"https://fd2-photos.leclercdrive.fr/image.ashx?id=2772966&use=l&cat=p&typeid=i","cat":298297},{"id":67622,"n":"Thym Rustica 14g","p":0.4,"u":"28,57 €/KG","img":"https://fd2-photos.leclercdrive.fr/image.ashx?id=2797784&use=l&cat=p&typeid=i","cat":298297},{"id":67652,"n":"Poivre gris moulu Flacon - 36g","p":1.11,"u":"30,83 €/KG","img":"https://fd2-photos.leclercdrive.fr/image.ashx?id=2797778&use=l&cat=p&typeid=i","cat":284457},{"id":67653,"n":"Gingembre moulu Rustica 27g","p":1.19,"u":"44,07 €/KG","img":"https://fd2-photos.leclercdrive.fr/image.ashx?id=2797796&use=l&cat=p&typeid=i","cat":298297},{"id":67654,"n":"Ail semoule Bio Village Bio 56g","p":1.99,"u":"35,54 €/KG","img":"https://fd2-photos.leclercdrive.fr/image.ashx?id=2991461&use=l&cat=p&typeid=i","cat":298297},{"id":67667,"n":"Purée de tomate Panzani Tomacouli nature - 500g","p":0.94,"u":"1,88 €/KG","img":"https://fd2-photos.leclercdrive.fr/image.ashx?id=2979623&use=l&cat=p&typeid=i","cat":288384},{"id":67678,"n":"Curcuma moulu Rustica 37g","p":0.66,"u":"17,84 €/KG","img":"https://fd2-photos.leclercdrive.fr/image.ashx?id=2772981&use=l&cat=p&typeid=i","cat":298297},{"id":67679,"n":"Estragon Rustica 7g","p":0.79,"u":"112,86 €/KG","img":"https://fd2-photos.leclercdrive.fr/image.ashx?id=2772993&use=l&cat=p&typeid=i","cat":298297},{"id":67680,"n":"Herbes de provence Rustica 120g","p":2.6,"u":"21,67 €/KG","img":"https://fd2-photos.leclercdrive.fr/image.ashx?id=2907228&use=l&cat=p&typeid=i","cat":298297},{"id":67681,"n":"Herbes de Provence Rustica 18g","p":0.41,"u":"22,78 €/KG","img":"https://fd2-photos.leclercdrive.fr/image.ashx?id=1210398&use=l&cat=p&typeid=i","cat":298297},{"id":67682,"n":"Noix de Muscade Rustica Moulue - 32g","p":1.36,"u":"42,50 €/KG","img":"https://fd2-photos.leclercdrive.fr/image.ashx?id=2772996&use=l&cat=p&typeid=i","cat":298297},{"id":67683,"n":"Persillade Rustica 95g","p":1.74,"u":"18,32 €/KG","img":"https://fd2-photos.leclercdrive.fr/image.ashx?id=2932668&use=l&cat=p&typeid=i","cat":298297},{"id":67693,"n":"Piment de Cayenne Rustica 38g","p":1.09,"u":"28,68 €/KG","img":"https://fd2-photos.leclercdrive.fr/image.ashx?id=2932671&use=l&cat=p&typeid=i","cat":298297},{"id":67712,"n":"Yaourts nature Délisse Au lait chèvre - 4x125g","p":1.84,"u":"3,68 €/KG","img":"https://fd2-photos.leclercdrive.fr/image.ashx?id=1847192&use=l&cat=p&typeid=i","cat":314998},{"id":67715,"n":"Liégeois Délisse Pistache - 4x100g","p":1.62,"u":"4,05 €/KG","img":"https://fd2-photos.leclercdrive.fr/image.ashx?id=2652514&use=l&cat=p&typeid=i","cat":285042},{"id":67807,"n":"Nettoyant spray Clair Javel - Cuisine - 750ml","p":1.73,"u":"2,31 €/L","img":"https://fd2-photos.leclercdrive.fr/image.ashx?id=1935847&use=l&cat=p&typeid=i","cat":325357},{"id":67885,"n":"Crème fraîche épaisse Président Entière 30%mg - 45cl","p":2.27,"u":"5,04 €/L","img":"https://fd2-photos.leclercdrive.fr/image.ashx?id=2971948&use=l&cat=p&typeid=i","cat":284381},{"id":67915,"n":"Baby carottes Florette 250g","p":2.19,"u":"8,76 €/KG","img":"https://fd2-photos.leclercdrive.fr/image.ashx?id=2786492&use=l&cat=p&typeid=i","cat":284352},{"id":67916,"n":"Croq' Radis Florette Sachet 200g","p":2.2,"u":"11,00 €/KG","img":"https://fd2-photos.leclercdrive.fr/image.ashx?id=2859344&use=l&cat=p&typeid=i","cat":284352},{"id":68009,"n":"Yaourt Enfant Petits Filous Fruits Mixés Panaché - 18x50g","p":2.64,"u":"2,93 €/KG","img":"https://fd2-photos.leclercdrive.fr/image.ashx?id=2767362&use=l&cat=p&typeid=i","cat":284414},{"id":68010,"n":"Crème dessert Bio Les 2 vaches Vanille - 4x95g","p":1.64,"u":"4,32 €/KG","img":"https://fd2-photos.leclercdrive.fr/image.ashx?id=2774015&use=l&cat=p&typeid=i","cat":285041},{"id":68011,"n":"Crème dessert Bio Les 2 vaches Caramel - 4x95g","p":1.64,"u":"4,32 €/KG","img":"https://fd2-photos.leclercdrive.fr/image.ashx?id=2774097&use=l&cat=p&typeid=i","cat":285041},{"id":68012,"n":"Crème dessert Bio Les 2 vaches Chocolat - 4x95g","p":1.64,"u":"4,32 €/KG","img":"https://fd2-photos.leclercdrive.fr/image.ashx?id=2774100&use=l&cat=p&typeid=i","cat":285041},{"id":68088,"n":"Cannelle Rustica 39g","p":0.88,"u":"22,56 €/KG","img":"https://fd2-photos.leclercdrive.fr/image.ashx?id=2772960&use=l&cat=p&typeid=i","cat":298297},{"id":68090,"n":"Champignons Bio Village Bio Emincés - 170g","p":2.25,"u":"13,24 €/KG","img":"https://fd2-photos.leclercdrive.fr/image.ashx?id=2613294&use=l&cat=p&typeid=i","cat":312610},{"id":68093,"n":"Champignons Paris Notre Jardin Entiers - 2x115g","p":1.85,"u":"8,04 €/KG","img":"https://fd2-photos.leclercdrive.fr/image.ashx?id=2724699&use=l&cat=p&typeid=i","cat":312610},{"id":68095,"n":"Yaourt à la grecque YAOS Nature lit de fraises 4x125g","p":2.36,"u":"4,72 €/KG","img":"https://fd2-photos.leclercdrive.fr/image.ashx?id=2729734&use=l&cat=p&typeid=i","cat":314999},{"id":68097,"n":"Yaourt à la grecque YAOS Citron - 4x125g","p":2.55,"u":"5,10 €/KG","img":"https://fd2-photos.leclercdrive.fr/image.ashx?id=2578672&use=l&cat=p&typeid=i","cat":314999},{"id":68172,"n":"Fromage à raclette Ermitage nature, fumé, poivres - 800g","p":9.99,"u":"12,49 €/KG","img":"https://fd2-photos.leclercdrive.fr/image.ashx?id=2732464&use=l&cat=p&typeid=i","cat":314036},{"id":68178,"n":"Jambon nature Grill Petitgas -25% de sel - x4 - 320g","p":4.97,"u":"15,53 €/KG","img":"https://fd2-photos.leclercdrive.fr/image.ashx?id=2179992&use=l&cat=p&typeid=i","cat":316009},{"id":68214,"n":"Biscuits Petits Cœurs LU Chocolat - 125g","p":1.13,"u":"9,04 €/KG","img":"https://fd2-photos.leclercdrive.fr/image.ashx?id=3002021&use=l&cat=p&typeid=i","cat":284488},{"id":68215,"n":"Biscuits Kango LU Chocolat - 225g","p":1.98,"u":"8,80 €/KG","img":"https://fd2-photos.leclercdrive.fr/image.ashx?id=2941508&use=l&cat=p&typeid=i","cat":284488},{"id":68276,"n":"Déodorant Carré Homme Marine Ice boost - 100ml","p":1.12,"u":"11,20 €/L","img":"https://fd2-photos.leclercdrive.fr/image.ashx?id=2440748&use=l&cat=p&typeid=i","cat":284618},{"id":68277,"n":"Déodorant Carré Homme Anti-transpirant - 100ml","p":1.12,"u":"11,20 €/L","img":"https://fd2-photos.leclercdrive.fr/image.ashx?id=2618232&use=l&cat=p&typeid=i","cat":284618},{"id":68278,"n":"Recharge gel lavant Manava Hypoallergénique - 250ml","p":0.66,"u":"2,64 €/L","img":"https://fd2-photos.leclercdrive.fr/image.ashx?id=2935537&use=l&cat=p&typeid=i","cat":284597},{"id":68399,"n":"Poisson pané Double délice   Findus x8 - 600g","p":5.08,"u":"8,47 €/KG","img":"https://fd2-photos.leclercdrive.fr/image.ashx?id=2679594&use=l&cat=p&typeid=i","cat":319788},{"id":68425,"n":"Papier toilette Lotus XXL blanc - x6","p":4.14,"u":"0,69 €/P","img":"https://fd2-photos.leclercdrive.fr/image.ashx?id=2843968&use=l&cat=p&typeid=i","cat":284634},{"id":68432,"n":"Gel WC Syphon Activ'Effect Fraîcheur pin - 750ml","p":0.74,"u":"0,99 €/L","img":"https://fd2-photos.leclercdrive.fr/image.ashx?id=2388382&use=l&cat=p&typeid=i","cat":284662},{"id":68433,"n":"Destructeur d'odeurs Bien air Escapade forêt - 250ml","p":2.42,"u":"9,68 €/L","img":"https://fd2-photos.leclercdrive.fr/image.ashx?id=2593465&use=l&cat=p&typeid=i","cat":311626},{"id":68434,"n":"Destructeur d'odeurs Bien air Printemps Japon - 250ml","p":2.42,"u":"9,68 €/L","img":"https://fd2-photos.leclercdrive.fr/image.ashx?id=2593468&use=l&cat=p&typeid=i","cat":311626},{"id":68445,"n":"Recharge crème lavante Manava Framboise pivoine - 250ml","p":0.57,"u":"2,28 €/L","img":"https://fd2-photos.leclercdrive.fr/image.ashx?id=2935510&use=l&cat=p&typeid=i","cat":284597},{"id":68447,"n":"Stick désodorisant Bien Air Agrumes - x2","p":2.03,"img":"https://fd2-photos.leclercdrive.fr/image.ashx?id=1858493&use=l&cat=p&typeid=i","cat":311628},{"id":68453,"n":"Gel lavant Manava Hypoallergénique - 300ml","p":1.05,"u":"3,50 €/L","img":"https://fd2-photos.leclercdrive.fr/image.ashx?id=2935528&use=l&cat=p&typeid=i","cat":284597},{"id":68454,"n":"Savon noir Clair Mou - 1kg","p":4.3,"u":"4,30 €/KG","img":"https://fd2-photos.leclercdrive.fr/image.ashx?id=2874383&use=l&cat=p&typeid=i","cat":284907},{"id":68455,"n":"Gel nettoyant Syphon Entretien menthe - 1L","p":2.89,"u":"2,89 €/L","img":"https://fd2-photos.leclercdrive.fr/image.ashx?id=2943659&use=l&cat=p&typeid=i","cat":284908},{"id":68475,"n":"Culotte Chorys Médium nuit - x12","p":8.56,"u":"0,71 €/P","img":"https://fd2-photos.leclercdrive.fr/image.ashx?id=2158233&use=l&cat=p&typeid=i","cat":284628},{"id":68476,"n":"Culotte Chorys Absorption plus large nuit x10","p":7.14,"u":"0,71 €/P","img":"https://fd2-photos.leclercdrive.fr/image.ashx?id=2704490&use=l&cat=p&typeid=i","cat":284628},{"id":68486,"n":"Tampon Nett  Digital normal boite - x24","p":2.34,"u":"0,10 €/P","img":"https://fd2-photos.leclercdrive.fr/image.ashx?id=2359657&use=l&cat=p&typeid=i","cat":284626},{"id":68737,"n":"Crème de coco légère Bio Bjorg  20cl","p":1.54,"u":"7,70 €/L","img":"https://fd2-photos.leclercdrive.fr/image.ashx?id=2936386&use=l&cat=p&typeid=i","cat":288992},{"id":68840,"n":"Chocolat noir Bio Village Bio - Noisettes entières - 200g","p":3.33,"u":"16,65 €/KG","img":"https://fd2-photos.leclercdrive.fr/image.ashx?id=2646026&use=l&cat=p&typeid=i","cat":284956},{"id":68861,"n":"Miel Bio Village Bio crémeux de fleurs - 500g","p":4.99,"u":"9,98 €/KG","img":"https://fd2-photos.leclercdrive.fr/image.ashx?id=2564219&use=l&cat=p&typeid=i","cat":287643},{"id":68862,"n":"Pâte à tartiner Nustikao 600g","p":2.73,"u":"4,55 €/KG","img":"https://fd2-photos.leclercdrive.fr/image.ashx?id=2856555&use=l&cat=p&typeid=i","cat":284481},{"id":68863,"n":"Compote Douceur du Verger Gourdes Pomme - 12x90g","p":2.95,"u":"2,73 €/KG","img":"https://fd2-photos.leclercdrive.fr/image.ashx?id=2843794&use=l&cat=p&typeid=i","cat":284508},{"id":68864,"n":"Compote Douceur du Verger Bocal pomme poire - 710g","p":1.75,"u":"2,46 €/KG","img":"https://fd2-photos.leclercdrive.fr/image.ashx?id=2663539&use=l&cat=p&typeid=i","cat":284508},{"id":68865,"n":"Compote Douceur du Verger Bocal pomme vanille - 710g","p":1.57,"u":"2,21 €/KG","img":"https://fd2-photos.leclercdrive.fr/image.ashx?id=2663542&use=l&cat=p&typeid=i","cat":284508},{"id":68866,"n":"Compote Douceur du Verger Bocal pomme - 710g","p":1.27,"u":"1,79 €/KG","img":"https://fd2-photos.leclercdrive.fr/image.ashx?id=2663536&use=l&cat=p&typeid=i","cat":284508},{"id":68868,"n":"Riz long Bio Village Bio semi complet - 500g","p":2.25,"u":"4,50 €/KG","img":"https://fd2-photos.leclercdrive.fr/image.ashx?id=2441513&use=l&cat=p&typeid=i","cat":284428},{"id":68870,"n":"Pistaches Bio Village Grillées salées bio - 100g","p":2.6,"u":"26,00 €/KG","img":"https://fd2-photos.leclercdrive.fr/image.ashx?id=2615789&use=l&cat=p&typeid=i","cat":284448},{"id":68882,"n":"Compote bio Bio Village Coupelle pomme - 8x100g","p":2.89,"u":"3,61 €/KG","img":"https://fd2-photos.leclercdrive.fr/image.ashx?id=1947749&use=l&cat=p&typeid=i","cat":284508},{"id":68898,"n":"Mangues Douceur du Verger Sirop - 235g","p":1.18,"u":"5,02 €/KG","img":"https://fd2-photos.leclercdrive.fr/image.ashx?id=2093775&use=l&cat=p&typeid=i","cat":284507},{"id":68913,"n":"Purificateur d'air Sanytol Désinfectant - 300ml","p":2.97,"u":"9,90 €/L","img":"https://fd2-photos.leclercdrive.fr/image.ashx?id=2901659&use=l&cat=p&typeid=i","cat":311626},{"id":68930,"n":"Soupe liquide bio Knorr Légumes potager à la crème - 1L","p":3.46,"u":"3,46 €/L","img":"https://fd2-photos.leclercdrive.fr/image.ashx?id=2312572&use=l&cat=p&typeid=i","cat":284462},{"id":68951,"n":"Crème dessert La Laitière  Velours de crème caramel 4x85g","p":1.7,"u":"5,00 €/KG","img":"https://fd2-photos.leclercdrive.fr/image.ashx?id=3007930&use=l&cat=p&typeid=i","cat":285041},{"id":68952,"n":"Crème dessert La Laitière Velours de crème chocolat 4x85g","p":2.11,"u":"6,21 €/KG","img":"https://fd2-photos.leclercdrive.fr/image.ashx?id=2633824&use=l&cat=p&typeid=i","cat":285041},{"id":68953,"n":"Crème dessert La Laitière Chocolat Caramel - 4x85g","p":2.11,"u":"6,21 €/KG","img":"https://fd2-photos.leclercdrive.fr/image.ashx?id=2633827&use=l&cat=p&typeid=i","cat":285041},{"id":68986,"n":"Lait d'amande Bio Village Sans sucre bio - 1L","p":1.41,"u":"1,41 €/L","img":"https://fd2-photos.leclercdrive.fr/image.ashx?id=2499109&use=l&cat=p&typeid=i","cat":316067},{"id":68996,"n":"Crackers bio Bio Village Emmental courge - 200g","p":2.69,"u":"13,45 €/KG","img":"https://fd2-photos.leclercdrive.fr/image.ashx?id=2310507&use=l&cat=p&typeid=i","cat":297000},{"id":69004,"n":"Moutarde Bio Village A l'ancienne bio - 200g","p":1.57,"u":"7,85 €/KG","img":"https://fd2-photos.leclercdrive.fr/image.ashx?id=2607966&use=l&cat=p&typeid=i","cat":288850},{"id":69006,"n":"Tomates séchées Rustica Bocal - 280g","p":2.5,"u":"8,93 €/KG","img":"https://fd2-photos.leclercdrive.fr/image.ashx?id=2539457&use=l&cat=p&typeid=i","cat":284458},{"id":69061,"n":"Yaourt nature Danone 4x125g","p":0.94,"u":"1,88 €/KG","img":"https://fd2-photos.leclercdrive.fr/image.ashx?id=2911184&use=l&cat=p&typeid=i","cat":284409},{"id":69063,"n":"Yaourt nature Danone 16x125g","p":2.99,"u":"1,50 €/KG","img":"https://fd2-photos.leclercdrive.fr/image.ashx?id=2915691&use=l&cat=p&typeid=i","cat":284409},{"id":69070,"n":"Yaourts brassés velouté Danone Nature - 16x125g","p":4.26,"u":"2,13 €/KG","img":"https://fd2-photos.leclercdrive.fr/image.ashx?id=2865584&use=l&cat=p&typeid=i","cat":284409},{"id":69071,"n":"yaourt aux fruits danonino aromatisé - 12x125g","p":3.57,"u":"2,38 €/KG","img":"https://fd2-photos.leclercdrive.fr/image.ashx?id=2883432&use=l&cat=p&typeid=i","cat":284414},{"id":69074,"n":"Yaourts brassés Velouté Danone Nature - 8x125g","p":2.48,"u":"2,48 €/KG","img":"https://fd2-photos.leclercdrive.fr/image.ashx?id=2865590&use=l&cat=p&typeid=i","cat":284409},{"id":69107,"n":"Muesli croustillant nature bio  Terres et Céréales - 1kg","p":4.39,"u":"4,39 €/KG","img":"https://fd2-photos.leclercdrive.fr/image.ashx?id=2802446&use=l&cat=p&typeid=i","cat":309512},{"id":69108,"n":"Muesli duo pépites de chocolats  bio Terres et Céréales -1kg","p":5.39,"u":"5,39 €/KG","img":"https://fd2-photos.leclercdrive.fr/image.ashx?id=2802452&use=l&cat=p&typeid=i","cat":309512},{"id":69120,"n":"Eau de toilette Alix de Faure Vanille - 110ml","p":3.1,"u":"28,18 €/L","img":"https://fd2-photos.leclercdrive.fr/image.ashx?id=2675768&use=l&cat=p&typeid=i","cat":291525},{"id":69128,"n":"Chocolat Excellence Abtey Chardons Ball - 220g","p":6.94,"u":"31,55 €/KG","img":"https://fd2-photos.leclercdrive.fr/image.ashx?id=2367178&use=l&cat=p&typeid=i","cat":327595},{"id":69145,"n":"Crème lavante Manava Framboise pivoine - 300ml","p":1.28,"u":"4,27 €/L","img":"https://fd2-photos.leclercdrive.fr/image.ashx?id=2935507&use=l&cat=p&typeid=i","cat":284597},{"id":69147,"n":"Café dosettes Tassimo L'Or Café Long Classique x16","p":4.33,"u":"41,63 €/KG","img":"https://fd2-photos.leclercdrive.fr/image.ashx?id=2160312&use=l&cat=p&typeid=i","cat":293240},{"id":69148,"n":"Café dosettes Tassimo L'Or Café Long Intense x16","p":4.75,"u":"37,11 €/KG","img":"https://fd2-photos.leclercdrive.fr/image.ashx?id=2290599&use=l&cat=p&typeid=i","cat":293240},{"id":69150,"n":"Nettoyant multi surfaces Clair Citron - 1.5L","p":1.7,"u":"1,13 €/L","img":"https://fd2-photos.leclercdrive.fr/image.ashx?id=2534211&use=l&cat=p&typeid=i","cat":284907},{"id":69151,"n":"Nettoyant multi surfaces Clair Pins - 1.5L","p":1.7,"u":"1,13 €/L","img":"https://fd2-photos.leclercdrive.fr/image.ashx?id=2369164&use=l&cat=p&typeid=i","cat":284907},{"id":69152,"n":"Nettoyant multi surfaces Clair Fleurs - 1.5L","p":1.7,"u":"1,13 €/L","img":"https://fd2-photos.leclercdrive.fr/image.ashx?id=2381556&use=l&cat=p&typeid=i","cat":284907},{"id":69154,"n":"Nettoyant multi surfaces Clair Savon de Marseille - 1.5L","p":1.7,"u":"1,13 €/L","img":"https://fd2-photos.leclercdrive.fr/image.ashx?id=2858845&use=l&cat=p&typeid=i","cat":284907},{"id":69155,"n":"Nettoyant multi surfaces Clair Savon noir - 1.5L","p":1.7,"u":"1,13 €/L","img":"https://fd2-photos.leclercdrive.fr/image.ashx?id=2849584&use=l&cat=p&typeid=i","cat":284907},{"id":69159,"n":"Poelée cuisinée légumes Bio Bio village - 600g","p":2.99,"u":"4,98 €/KG","img":"https://fd2-photos.leclercdrive.fr/image.ashx?id=2898074&use=l&cat=p&typeid=i","cat":319823},{"id":69161,"n":"Purée carotte bio Bio Village 450g","p":1.39,"u":"3,09 €/KG","img":"https://fd2-photos.leclercdrive.fr/image.ashx?id=2878747&use=l&cat=p&typeid=i","cat":319805},{"id":69163,"n":"Purée 100% brocolis Bio Bio Village - 450g","p":1.75,"u":"3,89 €/KG","img":"https://fd2-photos.leclercdrive.fr/image.ashx?id=2878750&use=l&cat=p&typeid=i","cat":319805},{"id":69164,"n":"Pizza chèvre feu de bois Bio  Bio Village - 360g","p":3.19,"u":"8,86 €/KG","img":"https://fd2-photos.leclercdrive.fr/image.ashx?id=1911810&use=l&cat=p&typeid=i","cat":284256},{"id":69213,"n":"Frites à peau McCain Côté Resto - 650g","p":2.29,"u":"3,52 €/KG","img":"https://fd2-photos.leclercdrive.fr/image.ashx?id=2927047&use=l&cat=p&typeid=i","cat":319791},{"id":69215,"n":"Pains wrap Epi d'Or Nature x6 - 383g","p":1.95,"u":"5,09 €/KG","img":"https://fd2-photos.leclercdrive.fr/image.ashx?id=2998883&use=l&cat=p&typeid=i","cat":284985},{"id":69227,"n":"Huile vierge Bio Village Coco bio - 200ml","p":2.28,"u":"11,40 €/L","img":"https://fd2-photos.leclercdrive.fr/image.ashx?id=1974311&use=l&cat=p&typeid=i","cat":284453},{"id":69268,"n":"Liquide vaisselle Rainett Citron écologique - 750ml","p":1.84,"u":"2,45 €/L","img":"https://fd2-photos.leclercdrive.fr/image.ashx?id=2297129&use=l&cat=p&typeid=i","cat":284655},{"id":69273,"n":"Eau de toilette Alix de Faure Fruits rouges - 110ml","p":3.1,"u":"28,18 €/L","img":"https://fd2-photos.leclercdrive.fr/image.ashx?id=1291569&use=l&cat=p&typeid=i","cat":291525},{"id":69274,"n":"Eau de toilette Alix de Faure Patchouli - 110ml","p":3.2,"u":"29,09 €/L","img":"https://fd2-photos.leclercdrive.fr/image.ashx?id=2675765&use=l&cat=p&typeid=i","cat":291525},{"id":69280,"n":"Couches bébé Mots d'enfants Midi T3 4/9kg - x50 changes","p":6.35,"u":"0,13 €/P","img":"https://fd2-photos.leclercdrive.fr/image.ashx?id=2699717&use=l&cat=p&typeid=i","cat":284737},{"id":69281,"n":"Couches bébé Mots d'enfants Ultra confort T4 7/18kg - x44","p":6.35,"u":"0,14 €/P","img":"https://fd2-photos.leclercdrive.fr/image.ashx?id=2699720&use=l&cat=p&typeid=i","cat":284737},{"id":69282,"n":"Couches bébé Mots d'enfants Ultra confort T4+  9/20kg - x41","p":6.35,"u":"0,15 €/P","img":"https://fd2-photos.leclercdrive.fr/image.ashx?id=2699723&use=l&cat=p&typeid=i","cat":284737},{"id":69283,"n":"Couches bébé Mots d'enfants Ultra confort T5 11/25kg - x39","p":6.35,"u":"0,16 €/P","img":"https://fd2-photos.leclercdrive.fr/image.ashx?id=2699726&use=l&cat=p&typeid=i","cat":284737},{"id":69284,"n":"Couches bébé Mots d'enfants Ultra confort T6  16/23kg - x33","p":6.35,"u":"0,19 €/P","img":"https://fd2-photos.leclercdrive.fr/image.ashx?id=2699729&use=l&cat=p&typeid=i","cat":284737},{"id":69285,"n":"Couches bébé Mots d'enfants T4 Ultra confort 7/18kg - x144","p":19.85,"u":"0,14 €/P","img":"https://fd2-photos.leclercdrive.fr/image.ashx?id=2689429&use=l&cat=p&typeid=i","cat":284737},{"id":69286,"n":"Couches bébé Mots d'enfants T5 Ultra confort 11/25kg - x136","p":19.85,"u":"0,15 €/P","img":"https://fd2-photos.leclercdrive.fr/image.ashx?id=2691833&use=l&cat=p&typeid=i","cat":284737},{"id":69317,"n":"Eau minérale naturelle Vittel 6x1.5L","p":2.7,"u":"0,30 €/L","img":"https://fd2-photos.leclercdrive.fr/image.ashx?id=3000441&use=l&cat=p&typeid=i","cat":284535},{"id":69319,"n":"Pur jus Jafaden Pomme goyave citron - 1L","p":2.15,"u":"2,15 €/L","img":"https://fd2-photos.leclercdrive.fr/image.ashx?id=2956765&use=l&cat=p&typeid=i","cat":284917},{"id":69327,"n":"Piles Duracell MN21 x2","p":5.69,"u":"2,85 €/P","img":"https://fd2-photos.leclercdrive.fr/image.ashx?id=2328739&use=l&cat=p&typeid=i","cat":300572},{"id":69383,"n":"Fromage à Raclette RichesMonts  Duo Classique & Fumée - 420G","p":6.03,"u":"14,36 €/KG","img":"https://fd2-photos.leclercdrive.fr/image.ashx?id=2953815&use=l&cat=p&typeid=i","cat":314037},{"id":69385,"n":"Fromage à Raclette RichesMonts  Duo Classique 3 Poivres - 420G","p":6.03,"u":"14,36 €/KG","img":"https://fd2-photos.leclercdrive.fr/image.ashx?id=2953818&use=l&cat=p&typeid=i","cat":314037},{"id":69396,"n":"Fromage à Raclette RichesMonts  Sans croûte 18 Tranches - 420g","p":5.85,"u":"13,93 €/KG","img":"https://fd2-photos.leclercdrive.fr/image.ashx?id=2960765&use=l&cat=p&typeid=i","cat":314037},{"id":69430,"n":"Poulet Basquaise NRT 750g","p":7.99,"u":"10,65 €/KG","img":"https://fd2-photos.leclercdrive.fr/image.ashx?id=1935877&use=l&cat=p&typeid=i","cat":284441},{"id":69496,"n":"Rillettes de porc Label Rouge L'Atelier Charcuterie - 170g","p":3.49,"u":"20,53 €/KG","img":"https://fd2-photos.leclercdrive.fr/image.ashx?id=2955261&use=l&cat=p&typeid=i","cat":316008},{"id":69679,"n":"Yaourt à la grecque YAOS Nature lit de myrtilles 4x125g","p":2.36,"u":"4,72 €/KG","img":"https://fd2-photos.leclercdrive.fr/image.ashx?id=2614933&use=l&cat=p&typeid=i","cat":314999},{"id":69680,"n":"Yaourt à la grecque YAOS Nature lit de pêches 4x125g","p":2.73,"u":"5,46 €/KG","img":"https://fd2-photos.leclercdrive.fr/image.ashx?id=2539533&use=l&cat=p&typeid=i","cat":314999},{"id":69694,"n":"Mini Président 5 portions - 150g","p":3.61,"u":"24,07 €/KG","img":"https://fd2-photos.leclercdrive.fr/image.ashx?id=2628752&use=l&cat=p&typeid=i","cat":314030},{"id":69705,"n":"Coleslaw moutarde Bonduelle 320g","p":1.65,"u":"5,16 €/KG","img":"https://fd2-photos.leclercdrive.fr/image.ashx?id=2894185&use=l&cat=p&typeid=i","cat":333657},{"id":69720,"n":"Gougères au fromage Côté Table x20 - 140g","p":3.76,"u":"26,86 €/KG","img":"https://fd2-photos.leclercdrive.fr/image.ashx?id=2726709&use=l&cat=p&typeid=i","cat":319774},{"id":69739,"n":"Mini feuilletés Côté Table Apéritifs - x30 - 360g","p":3.72,"u":"10,33 €/KG","img":"https://fd2-photos.leclercdrive.fr/image.ashx?id=2212509&use=l&cat=p&typeid=i","cat":319774},{"id":69740,"n":"Mini-feuilletés Côté Table Apéritifs - x80 - 740g","p":6.83,"u":"9,23 €/KG","img":"https://fd2-photos.leclercdrive.fr/image.ashx?id=2238045&use=l&cat=p&typeid=i","cat":319774},{"id":69741,"n":"Mini-feuilletés Côté Table Apéritifs - x40 - 350g","p":3.37,"u":"9,63 €/KG","img":"https://fd2-photos.leclercdrive.fr/image.ashx?id=2632873&use=l&cat=p&typeid=i","cat":319774},{"id":69803,"n":"Riz provençale Bonduelle Thon - 320g","p":1.56,"u":"4,88 €/KG","img":"https://fd2-photos.leclercdrive.fr/image.ashx?id=2907905&use=l&cat=p&typeid=i","cat":333657},{"id":69910,"n":"Origan Rustica 11g","p":0.45,"u":"40,91 €/KG","img":"https://fd2-photos.leclercdrive.fr/image.ashx?id=1232057&use=l&cat=p&typeid=i","cat":298297},{"id":70114,"n":"Biscuits p'tit dèj BN Extra céréales complètes - 200g","p":1.85,"u":"9,25 €/KG","img":"https://fd2-photos.leclercdrive.fr/image.ashx?id=2603471&use=l&cat=p&typeid=i","cat":284491},{"id":70117,"n":"Biscuits Mc Vitie's Original - 400g","p":1.68,"u":"4,20 €/KG","img":"https://fd2-photos.leclercdrive.fr/image.ashx?id=2310182&use=l&cat=p&typeid=i","cat":284487},{"id":70118,"n":"Biscuits Mc Vitie's Chocolat au lait - 300g","p":1.68,"u":"5,60 €/KG","img":"https://fd2-photos.leclercdrive.fr/image.ashx?id=2589491&use=l&cat=p&typeid=i","cat":284488},{"id":70123,"n":"Fromage blanc Danone Nature 3%MG - 8x100g","p":2.6,"u":"3,25 €/KG","img":"https://fd2-photos.leclercdrive.fr/image.ashx?id=2792075&use=l&cat=p&typeid=i","cat":284409},{"id":70126,"n":"Fromage blanc Danone Nature 3%MG - 4x100g","p":1.78,"u":"4,45 €/KG","img":"https://fd2-photos.leclercdrive.fr/image.ashx?id=2833225&use=l&cat=p&typeid=i","cat":284409},{"id":70140,"n":"Yaourt Nature Panier de Yoplait Lit de Fruits Panaché - 6x140g","p":2.95,"u":"3,51 €/KG","img":"https://fd2-photos.leclercdrive.fr/image.ashx?id=2884429&use=l&cat=p&typeid=i","cat":284410},{"id":70158,"n":"Yaourt Nature Panier de Yoplait Lit Fruits de Saison - 6x140g","p":2.56,"u":"3,05 €/KG","img":"https://fd2-photos.leclercdrive.fr/image.ashx?id=2992062&use=l&cat=p&typeid=i","cat":284410},{"id":70334,"n":"Kasteel rouge  8° 75cl","p":5.03,"u":"6,71 €/L","img":"https://fd2-photos.leclercdrive.fr/image.ashx?id=2981325&use=l&cat=p&typeid=i","cat":334872},{"id":70389,"n":"Café dosettes Tassimo L'Or Cappuccino x8","p":4.87,"u":"18,24 €/KG","img":"https://fd2-photos.leclercdrive.fr/image.ashx?id=2100305&use=l&cat=p&typeid=i","cat":293240},{"id":70438,"n":"Fines feuilles de chocolat noir After Eight - 200g","p":4.01,"u":"20,05 €/KG","img":"https://fd2-photos.leclercdrive.fr/image.ashx?id=2897345&use=l&cat=p&typeid=i","cat":327595},{"id":70549,"n":"Grosses saucisses natures x4 La Saucisse Henaff - 500g","p":8.7,"u":"17,40 €/KG","img":"https://fd2-photos.leclercdrive.fr/image.ashx?id=2812891&use=l&cat=p&typeid=i","cat":284334},{"id":70558,"n":"Basilic bio Bio Village 11g","p":0.69,"u":"62,73 €/KG","img":"https://fd2-photos.leclercdrive.fr/image.ashx?id=2991458&use=l&cat=p&typeid=i","cat":298297},{"id":70579,"n":"Fromage Caprice des Dieux  200g","p":2.84,"u":"14,20 €/KG","img":"https://fd2-photos.leclercdrive.fr/image.ashx?id=2762438&use=l&cat=p&typeid=i","cat":314033},{"id":70634,"n":"Lentilles Notre Jardin Graisse d'oie - 400g","p":1.05,"u":"2,63 €/KG","img":"https://fd2-photos.leclercdrive.fr/image.ashx?id=3002620&use=l&cat=p&typeid=i","cat":312609},{"id":70720,"n":"Jambon cru italien La barquette de 120g","p":5.2,"u":"43,33 €/KG","img":"https://fd2-photos.leclercdrive.fr/image.ashx?id=1942169&use=l&cat=p&typeid=i","cat":316007},{"id":70722,"n":"Speck Negroni La barquette de 120g","p":5.6,"u":"46,67 €/KG","img":"https://fd2-photos.leclercdrive.fr/image.ashx?id=1942172&use=l&cat=p&typeid=i","cat":316007},{"id":70914,"n":"Poivre noir grains Rustica 90g","p":2.32,"u":"25,78 €/KG","img":"https://fd2-photos.leclercdrive.fr/image.ashx?id=1236848&use=l&cat=p&typeid=i","cat":284457},{"id":70972,"n":"Coppa de Parme Negroni 120g","p":5.25,"u":"43,75 €/KG","img":"https://fd2-photos.leclercdrive.fr/image.ashx?id=2025176&use=l&cat=p&typeid=i","cat":316007},{"id":70973,"n":"Bresaola Negroni 90g","p":4.94,"u":"54,89 €/KG","img":"https://fd2-photos.leclercdrive.fr/image.ashx?id=1935414&use=l&cat=p&typeid=i","cat":316007},{"id":70980,"n":"Crousty chicken Le Gaulois L'original - 400g","p":5.85,"u":"14,63 €/KG","img":"https://fd2-photos.leclercdrive.fr/image.ashx?id=2967765&use=l&cat=p&typeid=i","cat":333684},{"id":70993,"n":"Coulommiers Président  350g","p":2.79,"u":"7,97 €/KG","img":"https://fd2-photos.leclercdrive.fr/image.ashx?id=2029862&use=l&cat=p&typeid=i","cat":314033},{"id":71018,"n":"Baie de Szechuan L'Origine du goût - 25g","p":4.95,"u":"198,00 €/KG","img":"https://fd2-photos.leclercdrive.fr/image.ashx?id=1759741&use=l&cat=p&typeid=i","cat":298297},{"id":71037,"n":"Collant Caprice Le Bourget Dessous chics - 20D Noir - T2","p":9.45,"img":"https://fd2-photos.leclercdrive.fr/image.ashx?id=2561667&use=l&cat=p&typeid=i","cat":334130},{"id":71060,"n":"Basilic Rustica 11g","p":0.39,"u":"35,45 €/KG","img":"https://fd2-photos.leclercdrive.fr/image.ashx?id=2772957&use=l&cat=p&typeid=i","cat":298297},{"id":71066,"n":"Moutarde à l'ancienne Origine du Goût-Au vinaigre cidre -100g","p":1.39,"u":"13,90 €/KG","img":"https://fd2-photos.leclercdrive.fr/image.ashx?id=2794850&use=l&cat=p&typeid=i","cat":288850},{"id":71067,"n":"Moutarde L'Origine du Goût Poivre vert de Madagascar -100g","p":1.39,"u":"13,90 €/KG","img":"https://fd2-photos.leclercdrive.fr/image.ashx?id=2902573&use=l&cat=p&typeid=i","cat":288850},{"id":71075,"n":"Vinaigrette biphase Rustica Tomate/ Balsamique - 50cl","p":2.72,"u":"5,44 €/L","img":"https://fd2-photos.leclercdrive.fr/image.ashx?id=1972937&use=l&cat=p&typeid=i","cat":284456},{"id":71077,"n":"Vinaigrette biphase Rustica Ciboulette/Echalote - 50cl","p":2.79,"u":"5,58 €/L","img":"https://fd2-photos.leclercdrive.fr/image.ashx?id=1943241&use=l&cat=p&typeid=i","cat":284456},{"id":71102,"n":"Bière Desperados 65cl","p":2.55,"u":"3,92 €/L","img":"https://fd2-photos.leclercdrive.fr/image.ashx?id=2977960&use=l&cat=p&typeid=i","cat":334878},{"id":71106,"n":"Ail semoule Rustica 110g","p":1.39,"u":"12,64 €/KG","img":"https://fd2-photos.leclercdrive.fr/image.ashx?id=2870038&use=l&cat=p&typeid=i","cat":298297},{"id":71107,"n":"Bouquet garni entier Rustica 17g","p":1.68,"u":"98,82 €/KG","img":"https://fd2-photos.leclercdrive.fr/image.ashx?id=1710608&use=l&cat=p&typeid=i","cat":298297},{"id":71155,"n":"Ail semoule Rustica Flacon - 60g","p":0.99,"u":"16,50 €/KG","img":"https://fd2-photos.leclercdrive.fr/image.ashx?id=2797790&use=l&cat=p&typeid=i","cat":298297},{"id":71156,"n":"Moulin 5 baies Rustica Flacon - 24g","p":1.19,"u":"49,58 €/KG","img":"https://fd2-photos.leclercdrive.fr/image.ashx?id=2907231&use=l&cat=p&typeid=i","cat":284457},{"id":71158,"n":"Poivre gris moulu Rustica Boite - 90g","p":2.29,"u":"25,44 €/KG","img":"https://fd2-photos.leclercdrive.fr/image.ashx?id=1239440&use=l&cat=p&typeid=i","cat":284457},{"id":71162,"n":"Assortiment crackers Tokapi 85g","p":0.69,"u":"8,12 €/KG","img":"https://fd2-photos.leclercdrive.fr/image.ashx?id=1926981&use=l&cat=p&typeid=i","cat":297000},{"id":71327,"n":"Whisky Aberlour Triple Cask Single Malt Scotch 40% vol 70cl","p":38.87,"u":"55,53 €/L","img":"https://fd2-photos.leclercdrive.fr/image.ashx?id=2860514&use=l&cat=p&typeid=i","cat":284547},{"id":71333,"n":"Whisky Glenfiddich Experiment 43%vol - 70cl","p":44.73,"u":"63,90 €/L","img":"https://fd2-photos.leclercdrive.fr/image.ashx?id=1738297&use=l&cat=p&typeid=i","cat":284547},{"id":71351,"n":"Cocktail Pêche Océan Fruits de mer - 500g","p":4.94,"u":"9,88 €/KG","img":"https://fd2-photos.leclercdrive.fr/image.ashx?id=2686347&use=l&cat=p&typeid=i","cat":319787},{"id":71412,"n":"Déodorant Manava Cologne - 100ml","p":1.39,"u":"13,90 €/L","img":"https://fd2-photos.leclercdrive.fr/image.ashx?id=2666572&use=l&cat=p&typeid=i","cat":284595},{"id":71413,"n":"Déodorant Manava Freesia Orchidée - 100ml","p":1.36,"u":"13,60 €/L","img":"https://fd2-photos.leclercdrive.fr/image.ashx?id=2656451&use=l&cat=p&typeid=i","cat":284595},{"id":71417,"n":"Petits pois très fins Eco  560g","p":1.15,"u":"2,05 €/KG","img":"https://fd2-photos.leclercdrive.fr/image.ashx?id=3003711&use=l&cat=p&typeid=i","cat":312607},{"id":71419,"n":"Petits pois carottes Eco  530g","p":1.12,"u":"2,11 €/KG","img":"https://fd2-photos.leclercdrive.fr/image.ashx?id=3003714&use=l&cat=p&typeid=i","cat":312607},{"id":71422,"n":"Macedoine de legumes Eco  530g","p":1.11,"u":"2,09 €/KG","img":"https://fd2-photos.leclercdrive.fr/image.ashx?id=2729245&use=l&cat=p&typeid=i","cat":312612},{"id":71423,"n":"Flageolets verts fins Eco  530g","p":1.19,"u":"2,25 €/KG","img":"https://fd2-photos.leclercdrive.fr/image.ashx?id=2720012&use=l&cat=p&typeid=i","cat":312606},{"id":71426,"n":"Lentilles Eco+ 530g","p":1.02,"u":"1,92 €/KG","img":"https://fd2-photos.leclercdrive.fr/image.ashx?id=2671786&use=l&cat=p&typeid=i","cat":312609},{"id":71429,"n":"Haricots verts extra fins Eco  440g","p":1.04,"u":"2,36 €/KG","img":"https://fd2-photos.leclercdrive.fr/image.ashx?id=3003726&use=l&cat=p&typeid=i","cat":312606},{"id":71431,"n":"Tomates entières pelées Eco+ - 480g","p":1.1,"u":"2,29 €/KG","img":"https://fd2-photos.leclercdrive.fr/image.ashx?id=2531092&use=l&cat=p&typeid=i","cat":312608},{"id":71433,"n":"Choux-fleurs Eco+ 1kg","p":1.31,"u":"1,31 €/KG","img":"https://fd2-photos.leclercdrive.fr/image.ashx?id=2729254&use=l&cat=p&typeid=i","cat":319805},{"id":71439,"n":"Filets de colin d'Alaska Eco+ 10x100g","p":5.3,"u":"5,30 €/KG","img":"https://fd2-photos.leclercdrive.fr/image.ashx?id=1668300&use=l&cat=p&typeid=i","cat":319786},{"id":71442,"n":"Cassoulet Eco+ 840g","p":1.97,"u":"2,35 €/KG","img":"https://fd2-photos.leclercdrive.fr/image.ashx?id=2518529&use=l&cat=p&typeid=i","cat":284440},{"id":71444,"n":"Galettes au beurre Eco+ x16 - 125g","p":0.64,"u":"5,12 €/KG","img":"https://fd2-photos.leclercdrive.fr/image.ashx?id=2746781&use=l&cat=p&typeid=i","cat":284487},{"id":71446,"n":"Biscuits aux oeufs Eco+ x60 - 400g","p":1.57,"u":"3,93 €/KG","img":"https://fd2-photos.leclercdrive.fr/image.ashx?id=2804136&use=l&cat=p&typeid=i","cat":284487},{"id":71448,"n":"Raviolis à la sauce tomate Eco+ 800g","p":1.69,"u":"2,11 €/KG","img":"https://fd2-photos.leclercdrive.fr/image.ashx?id=2688288&use=l&cat=p&typeid=i","cat":284442},{"id":71469,"n":"DOC Prosecco extra-dry blanc 7% vol - 75cl","p":4.99,"u":"6,65 €/L","img":"https://fd2-photos.leclercdrive.fr/image.ashx?id=2977171&use=l&cat=p&typeid=i","cat":289461},{"id":71473,"n":"Vin d'Espagne blanc Chardonnay Adrien Champaud - BIB 5L","p":11.99,"u":"2,40 €/L","img":"https://fd2-photos.leclercdrive.fr/image.ashx?id=2959617&use=l&cat=p&typeid=i","cat":289557},{"id":71488,"n":"Mini chinois Epi d'Or Pepites de chocolat x6 - 300g","p":1.85,"u":"6,17 €/KG","img":"https://fd2-photos.leclercdrive.fr/image.ashx?id=2867916&use=l&cat=p&typeid=i","cat":296366},{"id":71491,"n":"Croissants Epi d'Or x14 - 560g","p":2.79,"u":"4,98 €/KG","img":"https://fd2-photos.leclercdrive.fr/image.ashx?id=2860769&use=l&cat=p&typeid=i","cat":296366},{"id":71497,"n":"Tartelette P'tit Déli Fraise - 127g","p":1.42,"u":"11,18 €/KG","img":"https://fd2-photos.leclercdrive.fr/image.ashx?id=2888640&use=l&cat=p&typeid=i","cat":284489},{"id":71511,"n":"Coquilles St-Jacques Côté Table 2x90g","p":4.1,"u":"22,78 €/KG","img":"https://fd2-photos.leclercdrive.fr/image.ashx?id=2234975&use=l&cat=p&typeid=i","cat":319775},{"id":71519,"n":"Yaourt Bio Bio Village Aromatisé Citron - 4x125g","p":1.4,"u":"2,80 €/KG","img":"https://fd2-photos.leclercdrive.fr/image.ashx?id=2289666&use=l&cat=p&typeid=i","cat":286006},{"id":71524,"n":"Goûter rectangle P'tit Déli Fourré chocolat - 125g","p":1.19,"u":"9,52 €/KG","img":"https://fd2-photos.leclercdrive.fr/image.ashx?id=2619725&use=l&cat=p&typeid=i","cat":284488},{"id":71528,"n":"Fromage frais nature Bio Bio village - 8x100g","p":3.16,"u":"3,95 €/KG","img":"https://fd2-photos.leclercdrive.fr/image.ashx?id=2839950&use=l&cat=p&typeid=i","cat":284409},{"id":71531,"n":"Crème fraiche bio Bio village Epaisse - 30% MG  - 50cl","p":2.66,"u":"5,32 €/L","img":"https://fd2-photos.leclercdrive.fr/image.ashx?id=1975050&use=l&cat=p&typeid=i","cat":284381},{"id":71535,"n":"Pommes de terre NRT à l'échirlète - 600g","p":3.55,"u":"5,92 €/KG","img":"https://fd2-photos.leclercdrive.fr/image.ashx?id=2699855&use=l&cat=p&typeid=i","cat":319792},{"id":71553,"n":"Déodorant Manava Freesia Orchidée - 200ml","p":1.34,"u":"6,70 €/L","img":"https://fd2-photos.leclercdrive.fr/image.ashx?id=2656454&use=l&cat=p&typeid=i","cat":284595},{"id":71557,"n":"Mini sables P'tit Déli Chocolat au lait - 160g","p":1.89,"u":"11,81 €/KG","img":"https://fd2-photos.leclercdrive.fr/image.ashx?id=2323295&use=l&cat=p&typeid=i","cat":284488},{"id":71565,"n":"Pêches Douceur du Verger Sirop léger - 465g","p":1.62,"u":"3,48 €/KG","img":"https://fd2-photos.leclercdrive.fr/image.ashx?id=2666471&use=l&cat=p&typeid=i","cat":284507},{"id":71566,"n":"Sauce Soja Tables Du Monde 125ml","p":0.83,"u":"6,64 €/L","img":"https://fd2-photos.leclercdrive.fr/image.ashx?id=2679765&use=l&cat=p&typeid=i","cat":288992},{"id":71568,"n":"Sauce soja sucrée Table du monde - 125ml","p":0.83,"u":"6,64 €/L","img":"https://fd2-photos.leclercdrive.fr/image.ashx?id=2679762&use=l&cat=p&typeid=i","cat":288992},{"id":71576,"n":"Recharge brosse Mamison 90 feuilles adhésives","p":3.0,"img":"https://fd2-photos.leclercdrive.fr/image.ashx?id=2744134&use=l&cat=p&typeid=i","cat":284669},{"id":71578,"n":"Crème lavante Manava Surgras - 300ml","p":1.12,"u":"3,73 €/L","img":"https://fd2-photos.leclercdrive.fr/image.ashx?id=2935513&use=l&cat=p&typeid=i","cat":284597},{"id":71579,"n":"Recharge crème lavante Manava Surgras - 250ml","p":0.66,"u":"2,64 €/L","img":"https://fd2-photos.leclercdrive.fr/image.ashx?id=2935516&use=l&cat=p&typeid=i","cat":284597},{"id":71599,"n":"Bicarbonate de soude Clair 500g","p":1.5,"u":"3,00 €/KG","img":"https://fd2-photos.leclercdrive.fr/image.ashx?id=2822129&use=l&cat=p&typeid=i","cat":325365},{"id":71602,"n":"Change bébé Mots d'Enfants Nouveau né - T1 - 2/5kg - x23","p":2.36,"u":"0,10 €/P","img":"https://fd2-photos.leclercdrive.fr/image.ashx?id=2907225&use=l&cat=p&typeid=i","cat":284737},{"id":71629,"n":"Boisson végétale Bio Village Lait amande intense bio - 1l","p":2.39,"u":"2,39 €/L","img":"https://fd2-photos.leclercdrive.fr/image.ashx?id=2386185&use=l&cat=p&typeid=i","cat":316067},{"id":71647,"n":"Biscuit graine Bio Village Pépites de chocolat Bio - 140g","p":1.85,"u":"13,21 €/KG","img":"https://fd2-photos.leclercdrive.fr/image.ashx?id=2400526&use=l&cat=p&typeid=i","cat":325066},{"id":71693,"n":"Spray coiffant Stylista Beach waves - 200ml","p":7.17,"u":"35,85 €/L","img":"https://fd2-photos.leclercdrive.fr/image.ashx?id=2316195&use=l&cat=p&typeid=i","cat":284609},{"id":72032,"n":"Bière blonde Affligem 6.7% vol -  Fût 5L","p":20.51,"u":"4,10 €/L","img":"https://fd2-photos.leclercdrive.fr/image.ashx?id=2672722&use=l&cat=p&typeid=i","cat":334879},{"id":72734,"n":"Pain de mie Schär - Céréales Sans gluten - 300g","p":3.39,"u":"11,30 €/KG","img":"https://fd2-photos.leclercdrive.fr/image.ashx?id=2659421&use=l&cat=p&typeid=i","cat":318654},{"id":72774,"n":"Mousse Liégeoise Délisse Caramel - 8x80g","p":2.79,"u":"4,36 €/KG","img":"https://fd2-photos.leclercdrive.fr/image.ashx?id=3009520&use=l&cat=p&typeid=i","cat":284417},{"id":72786,"n":"Bière blonde Pelforth Fût pression - 5L","p":15.85,"u":"3,17 €/L","img":"https://fd2-photos.leclercdrive.fr/image.ashx?id=2767249&use=l&cat=p&typeid=i","cat":334879},{"id":72789,"n":"Bière blonde Desperados Fût 5L","p":21.37,"u":"4,27 €/L","img":"https://fd2-photos.leclercdrive.fr/image.ashx?id=2983513&use=l&cat=p&typeid=i","cat":334879},{"id":72791,"n":"Bière Desperados 3x33cl","p":4.13,"u":"4,17 €/L","img":"https://fd2-photos.leclercdrive.fr/image.ashx?id=2983120&use=l&cat=p&typeid=i","cat":334878},{"id":73001,"n":"Blinis Ronde des mers x4 - 200g","p":1.25,"u":"6,25 €/KG","img":"https://fd2-photos.leclercdrive.fr/image.ashx?id=1919585&use=l&cat=p&typeid=i","cat":285191},{"id":73006,"n":"Sauce pour nems Tables du monde 125ml","p":0.99,"u":"7,92 €/L","img":"https://fd2-photos.leclercdrive.fr/image.ashx?id=2526306&use=l&cat=p&typeid=i","cat":288992},{"id":73697,"n":"Compote Allégée en sucres Eco+ Bocal pomme - 720g","p":0.85,"u":"1,18 €/KG","img":"https://fd2-photos.leclercdrive.fr/image.ashx?id=2953185&use=l&cat=p&typeid=i","cat":284508},{"id":73706,"n":"Riz basmati Eco+ 1kg","p":2.01,"u":"2,01 €/KG","img":"https://fd2-photos.leclercdrive.fr/image.ashx?id=2141651&use=l&cat=p&typeid=i","cat":284428},{"id":73708,"n":"Purée de tomate Eco+ Brique - 500g","p":0.51,"u":"1,02 €/KG","img":"https://fd2-photos.leclercdrive.fr/image.ashx?id=2955282&use=l&cat=p&typeid=i","cat":288384},{"id":73714,"n":"Filets maquereau Eco+ Au vin blanc - 176g","p":1.11,"u":"6,31 €/KG","img":"https://fd2-photos.leclercdrive.fr/image.ashx?id=2067881&use=l&cat=p&typeid=i","cat":303868},{"id":73717,"n":"Pommes de terre Eco+ 530g","p":1.15,"u":"2,17 €/KG","img":"https://fd2-photos.leclercdrive.fr/image.ashx?id=2473186&use=l&cat=p&typeid=i","cat":312612},{"id":73729,"n":"Tartelettes à la fraise Eco+ x12 - 200g","p":0.8,"u":"4,00 €/KG","img":"https://fd2-photos.leclercdrive.fr/image.ashx?id=2869757&use=l&cat=p&typeid=i","cat":284489},{"id":73735,"n":"Café moulu Eco+ Pur arabica - 500g","p":6.44,"u":"12,88 €/KG","img":"https://fd2-photos.leclercdrive.fr/image.ashx?id=2843578&use=l&cat=p&typeid=i","cat":284750},{"id":73781,"n":"Maïs doux Eco+ 285g","p":0.78,"u":"2,74 €/KG","img":"https://fd2-photos.leclercdrive.fr/image.ashx?id=3003738&use=l&cat=p&typeid=i","cat":312611},{"id":73790,"n":"Café soluble Eco+ 200g","p":3.47,"u":"17,35 €/KG","img":"https://fd2-photos.leclercdrive.fr/image.ashx?id=1654429&use=l&cat=p&typeid=i","cat":284843},{"id":73793,"n":"Goûters ronds Eco+ Fourrés chocolat - 500g","p":1.35,"u":"2,70 €/KG","img":"https://fd2-photos.leclercdrive.fr/image.ashx?id=2222751&use=l&cat=p&typeid=i","cat":284488},{"id":73797,"n":"Pâtes Eco+ Macaroni - 1kg","p":0.99,"u":"0,99 €/KG","img":"https://fd2-photos.leclercdrive.fr/image.ashx?id=2887395&use=l&cat=p&typeid=i","cat":284427},{"id":73798,"n":"Pâtes Eco+ Coquillettes - 1kg","p":1.01,"u":"1,01 €/KG","img":"https://fd2-photos.leclercdrive.fr/image.ashx?id=2885723&use=l&cat=p&typeid=i","cat":284427},{"id":73799,"n":"Pâtes Eco+ Torsades - 1kg","p":1.0,"u":"1,00 €/KG","img":"https://fd2-photos.leclercdrive.fr/image.ashx?id=2885726&use=l&cat=p&typeid=i","cat":284427},{"id":73801,"n":"Dosettes café Eco+ 100% Robusta - x48 - 336g","p":4.09,"u":"12,17 €/KG","img":"https://fd2-photos.leclercdrive.fr/image.ashx?id=2229326&use=l&cat=p&typeid=i","cat":293238},{"id":73802,"n":"Riz soufflé Eco+ Au chocolat au lait - 750g","p":2.71,"u":"3,61 €/KG","img":"https://fd2-photos.leclercdrive.fr/image.ashx?id=2693096&use=l&cat=p&typeid=i","cat":309513},{"id":73803,"n":"Shampooing aux oeufs Eco+ 750ml","p":0.52,"u":"0,69 €/L","img":"https://fd2-photos.leclercdrive.fr/image.ashx?id=2181467&use=l&cat=p&typeid=i","cat":284606},{"id":73804,"n":"Lingettes démaquillantes Eco+ x25","p":0.67,"u":"0,03 €/P","img":"https://fd2-photos.leclercdrive.fr/image.ashx?id=2282156&use=l&cat=p&typeid=i","cat":284603},{"id":73805,"n":"Biscuit fourré cacao Eco+ x12 - 225g","p":0.93,"u":"4,13 €/KG","img":"https://fd2-photos.leclercdrive.fr/image.ashx?id=2834223&use=l&cat=p&typeid=i","cat":284488},{"id":73806,"n":"Eau de javel Eco+ 3x250ml","p":0.48,"u":"0,64 €/L","img":"https://fd2-photos.leclercdrive.fr/image.ashx?id=2949164&use=l&cat=p&typeid=i","cat":284661},{"id":74047,"n":"Parmentier de porc Eco+ 1kg","p":2.6,"u":"2,60 €/KG","img":"https://fd2-photos.leclercdrive.fr/image.ashx?id=2774885&use=l&cat=p&typeid=i","cat":284254},{"id":74048,"n":"Lasagnes à la bolognaise Eco + 1kg","p":2.54,"u":"2,54 €/KG","img":"https://fd2-photos.leclercdrive.fr/image.ashx?id=2779166&use=l&cat=p&typeid=i","cat":284254},{"id":74089,"n":"Batonnets Poissons panés Eco+ x15 - 450g","p":1.6,"u":"3,56 €/KG","img":"https://fd2-photos.leclercdrive.fr/image.ashx?id=2843565&use=l&cat=p&typeid=i","cat":319788},{"id":74090,"n":"Nectar Multifruits Eco+ Brique - 2L","p":1.38,"u":"0,69 €/L","img":"https://fd2-photos.leclercdrive.fr/image.ashx?id=2751853&use=l&cat=p&typeid=i","cat":284917},{"id":74091,"n":"Mozzarella Eco+ 18%mg - 125g","p":0.76,"u":"6,08 €/KG","img":"https://fd2-photos.leclercdrive.fr/image.ashx?id=2754868&use=l&cat=p&typeid=i","cat":314026},{"id":74094,"n":"Paella Eco+ Sachet - 1kg","p":3.59,"u":"3,59 €/KG","img":"https://fd2-photos.leclercdrive.fr/image.ashx?id=2801771&use=l&cat=p&typeid=i","cat":284254},{"id":74112,"n":"Pommes frites Eco+ 1kg","p":1.68,"u":"1,68 €/KG","img":"https://fd2-photos.leclercdrive.fr/image.ashx?id=2666545&use=l&cat=p&typeid=i","cat":319791},{"id":74115,"n":"Petit Brie Eco+ 32%mg - 500g","p":3.39,"u":"6,78 €/KG","img":"https://fd2-photos.leclercdrive.fr/image.ashx?id=2938403&use=l&cat=p&typeid=i","cat":314033},{"id":74116,"n":"Bière blonde de luxe 4% - 50cl","p":0.57,"u":"1,14 €/L","img":"https://fd2-photos.leclercdrive.fr/image.ashx?id=2955599&use=l&cat=p&typeid=i","cat":334853},{"id":74123,"n":"Citron jaune Rustica 200ml","p":0.79,"u":"3,95 €/L","img":"https://fd2-photos.leclercdrive.fr/image.ashx?id=2627652&use=l&cat=p&typeid=i","cat":288383},{"id":74124,"n":"Citron vert Rustica 200ml","p":0.89,"u":"4,45 €/L","img":"https://fd2-photos.leclercdrive.fr/image.ashx?id=2635768&use=l&cat=p&typeid=i","cat":288383},{"id":74133,"n":"Bâtonnets de Surimi Pêche Océan MSC - x18 bâtonnets - 300g","p":2.05,"u":"6,83 €/KG","img":"https://fd2-photos.leclercdrive.fr/image.ashx?id=2981894&use=l&cat=p&typeid=i","cat":285189},{"id":74255,"n":"Sauce foie gras Charal 120g","p":2.0,"u":"16,67 €/KG","img":"https://fd2-photos.leclercdrive.fr/image.ashx?id=2144281&use=l&cat=p&typeid=i","cat":327293},{"id":74326,"n":"Crèpes fourrées P'tit Déli Chocolat noisettes - 256g","p":1.99,"u":"7,77 €/KG","img":"https://fd2-photos.leclercdrive.fr/image.ashx?id=2453195&use=l&cat=p&typeid=i","cat":284494},{"id":74337,"n":"IGP Foie gras de canard entier à l'ancienne, en bocal - 180g","p":34.9,"pp":23.03,"u":"127,94 €/KG","img":"https://fd2-photos.leclercdrive.fr/image.ashx?id=1894102&use=l&cat=p&typeid=i","cat":316008},{"id":74381,"n":"Mousse de canard Madrange Au porto - 180g","p":1.61,"u":"8,94 €/KG","img":"https://fd2-photos.leclercdrive.fr/image.ashx?id=2865704&use=l&cat=p&typeid=i","cat":316008},{"id":74656,"n":"Croquettes chien Purina One Medium adulte poulet riz  2.5kg","p":7.39,"u":"2,96 €/KG","img":"https://fd2-photos.leclercdrive.fr/image.ashx?id=2878384&use=l&cat=p&typeid=i","cat":284672},{"id":74680,"n":"Bloc Foie gras canard Excellence Montfort - 880g","p":45.64,"u":"51,86 €/KG","img":"https://fd2-photos.leclercdrive.fr/image.ashx?id=2730994&use=l&cat=p&typeid=i","cat":316008},{"id":74771,"n":"Fromage Petits filous Yoplait Frais, fruits panachés - 18x50g","p":2.64,"u":"2,93 €/KG","img":"https://fd2-photos.leclercdrive.fr/image.ashx?id=2833486&use=l&cat=p&typeid=i","cat":284414},{"id":74857,"n":"Gateaux P'tit Déli Tout chocolat x7 - 210g","p":2.2,"u":"10,48 €/KG","img":"https://fd2-photos.leclercdrive.fr/image.ashx?id=1947372&use=l&cat=p&typeid=i","cat":294776},{"id":75017,"n":"Maquereaux Pêche Océan Grillé nature - 97g","p":1.81,"u":"18,66 €/KG","img":"https://fd2-photos.leclercdrive.fr/image.ashx?id=2394681&use=l&cat=p&typeid=i","cat":303868},{"id":75337,"n":"Café en grains Méo L'original Bio - 500g","p":8.38,"u":"16,76 €/KG","img":"https://fd2-photos.leclercdrive.fr/image.ashx?id=2798533&use=l&cat=p&typeid=i","cat":293237},{"id":75348,"n":"Confiture Bio Lucien Georgelin Orange/Citron/Pamplemousse 320g","p":2.29,"u":"7,16 €/KG","img":"https://fd2-photos.leclercdrive.fr/image.ashx?id=2098736&use=l&cat=p&typeid=i","cat":284480},{"id":75357,"n":"Jus multifruits Jafaden Matin Fruité - 1L","p":2.09,"u":"2,09 €/L","img":"https://fd2-photos.leclercdrive.fr/image.ashx?id=2916713&use=l&cat=p&typeid=i","cat":285435},{"id":75573,"n":"Mousse aux cèpes Madrange 180g","p":1.32,"u":"7,33 €/KG","img":"https://fd2-photos.leclercdrive.fr/image.ashx?id=3008209&use=l&cat=p&typeid=i","cat":316008},{"id":75575,"n":"Mousse canard Madrange Porto - 2x50g","p":1.19,"u":"11,90 €/KG","img":"https://fd2-photos.leclercdrive.fr/image.ashx?id=2885989&use=l&cat=p&typeid=i","cat":316008},{"id":75587,"n":"Oignon jaune bio Bio village 1kg","p":2.79,"u":"2,79 €/KG","img":"https://fd2-photos.leclercdrive.fr/image.ashx?id=2922451&use=l&cat=p&typeid=i","cat":284352},{"id":75593,"n":"Ail blanc bio Bio Village 250g","p":3.79,"u":"15,16 €/KG","img":"https://fd2-photos.leclercdrive.fr/image.ashx?id=2922457&use=l&cat=p&typeid=i","cat":284352},{"id":75595,"n":"Courge butternut bio Bio Village - x1","p":2.59,"img":"https://fd2-photos.leclercdrive.fr/image.ashx?id=2645759&use=l&cat=p&typeid=i","cat":284352},{"id":75629,"n":"Liégeois chocolat Bio Bio village - 4x100g","p":1.89,"u":"4,73 €/KG","img":"https://fd2-photos.leclercdrive.fr/image.ashx?id=2992639&use=l&cat=p&typeid=i","cat":285042},{"id":75630,"n":"Liégéois Bio Bio Village Café - 4x100g","p":1.89,"u":"4,73 €/KG","img":"https://fd2-photos.leclercdrive.fr/image.ashx?id=2992642&use=l&cat=p&typeid=i","cat":285042},{"id":75976,"n":"Potimarron bio Bio Village 1p","p":2.49,"img":"https://fd2-photos.leclercdrive.fr/image.ashx?id=2645765&use=l&cat=p&typeid=i","cat":284352},{"id":75986,"n":"Pizza Feu de bois Bio Village Bio Margharita - 350g","p":3.29,"u":"9,40 €/KG","img":"https://fd2-photos.leclercdrive.fr/image.ashx?id=2943668&use=l&cat=p&typeid=i","cat":284256},{"id":75988,"n":"Fromage blanc lait Bio Village Bio Brebis - 400g","p":2.5,"u":"6,25 €/KG","img":"https://fd2-photos.leclercdrive.fr/image.ashx?id=2839953&use=l&cat=p&typeid=i","cat":314998},{"id":76008,"n":"Chocolat au lait Lindt Création La Crème brûlée - 150g","p":3.05,"u":"20,33 €/KG","img":"https://fd2-photos.leclercdrive.fr/image.ashx?id=2685802&use=l&cat=p&typeid=i","cat":284497},{"id":76011,"n":"Chocolat noir Lindt Création Le Rocher noir - 150g","p":3.05,"u":"20,33 €/KG","img":"https://fd2-photos.leclercdrive.fr/image.ashx?id=2685808&use=l&cat=p&typeid=i","cat":284956},{"id":76015,"n":"Biscuit Speculoos Lotus Biscoff Original - 250g (2x125g)","p":1.39,"u":"5,56 €/KG","img":"https://fd2-photos.leclercdrive.fr/image.ashx?id=2854735&use=l&cat=p&typeid=i","cat":284487},{"id":76018,"n":"Biscuit spéculoos Lotus  Biscoff Original 140g","p":0.95,"u":"6,79 €/KG","img":"https://fd2-photos.leclercdrive.fr/image.ashx?id=2696079&use=l&cat=p&typeid=i","cat":284487},{"id":76024,"n":"Pain de mie seigle Epi d'Or 800g","p":2.6,"u":"3,25 €/KG","img":"https://fd2-photos.leclercdrive.fr/image.ashx?id=2209285&use=l&cat=p&typeid=i","cat":284477},{"id":76025,"n":"Cookies chocolat Eco+ Pépites de chocolat - 200g","p":0.97,"u":"4,85 €/KG","img":"https://fd2-photos.leclercdrive.fr/image.ashx?id=2821872&use=l&cat=p&typeid=i","cat":325066},{"id":76026,"n":"Biscuit tablette Eco+ Chocolat noir - 150g","p":1.08,"u":"7,20 €/KG","img":"https://fd2-photos.leclercdrive.fr/image.ashx?id=2698135&use=l&cat=p&typeid=i","cat":284488},{"id":76113,"n":"Fromage de Chèvre rapé  Les Croisés -  150g","p":2.69,"u":"17,93 €/KG","img":"https://fd2-photos.leclercdrive.fr/image.ashx?id=2897799&use=l&cat=p&typeid=i","cat":314035},{"id":76119,"n":"Secret de mousse La Laitière Chocolat au lait - 4x59g","p":1.42,"u":"6,02 €/KG","img":"https://fd2-photos.leclercdrive.fr/image.ashx?id=2729740&use=l&cat=p&typeid=i","cat":284417},{"id":76120,"n":"Secret de mousse la Laitière Chocolat noir - 4x59g","p":1.42,"u":"6,02 €/KG","img":"https://fd2-photos.leclercdrive.fr/image.ashx?id=2616835&use=l&cat=p&typeid=i","cat":284417},{"id":76130,"n":"Hachis parmentier Marie 600g","p":3.67,"u":"6,12 €/KG","img":"https://fd2-photos.leclercdrive.fr/image.ashx?id=2993388&use=l&cat=p&typeid=i","cat":284254},{"id":76132,"n":"Lasagnes à la bolognaise Marie 600g","p":3.8,"u":"6,33 €/KG","img":"https://fd2-photos.leclercdrive.fr/image.ashx?id=2993391&use=l&cat=p&typeid=i","cat":284254},{"id":76147,"n":"Yaourt Nature Panier de Yoplait Lit de Fruits Rouges - 6x140g","p":2.77,"u":"3,30 €/KG","img":"https://fd2-photos.leclercdrive.fr/image.ashx?id=2884423&use=l&cat=p&typeid=i","cat":284410},{"id":76149,"n":"Yaourt Nature Panier de Yoplait Lit de Fruits Jaunes - 6x140g","p":3.11,"u":"3,70 €/KG","img":"https://fd2-photos.leclercdrive.fr/image.ashx?id=2884426&use=l&cat=p&typeid=i","cat":284410},{"id":76211,"n":"L'ours d'or Haribo Sachet bonbons - 300g","p":1.72,"u":"5,73 €/KG","img":"https://fd2-photos.leclercdrive.fr/image.ashx?id=2805201&use=l&cat=p&typeid=i","cat":304250},{"id":76212,"n":"Tutti Candi Haribo Sachet bonbons - 250g","p":1.65,"u":"6,60 €/KG","img":"https://fd2-photos.leclercdrive.fr/image.ashx?id=2984910&use=l&cat=p&typeid=i","cat":304250},{"id":76214,"n":"Chamallows Choco Haribo Sachet bonbons guimauve - 160g","p":1.97,"u":"12,31 €/KG","img":"https://fd2-photos.leclercdrive.fr/image.ashx?id=2984919&use=l&cat=p&typeid=i","cat":304250},{"id":76219,"n":"Cannelloni Côté Table 800g","p":2.99,"u":"3,74 €/KG","img":"https://fd2-photos.leclercdrive.fr/image.ashx?id=2977897&use=l&cat=p&typeid=i","cat":284442},{"id":76221,"n":"Pur jus Bio Village Bio Citron Sicile - 25cl","p":1.29,"u":"5,16 €/L","img":"https://fd2-photos.leclercdrive.fr/image.ashx?id=3010446&use=l&cat=p&typeid=i","cat":288383},{"id":76224,"n":"Maoam Stripes Haribo Sachet bonbons - 250g","p":2.02,"u":"8,08 €/KG","img":"https://fd2-photos.leclercdrive.fr/image.ashx?id=2953561&use=l&cat=p&typeid=i","cat":304250},{"id":76272,"n":"Lasagnes bolognaises Côté Table Viande de boeuf français - 600g","p":2.99,"u":"4,98 €/KG","img":"https://fd2-photos.leclercdrive.fr/image.ashx?id=2597324&use=l&cat=p&typeid=i","cat":284254},{"id":76356,"n":"IGP Pays d'Oc rosé Roche Mazet Syrah - BIB 3L","p":10.43,"u":"3,48 €/L","img":"https://fd2-photos.leclercdrive.fr/image.ashx?id=2597127&use=l&cat=p&typeid=i","cat":289560},{"id":76454,"n":"Dos de Colin d'Alaska Findus MSC - x6 - 660g","p":7.57,"u":"11,47 €/KG","img":"https://fd2-photos.leclercdrive.fr/image.ashx?id=2735341&use=l&cat=p&typeid=i","cat":319786},{"id":76466,"n":"Gâteau breton à la framboise La Quimperloise - 400g","p":6.35,"u":"15,88 €/KG","img":"https://fd2-photos.leclercdrive.fr/image.ashx?id=2757374&use=l&cat=p&typeid=i","cat":293600},{"id":76468,"n":"Gâteau breton aux pruneaux La Quimperloise - 400g","p":6.51,"u":"16,28 €/KG","img":"https://fd2-photos.leclercdrive.fr/image.ashx?id=2757371&use=l&cat=p&typeid=i","cat":293600},{"id":76469,"n":"Kouign Amann La Quimperloise- 400g","p":7.74,"u":"19,35 €/KG","img":"https://fd2-photos.leclercdrive.fr/image.ashx?id=2757377&use=l&cat=p&typeid=i","cat":293600},{"id":76487,"n":"Plaisir aux Noix  Lenôtre - 410g","p":7.81,"u":"19,05 €/KG","img":"https://fd2-photos.leclercdrive.fr/image.ashx?id=2807750&use=l&cat=p&typeid=i","cat":284267},{"id":76501,"n":"Chips Tortilla Old El Paso Nachips - 185g","p":2.08,"u":"11,24 €/KG","img":"https://fd2-photos.leclercdrive.fr/image.ashx?id=2444519&use=l&cat=p&typeid=i","cat":288993},{"id":76515,"n":"AOP Petit-Chablis blanc Union Vignerons - 75 cl","p":11.28,"u":"15,04 €/L","img":"https://fd2-photos.leclercdrive.fr/image.ashx?id=2417884&use=l&cat=p&typeid=i","cat":289557},{"id":76600,"n":"Nems cocktail au porc avec sauce Nuoc Mam - 180g","p":3.49,"u":"19,39 €/KG","img":"https://fd2-photos.leclercdrive.fr/image.ashx?id=2042836&use=l&cat=p&typeid=i","cat":333673},{"id":76604,"n":"Nem au Poulet 4x65g","p":3.95,"u":"15,19 €/KG","img":"https://fd2-photos.leclercdrive.fr/image.ashx?id=2870548&use=l&cat=p&typeid=i","cat":333673},{"id":76608,"n":"Beignet de Crevette Pané 6x20g","p":3.95,"u":"32,92 €/KG","img":"https://fd2-photos.leclercdrive.fr/image.ashx?id=2788652&use=l&cat=p&typeid=i","cat":333673},{"id":76617,"n":"Riz Cantonais  300g","p":3.1,"u":"10,33 €/KG","img":"https://fd2-photos.leclercdrive.fr/image.ashx?id=2788637&use=l&cat=p&typeid=i","cat":333665},{"id":76687,"n":"Citronnade pétillante Pulco Citron - 1L","p":1.9,"u":"1,90 €/L","img":"https://fd2-photos.leclercdrive.fr/image.ashx?id=2850482&use=l&cat=p&typeid=i","cat":284532},{"id":76719,"n":"Serviette papier Aqua Homeside Triple épaisseur 40x40cm - x20","p":1.39,"u":"0,07 €/P","img":"https://fd2-photos.leclercdrive.fr/image.ashx?id=2711710&use=l&cat=p&typeid=i","cat":334134},{"id":76725,"n":"Serviette papier Rouge Homeside Triple épaisseur 40x40cm - x20","p":1.39,"u":"0,07 €/P","img":"https://fd2-photos.leclercdrive.fr/image.ashx?id=1659735&use=l&cat=p&typeid=i","cat":334134},{"id":76732,"n":"Yaourt allégé Sveltesse  Chocolat - 4x125g","p":1.36,"u":"2,72 €/KG","img":"https://fd2-photos.leclercdrive.fr/image.ashx?id=2571020&use=l&cat=p&typeid=i","cat":315000},{"id":76783,"n":"Eau de Toilette Femme Eau Jeune Echappée Belle - 75ml","p":6.87,"pp":4.81,"u":"64,13 €/L","img":"https://fd2-photos.leclercdrive.fr/image.ashx?id=2458745&use=l&cat=p&typeid=i","cat":291525},{"id":76859,"n":"Pâté de boeuf pour chat Eco+ Barquette - 100g","p":0.24,"u":"2,40 €/KG","img":"https://fd2-photos.leclercdrive.fr/image.ashx?id=2052724&use=l&cat=p&typeid=i","cat":285286},{"id":76861,"n":"Pâté au poisson pour chat Eco+ Barquette - 100g","p":0.24,"u":"2,40 €/KG","img":"https://fd2-photos.leclercdrive.fr/image.ashx?id=2982794&use=l&cat=p&typeid=i","cat":285286},{"id":76863,"n":"Snacks chats Plénima Poisson - 50g","p":1.19,"u":"23,80 €/KG","img":"https://fd2-photos.leclercdrive.fr/image.ashx?id=2858998&use=l&cat=p&typeid=i","cat":285285},{"id":76864,"n":"Gelée Bonne Maman Mûres - 370g","p":2.49,"u":"6,73 €/KG","img":"https://fd2-photos.leclercdrive.fr/image.ashx?id=2476305&use=l&cat=p&typeid=i","cat":284480},{"id":76869,"n":"Compote bio Bio Village Gourdes multivariétés - 12x90g","p":6.29,"u":"5,82 €/KG","img":"https://fd2-photos.leclercdrive.fr/image.ashx?id=1974308&use=l&cat=p&typeid=i","cat":284508},{"id":76875,"n":"Confiture Bonne Maman Fraise intense - 335g","p":1.9,"u":"5,67 €/KG","img":"https://fd2-photos.leclercdrive.fr/image.ashx?id=2341008&use=l&cat=p&typeid=i","cat":284480},{"id":76876,"n":"Confiture Bonne Maman Abricot intense - 335g","p":2.04,"u":"6,09 €/KG","img":"https://fd2-photos.leclercdrive.fr/image.ashx?id=2341011&use=l&cat=p&typeid=i","cat":284480},{"id":76877,"n":"Confiture Bonne Maman Framboise intense - 335g","p":2.42,"u":"7,22 €/KG","img":"https://fd2-photos.leclercdrive.fr/image.ashx?id=2341017&use=l&cat=p&typeid=i","cat":284480},{"id":76878,"n":"Confiture Bonne Maman Fruits rouges intense - 335g","p":2.12,"u":"6,33 €/KG","img":"https://fd2-photos.leclercdrive.fr/image.ashx?id=2900977&use=l&cat=p&typeid=i","cat":284480},{"id":76880,"n":"Confiture Bonne Maman Myrtille intense - 335g","p":2.36,"u":"7,04 €/KG","img":"https://fd2-photos.leclercdrive.fr/image.ashx?id=2341020&use=l&cat=p&typeid=i","cat":284480},{"id":76888,"n":"Compotes Pom'Potes Gourdes  Multivariétés - 12x90g","p":4.91,"u":"4,55 €/KG","img":"https://fd2-photos.leclercdrive.fr/image.ashx?id=2986143&use=l&cat=p&typeid=i","cat":284508},{"id":76889,"n":"Compotes Pom'Potes Gourdes  Pomme Nature - 20x90g","p":6.89,"u":"3,83 €/KG","img":"https://fd2-photos.leclercdrive.fr/image.ashx?id=2889220&use=l&cat=p&typeid=i","cat":284508},{"id":76895,"n":"Lait croissance Bio Guigoz En poudre - dès 12 mois - 800g","p":17.13,"u":"21,41 €/KG","img":"https://fd2-photos.leclercdrive.fr/image.ashx?id=2740289&use=l&cat=p&typeid=i","cat":290219},{"id":76999,"n":"Vinaigre de vin rouge Maille 50cl","p":2.28,"u":"4,56 €/L","img":"https://fd2-photos.leclercdrive.fr/image.ashx?id=2812747&use=l&cat=p&typeid=i","cat":298543},{"id":77008,"n":"Petits pains grillés Epi d'Or Briochés - 225g","p":1.45,"u":"6,44 €/KG","img":"https://fd2-photos.leclercdrive.fr/image.ashx?id=2496416&use=l&cat=p&typeid=i","cat":284479},{"id":77010,"n":"Lait concentré sucré Nestlé 8% MG - 397g","p":1.67,"u":"4,21 €/KG","img":"https://fd2-photos.leclercdrive.fr/image.ashx?id=2906832&use=l&cat=p&typeid=i","cat":299162},{"id":77017,"n":"Vinaigrette Maille Huile sésame/soja - 36cl","p":2.91,"u":"8,08 €/L","img":"https://fd2-photos.leclercdrive.fr/image.ashx?id=2985657&use=l&cat=p&typeid=i","cat":284456},{"id":77336,"n":"St nectaire laitier NRT AOP  300g","p":4.28,"u":"14,27 €/KG","img":"https://fd2-photos.leclercdrive.fr/image.ashx?id=2143359&use=l&cat=p&typeid=i","cat":329184},{"id":77360,"n":"Ravioli bolognaise Côté Table 800g","p":2.89,"u":"3,61 €/KG","img":"https://fd2-photos.leclercdrive.fr/image.ashx?id=3015099&use=l&cat=p&typeid=i","cat":284442},{"id":77557,"n":"Rhum blanc Charrette  40%vol - 2L","p":27.0,"u":"13,50 €/L","img":"https://fd2-photos.leclercdrive.fr/image.ashx?id=2811491&use=l&cat=p&typeid=i","cat":284550},{"id":77652,"n":"Plaisir Citron  Recette Lenôtre - 410g","p":10.29,"u":"25,10 €/KG","img":"https://fd2-photos.leclercdrive.fr/image.ashx?id=2807747&use=l&cat=p&typeid=i","cat":284267},{"id":77696,"n":"Yaourt brassé myrtille Soignon Au lait de chèvre - 4x125g","p":2.49,"u":"4,98 €/KG","img":"https://fd2-photos.leclercdrive.fr/image.ashx?id=2518259&use=l&cat=p&typeid=i","cat":314998},{"id":77701,"n":"LE NATURE AU LAIT DE BREBIS 4x110g SOIGNON","p":2.28,"u":"5,18 €/KG","img":"https://fd2-photos.leclercdrive.fr/image.ashx?id=2948111&use=l&cat=p&typeid=i","cat":314998},{"id":77734,"n":"Pains au chocolat Fournée Dorée Beurre frais x8 - 360g","p":2.9,"u":"8,06 €/KG","img":"https://fd2-photos.leclercdrive.fr/image.ashx?id=2950354&use=l&cat=p&typeid=i","cat":296366},{"id":77735,"n":"IGP Vinaigrette à l'orange Maille 36cl","p":2.47,"u":"6,86 €/L","img":"https://fd2-photos.leclercdrive.fr/image.ashx?id=2082855&use=l&cat=p&typeid=i","cat":284456},{"id":77739,"n":"Crème sans rinçage Elsève Cheveu Abimé, Cassant - 200ml","p":5.19,"u":"25,95 €/L","img":"https://fd2-photos.leclercdrive.fr/image.ashx?id=2948980&use=l&cat=p&typeid=i","cat":284608},{"id":77745,"n":"Sauce Gourmet Amora Béarnaise - 184g","p":1.74,"u":"9,46 €/KG","img":"https://fd2-photos.leclercdrive.fr/image.ashx?id=2387876&use=l&cat=p&typeid=i","cat":318430},{"id":77746,"n":"Sauce Gourmet Amora Burger - 188g","p":1.74,"u":"9,26 €/KG","img":"https://fd2-photos.leclercdrive.fr/image.ashx?id=2387879&use=l&cat=p&typeid=i","cat":318430},{"id":77755,"n":"Vinaigrette Légère MAILLE Vin Rouge & Echalotes - 36cl","p":2.46,"u":"6,83 €/L","img":"https://fd2-photos.leclercdrive.fr/image.ashx?id=2788154&use=l&cat=p&typeid=i","cat":284456},{"id":77855,"n":"Huile à barbe L'Oréal Paris Men Expert bois de cèdre - 30ml","p":8.49,"u":"283,00 €/L","img":"https://fd2-photos.leclercdrive.fr/image.ashx?id=3008770&use=l&cat=p&typeid=i","cat":284622},{"id":77877,"n":"Fromage Holland Master  Gouda Vieux AOP - 200g","p":3.49,"u":"17,45 €/KG","img":"https://fd2-photos.leclercdrive.fr/image.ashx?id=1975748&use=l&cat=p&typeid=i","cat":314034},{"id":77882,"n":"Houmous L'Atelier Blini Extra au citron - 175g","p":2.55,"u":"14,57 €/KG","img":"https://fd2-photos.leclercdrive.fr/image.ashx?id=2868984&use=l&cat=p&typeid=i","cat":315999},{"id":77950,"n":"Yaourt Délisse Déli'max Fraise banane - 850g","p":1.45,"u":"1,71 €/KG","img":"https://fd2-photos.leclercdrive.fr/image.ashx?id=2775893&use=l&cat=p&typeid=i","cat":284415},{"id":77970,"n":"Emiettés de rouget Gastromer A la provençale - 150g","p":2.32,"u":"15,47 €/KG","img":"https://fd2-photos.leclercdrive.fr/image.ashx?id=1605680&use=l&cat=p&typeid=i","cat":285191},{"id":77980,"n":"Parmigiano Reg AOP Casa Azzurra Copeaux - 80g","p":2.8,"u":"35,00 €/KG","img":"https://fd2-photos.leclercdrive.fr/image.ashx?id=2261954&use=l&cat=p&typeid=i","cat":314035},{"id":77985,"n":"Sauce à l'aneth Labeyrie Pour Saumon fumé - 100g","p":1.83,"u":"18,30 €/KG","img":"https://fd2-photos.leclercdrive.fr/image.ashx?id=2538701&use=l&cat=p&typeid=i","cat":315999},{"id":77998,"n":"Yaourt Mini max Délisse Framboise - 8x100g","p":2.21,"u":"2,76 €/KG","img":"https://fd2-photos.leclercdrive.fr/image.ashx?id=2762507&use=l&cat=p&typeid=i","cat":284415},{"id":78005,"n":"Feta AOP Casa Azzurra Portion - 150g","p":2.77,"u":"18,47 €/KG","img":"https://fd2-photos.leclercdrive.fr/image.ashx?id=1620610&use=l&cat=p&typeid=i","cat":314026},{"id":78022,"n":"Emiettés de maquereau Gastromer 150g","p":1.94,"u":"12,93 €/KG","img":"https://fd2-photos.leclercdrive.fr/image.ashx?id=1926699&use=l&cat=p&typeid=i","cat":285191},{"id":78053,"n":"Cake au poulet Guyader Petits légumes au curry - 260g","p":4.66,"u":"17,92 €/KG","img":"https://fd2-photos.leclercdrive.fr/image.ashx?id=2492064&use=l&cat=p&typeid=i","cat":316003},{"id":78078,"n":"Café moulu San Marco n°7 - 250g","p":5.22,"u":"20,88 €/KG","img":"https://fd2-photos.leclercdrive.fr/image.ashx?id=2322169&use=l&cat=p&typeid=i","cat":284750},{"id":78092,"n":"Purée de brocolis Florette 2x200g","p":2.65,"u":"6,63 €/KG","img":"https://fd2-photos.leclercdrive.fr/image.ashx?id=2790009&use=l&cat=p&typeid=i","cat":333665},{"id":78133,"n":"Sablés framboise Bonne Maman 150g","p":1.83,"u":"12,20 €/KG","img":"https://fd2-photos.leclercdrive.fr/image.ashx?id=2936215&use=l&cat=p&typeid=i","cat":284487},{"id":78137,"n":"Coquillettes Chaque Jour  Sans gluten - 400g","p":1.57,"u":"3,93 €/KG","img":"https://fd2-photos.leclercdrive.fr/image.ashx?id=2872715&use=l&cat=p&typeid=i","cat":284427},{"id":78138,"n":"Sablé de Retz Saint Michel Oter Bahlsen - 2x120g","p":1.65,"u":"6,88 €/KG","img":"https://fd2-photos.leclercdrive.fr/image.ashx?id=2935684&use=l&cat=p&typeid=i","cat":284487},{"id":78145,"n":"Purée de pois cassés Florette 2 x 200g","p":2.5,"u":"6,25 €/KG","img":"https://fd2-photos.leclercdrive.fr/image.ashx?id=2767687&use=l&cat=p&typeid=i","cat":333665},{"id":78150,"n":"Biscuits aux amandes Kambly Tradition Suisse Rocher - 80g","p":2.29,"u":"28,63 €/KG","img":"https://fd2-photos.leclercdrive.fr/image.ashx?id=2883747&use=l&cat=p&typeid=i","cat":284487},{"id":78154,"n":"Fusilli Chaque Jour  Sans gluten - 400g","p":1.75,"u":"4,38 €/KG","img":"https://fd2-photos.leclercdrive.fr/image.ashx?id=2885774&use=l&cat=p&typeid=i","cat":284427},{"id":78160,"n":"Petits cookies Bonne Maman Pépites de chocolat - 250g","p":2.85,"u":"11,40 €/KG","img":"https://fd2-photos.leclercdrive.fr/image.ashx?id=2936170&use=l&cat=p&typeid=i","cat":325066},{"id":78176,"n":"Mini cônes Extrême Vanille Chocolat x8 - 312g","p":3.51,"u":"11,25 €/KG","img":"https://fd2-photos.leclercdrive.fr/image.ashx?id=2737030&use=l&cat=p&typeid=i","cat":284264},{"id":78177,"n":"Glace Extrême mini Vanille/pecan/cookie - 8x39g","p":3.97,"u":"12,72 €/KG","img":"https://fd2-photos.leclercdrive.fr/image.ashx?id=2346485&use=l&cat=p&typeid=i","cat":284264},{"id":78192,"n":"Pizza extrème Marie L'américaine - 530g","p":3.33,"u":"6,28 €/KG","img":"https://fd2-photos.leclercdrive.fr/image.ashx?id=2996767&use=l&cat=p&typeid=i","cat":284256},{"id":78214,"n":"Cookies mini Granola Pépites de chocolat - 160g","p":1.73,"u":"10,81 €/KG","img":"https://fd2-photos.leclercdrive.fr/image.ashx?id=3002252&use=l&cat=p&typeid=i","cat":325066},{"id":78422,"n":"Houmous intense Sud & Sol 175g","p":2.59,"u":"14,80 €/KG","img":"https://fd2-photos.leclercdrive.fr/image.ashx?id=2937319&use=l&cat=p&typeid=i","cat":315999},{"id":78430,"n":"Coquilles St Jacques  à la bretonne - 2x110g","p":5.74,"u":"26,09 €/KG","img":"https://fd2-photos.leclercdrive.fr/image.ashx?id=2604620&use=l&cat=p&typeid=i","cat":319775},{"id":78544,"n":"Ravioli pur boeuf Côté Table  400g","p":1.35,"u":"3,38 €/KG","img":"https://fd2-photos.leclercdrive.fr/image.ashx?id=2977894&use=l&cat=p&typeid=i","cat":284442},{"id":78546,"n":"Ravioli bolognaise Côté Table 400g","p":1.99,"u":"4,98 €/KG","img":"https://fd2-photos.leclercdrive.fr/image.ashx?id=3014275&use=l&cat=p&typeid=i","cat":284442},{"id":78577,"n":"Gaufrettes Brun  Chocolat - 146g","p":0.92,"u":"6,30 €/KG","img":"https://fd2-photos.leclercdrive.fr/image.ashx?id=2842543&use=l&cat=p&typeid=i","cat":284487},{"id":78594,"n":"Biscuits croquants Délichoc Chocolat noir - 150g","p":1.73,"u":"11,53 €/KG","img":"https://fd2-photos.leclercdrive.fr/image.ashx?id=2956307&use=l&cat=p&typeid=i","cat":284488},{"id":78618,"n":"Assiettes en carton Eco+ x100","p":3.95,"img":"https://fd2-photos.leclercdrive.fr/image.ashx?id=1307672&use=l&cat=p&typeid=i","cat":334134},{"id":78628,"n":"Serviettes blanches Homeside x30 - 38cmx38cm - 2 plis","p":1.31,"u":"0,04 €/P","img":"https://fd2-photos.leclercdrive.fr/image.ashx?id=1659693&use=l&cat=p&typeid=i","cat":334134},{"id":78678,"n":"Préparation Bio à l'abricot Lucien georgelin - 320g","p":2.39,"u":"7,47 €/KG","img":"https://fd2-photos.leclercdrive.fr/image.ashx?id=2098742&use=l&cat=p&typeid=i","cat":284480},{"id":78715,"n":"Gaufrettes vanille Eco+ 190g","p":0.69,"u":"3,63 €/KG","img":"https://fd2-photos.leclercdrive.fr/image.ashx?id=2760786&use=l&cat=p&typeid=i","cat":284487},{"id":78716,"n":"Gaufrettes chocolat Eco+ 190g","p":0.69,"u":"3,63 €/KG","img":"https://fd2-photos.leclercdrive.fr/image.ashx?id=2568756&use=l&cat=p&typeid=i","cat":284487},{"id":78717,"n":"Brioche tranchée Eco+ Nature - 500g","p":1.19,"u":"2,38 €/KG","img":"https://fd2-photos.leclercdrive.fr/image.ashx?id=2605086&use=l&cat=p&typeid=i","cat":284478},{"id":78722,"n":"Tartelettes à l'abricot Eco+ x12 - 200g","p":0.8,"u":"4,00 €/KG","img":"https://fd2-photos.leclercdrive.fr/image.ashx?id=2320725&use=l&cat=p&typeid=i","cat":284489},{"id":78723,"n":"Petits beurre Eco+ x24 - 175g","p":0.58,"u":"3,31 €/KG","img":"https://fd2-photos.leclercdrive.fr/image.ashx?id=2758782&use=l&cat=p&typeid=i","cat":284487},{"id":78726,"n":"Biscuits petit déjeuner Eco+ x25 - 350g","p":0.73,"u":"2,09 €/KG","img":"https://fd2-photos.leclercdrive.fr/image.ashx?id=2550821&use=l&cat=p&typeid=i","cat":284491},{"id":78728,"n":"Goûter fourré Eco+ Chocolat - 300g","p":1.07,"u":"3,57 €/KG","img":"https://fd2-photos.leclercdrive.fr/image.ashx?id=2775884&use=l&cat=p&typeid=i","cat":284488},{"id":78732,"n":"Guacamole Old El Paso Doux - 320g","p":2.25,"u":"7,03 €/KG","img":"https://fd2-photos.leclercdrive.fr/image.ashx?id=2737612&use=l&cat=p&typeid=i","cat":288993},{"id":78734,"n":"Boisson gourmande PAGO Red ACE Orange sang carotte ctrn - 75cl","p":1.8,"u":"2,40 €/L","img":"https://fd2-photos.leclercdrive.fr/image.ashx?id=2861234&use=l&cat=p&typeid=i","cat":284915},{"id":78742,"n":"Pain campagnard Schar Aux graines sans gluten - 250g","p":3.39,"u":"13,56 €/KG","img":"https://fd2-photos.leclercdrive.fr/image.ashx?id=2139874&use=l&cat=p&typeid=i","cat":325069},{"id":78744,"n":"Pain de mie Schär - Classic Sans gluten - 300g","p":3.39,"u":"11,30 €/KG","img":"https://fd2-photos.leclercdrive.fr/image.ashx?id=2659418&use=l&cat=p&typeid=i","cat":318654},{"id":78771,"n":"Galette Bonne Maman x12 - 170g","p":1.75,"u":"10,29 €/KG","img":"https://fd2-photos.leclercdrive.fr/image.ashx?id=2935792&use=l&cat=p&typeid=i","cat":284487},{"id":78773,"n":"Tablette de chocolat noir Lindt Noir 78% cacao - 100g","p":2.43,"u":"24,30 €/KG","img":"https://fd2-photos.leclercdrive.fr/image.ashx?id=2689481&use=l&cat=p&typeid=i","cat":284956},{"id":78827,"n":"Crème dessert caramel Ker Ronan - 4x105g","p":1.9,"u":"4,52 €/KG","img":"https://fd2-photos.leclercdrive.fr/image.ashx?id=1989546&use=l&cat=p&typeid=i","cat":285041},{"id":78828,"n":"Yaourts brassés orange/ananas Ker Ronan - 4x125g","p":2.07,"u":"4,14 €/KG","img":"https://fd2-photos.leclercdrive.fr/image.ashx?id=1989540&use=l&cat=p&typeid=i","cat":284410},{"id":78849,"n":"Yaourts brassés Ker Ronan  Citron/citron vert- 4x125g","p":1.68,"u":"3,36 €/KG","img":"https://fd2-photos.leclercdrive.fr/image.ashx?id=1989528&use=l&cat=p&typeid=i","cat":284410},{"id":78850,"n":"Yaourt nature Ker Ronan  4x125g","p":1.68,"u":"3,36 €/KG","img":"https://fd2-photos.leclercdrive.fr/image.ashx?id=1989522&use=l&cat=p&typeid=i","cat":284409},{"id":78856,"n":"Yaourts brassés Ker Ronan  Myrtille - 4x125g","p":2.16,"u":"4,32 €/KG","img":"https://fd2-photos.leclercdrive.fr/image.ashx?id=1989537&use=l&cat=p&typeid=i","cat":284410},{"id":78937,"n":"Knacki végétal Herta x6 - 210g","p":2.27,"u":"10,81 €/KG","img":"https://fd2-photos.leclercdrive.fr/image.ashx?id=2992323&use=l&cat=p&typeid=i","cat":316036},{"id":78953,"n":"Savon solide Bionaïa Abricot bio - 100g","p":1.39,"u":"13,90 €/KG","img":"https://fd2-photos.leclercdrive.fr/image.ashx?id=2331324&use=l&cat=p&typeid=i","cat":284597},{"id":78965,"n":"Xtrem Box Sodebo Radiatori à la Bolognaise -400g","p":3.16,"u":"7,90 €/KG","img":"https://fd2-photos.leclercdrive.fr/image.ashx?id=2638760&use=l&cat=p&typeid=i","cat":334983},{"id":78969,"n":"Trio de lentilles à la moutarde Pierre Martinet - 250g","p":2.33,"u":"9,32 €/KG","img":"https://fd2-photos.leclercdrive.fr/image.ashx?id=2939610&use=l&cat=p&typeid=i","cat":316036},{"id":78970,"n":"Ravioli emmental Bio Village Bio Basilic - 250g","p":2.99,"u":"11,96 €/KG","img":"https://fd2-photos.leclercdrive.fr/image.ashx?id=2843611&use=l&cat=p&typeid=i","cat":333682},{"id":79016,"n":"Galette boulgour Céréal Bio  Bio tomate parmesan x2 200G","p":2.49,"u":"12,45 €/KG","img":"https://fd2-photos.leclercdrive.fr/image.ashx?id=2573519&use=l&cat=p&typeid=i","cat":284953},{"id":79068,"n":"IGP Côte des roses Rosé Languedoc Roussillon 13% - 75cl","p":7.89,"u":"10,52 €/L","img":"https://fd2-photos.leclercdrive.fr/image.ashx?id=2505528&use=l&cat=p&typeid=i","cat":289558},{"id":79092,"n":"Adoucissant peaux sensibles 40 lavages - 750 ml - UNI VERT","p":1.78,"u":"2,37 €/L","img":"https://fd2-photos.leclercdrive.fr/image.ashx?id=2893334&use=l&cat=p&typeid=i","cat":284650},{"id":79094,"n":"Purée de pommes C'est Qui Le Patron - 4x95g","p":1.27,"u":"3,34 €/KG","img":"https://fd2-photos.leclercdrive.fr/image.ashx?id=2097659&use=l&cat=p&typeid=i","cat":284508},{"id":79095,"n":"Purée de pommes C'est Qui Le Patron - 840g","p":2.67,"u":"3,18 €/KG","img":"https://fd2-photos.leclercdrive.fr/image.ashx?id=2097662&use=l&cat=p&typeid=i","cat":284508},{"id":79140,"n":"Pommes Elstar 1p","p":0.56,"img":"https://fd2-photos.leclercdrive.fr/image.ashx?id=1631101&use=l&cat=p&typeid=i","cat":284356},{"id":79195,"n":"Baguette Le Moelleux Daunat Jambon Oeuf - 230g","p":1.98,"u":"8,61 €/KG","img":"https://fd2-photos.leclercdrive.fr/image.ashx?id=2623226&use=l&cat=p&typeid=i","cat":333658},{"id":79221,"n":"Petit pot bébé bio Blédina 6m  Légumes poulet - 2x200g","p":3.17,"u":"7,93 €/KG","img":"https://fd2-photos.leclercdrive.fr/image.ashx?id=2951578&use=l&cat=p&typeid=i","cat":312236},{"id":79233,"n":"Petit pot bébé bio Blédina 4-6m Haricots pomme de terre -2x130g","p":1.9,"u":"7,31 €/KG","img":"https://fd2-photos.leclercdrive.fr/image.ashx?id=2831699&use=l&cat=p&typeid=i","cat":312234},{"id":79243,"n":"Petit pot bébé bio Blédina 4-6m Patate douce - 2x130g","p":1.77,"u":"6,81 €/KG","img":"https://fd2-photos.leclercdrive.fr/image.ashx?id=2848581&use=l&cat=p&typeid=i","cat":312234},{"id":79252,"n":"Compote bébé bio Blédina 6 mois Pomme banane kiwi - 2x130g","p":2.08,"u":"8,00 €/KG","img":"https://fd2-photos.leclercdrive.fr/image.ashx?id=2848560&use=l&cat=p&typeid=i","cat":312388},{"id":79260,"n":"Compote bébé bio Blédina 6 mois Pomme banane nectarine - 2x130g","p":1.86,"u":"7,15 €/KG","img":"https://fd2-photos.leclercdrive.fr/image.ashx?id=2848572&use=l&cat=p&typeid=i","cat":312388},{"id":79264,"n":"Miel de Bretagne Le Manoir des Abeilles - 350g","p":7.22,"u":"20,63 €/KG","img":"https://fd2-photos.leclercdrive.fr/image.ashx?id=2073673&use=l&cat=p&typeid=i","cat":287643},{"id":79311,"n":"Après-Shampooing Sobio Etic Lait d'amande Bio - 200ml","p":4.03,"u":"20,15 €/L","img":"https://fd2-photos.leclercdrive.fr/image.ashx?id=2787065&use=l&cat=p&typeid=i","cat":284607},{"id":79402,"n":"Chorizo espagnol fort x30 - 150g","p":2.19,"u":"14,60 €/KG","img":"https://fd2-photos.leclercdrive.fr/image.ashx?id=1873728&use=l&cat=p&typeid=i","cat":316007},{"id":79404,"n":"P'tit max Délisse Vanille - 6x180g","p":2.03,"u":"1,88 €/KG","img":"https://fd2-photos.leclercdrive.fr/image.ashx?id=2757933&use=l&cat=p&typeid=i","cat":284415},{"id":79406,"n":"P'tit max Délisse Framboise - 6x180g","p":2.03,"u":"1,88 €/KG","img":"https://fd2-photos.leclercdrive.fr/image.ashx?id=2757936&use=l&cat=p&typeid=i","cat":284415},{"id":79467,"n":"Filet mignon Petitgas 30 tranches - 75g","p":3.26,"u":"43,47 €/KG","img":"https://fd2-photos.leclercdrive.fr/image.ashx?id=2175174&use=l&cat=p&typeid=i","cat":316007},{"id":79517,"n":"Soupe velouté Knorr 9 légumes - 1L","p":1.78,"u":"1,78 €/L","img":"https://fd2-photos.leclercdrive.fr/image.ashx?id=2408273&use=l&cat=p&typeid=i","cat":284462},{"id":79519,"n":"Soupe mouliné Knorr Légumes variés - 1L","p":1.8,"u":"1,80 €/L","img":"https://fd2-photos.leclercdrive.fr/image.ashx?id=2408276&use=l&cat=p&typeid=i","cat":284462},{"id":79528,"n":"Nouilles Tables du Monde Asiatiques Boeuf cup - 61.5g","p":0.74,"u":"11,94 €/KG","img":"https://fd2-photos.leclercdrive.fr/image.ashx?id=2920199&use=l&cat=p&typeid=i","cat":288992},{"id":79529,"n":"Nouille Tables du Monde Asiatique Poulet cup - 61.5g","p":0.74,"u":"11,94 €/KG","img":"https://fd2-photos.leclercdrive.fr/image.ashx?id=2920202&use=l&cat=p&typeid=i","cat":288992},{"id":79532,"n":"Nouilles Table du Monde Asiatiques Curry cup - 61.5g","p":0.79,"u":"12,74 €/KG","img":"https://fd2-photos.leclercdrive.fr/image.ashx?id=2920205&use=l&cat=p&typeid=i","cat":288992},{"id":79534,"n":"Nouilles Tables du Monde Asiatiques crevette cup - 61.5g","p":0.74,"u":"11,94 €/KG","img":"https://fd2-photos.leclercdrive.fr/image.ashx?id=1948586&use=l&cat=p&typeid=i","cat":288992},{"id":79556,"n":"Couscous parfumé Tipiak Epice - 510g","p":1.98,"u":"3,88 €/KG","img":"https://fd2-photos.leclercdrive.fr/image.ashx?id=2882866&use=l&cat=p&typeid=i","cat":284429},{"id":79590,"n":"Sardine huile d'arachide  La Quiberonaise - 69g","p":3.38,"u":"48,99 €/KG","img":"https://fd2-photos.leclercdrive.fr/image.ashx?id=2979815&use=l&cat=p&typeid=i","cat":305146},{"id":79592,"n":"Sardine huile d'arachide  La Quiberonaise - 115g","p":4.3,"u":"37,39 €/KG","img":"https://fd2-photos.leclercdrive.fr/image.ashx?id=2981100&use=l&cat=p&typeid=i","cat":305146},{"id":79597,"n":"Sardine tomate&huile La Quiberonaise - 69g","p":3.36,"u":"48,70 €/KG","img":"https://fd2-photos.leclercdrive.fr/image.ashx?id=2686966&use=l&cat=p&typeid=i","cat":305146},{"id":79623,"n":"Barre de céréales Nature Valley  Crunchy avoine miel X5-210g","p":2.55,"u":"12,14 €/KG","img":"https://fd2-photos.leclercdrive.fr/image.ashx?id=2844472&use=l&cat=p&typeid=i","cat":285869},{"id":79624,"n":"Barre de céréales Nature Valley Crunchy avoine chocolat x5-210g","p":2.47,"u":"11,76 €/KG","img":"https://fd2-photos.leclercdrive.fr/image.ashx?id=2844475&use=l&cat=p&typeid=i","cat":285869},{"id":79625,"n":"Barre de céréales Nature Valley  Sweet & Salty chocolat x5-150g","p":2.73,"u":"18,20 €/KG","img":"https://fd2-photos.leclercdrive.fr/image.ashx?id=2737714&use=l&cat=p&typeid=i","cat":285869},{"id":79937,"n":"Dés de jambon Fleury Michon -25% de sel - 2x75g","p":1.91,"u":"12,73 €/KG","img":"https://fd2-photos.leclercdrive.fr/image.ashx?id=2645492&use=l&cat=p&typeid=i","cat":316011},{"id":79955,"n":"Eau minérale Thonon 6x50cl","p":1.73,"u":"0,58 €/L","img":"https://fd2-photos.leclercdrive.fr/image.ashx?id=2870605&use=l&cat=p&typeid=i","cat":284535},{"id":79971,"n":"Boisson Citronnade Pulco Citron - 1L","p":1.99,"u":"1,99 €/L","img":"https://fd2-photos.leclercdrive.fr/image.ashx?id=2942263&use=l&cat=p&typeid=i","cat":295018},{"id":79972,"n":"Soda rouge Orangina Orange Sanguine - 1,5L","p":1.97,"u":"1,31 €/L","img":"https://fd2-photos.leclercdrive.fr/image.ashx?id=2539833&use=l&cat=p&typeid=i","cat":284532},{"id":80114,"n":"Lait bébé Les récoltes bio croissance Blédina 10 mois 6x1l","p":14.36,"u":"2,39 €/L","img":"https://fd2-photos.leclercdrive.fr/image.ashx?id=2605440&use=l&cat=p&typeid=i","cat":284728},{"id":80130,"n":"Alèses absorbantes DryNites 78x88cm - x12","p":13.22,"u":"1,10 €/P","img":"https://fd2-photos.leclercdrive.fr/image.ashx?id=2883717&use=l&cat=p&typeid=i","cat":290633},{"id":80182,"n":"Bière blonde Morgane bio 6x25cl","p":6.21,"pp":4.35,"u":"2,90 €/L","img":"https://fd2-photos.leclercdrive.fr/image.ashx?id=1758442&use=l&cat=p&typeid=i","cat":334873},{"id":80183,"n":"Bière blonde Duchesse Anne Triple - 6x25cl","p":6.21,"pp":4.35,"u":"2,90 €/L","img":"https://fd2-photos.leclercdrive.fr/image.ashx?id=1650626&use=l&cat=p&typeid=i","cat":334872},{"id":80264,"n":"Joker Pur Jus Engagé  Multifruits - 2L","p":5.01,"u":"2,51 €/L","img":"https://fd2-photos.leclercdrive.fr/image.ashx?id=2846358&use=l&cat=p&typeid=i","cat":284917},{"id":80302,"n":"Eau minérale naturelle Volvic 6x1,5L","p":3.04,"u":"0,34 €/L","img":"https://fd2-photos.leclercdrive.fr/image.ashx?id=2730244&use=l&cat=p&typeid=i","cat":284535},{"id":80305,"n":"Boisson aux fruits Oasis Tropical - 12x33cl","p":6.35,"u":"1,60 €/L","img":"https://fd2-photos.leclercdrive.fr/image.ashx?id=2880706&use=l&cat=p&typeid=i","cat":295018},{"id":80306,"n":"Soda Schweppes Saveur Agrumes -12x33cl","p":6.99,"u":"1,77 €/L","img":"https://fd2-photos.leclercdrive.fr/image.ashx?id=2852426&use=l&cat=p&typeid=i","cat":284532},{"id":80346,"n":"yaourt aux fruits bifidus activia cerise - 4x125g","p":1.78,"u":"3,56 €/KG","img":"https://fd2-photos.leclercdrive.fr/image.ashx?id=2885327&use=l&cat=p&typeid=i","cat":315000},{"id":80352,"n":"Cannelloni Côté Table  - 400g","p":2.07,"u":"5,18 €/KG","img":"https://fd2-photos.leclercdrive.fr/image.ashx?id=2977900&use=l&cat=p&typeid=i","cat":284442},{"id":80380,"n":"Tablette De Chocolat Poulain Noir Extra - 200g","p":2.07,"u":"10,35 €/KG","img":"https://fd2-photos.leclercdrive.fr/image.ashx?id=2890262&use=l&cat=p&typeid=i","cat":284956},{"id":80382,"n":"Tablette De Chocolat Poulain Noir Extra - 2x100g","p":2.47,"u":"12,35 €/KG","img":"https://fd2-photos.leclercdrive.fr/image.ashx?id=2867566&use=l&cat=p&typeid=i","cat":284956},{"id":80479,"n":"Bières Blondes Chouffe 6x33cl","p":11.66,"u":"5,89 €/L","img":"https://fd2-photos.leclercdrive.fr/image.ashx?id=2877079&use=l&cat=p&typeid=i","cat":334872},{"id":80524,"n":"Saucisson sec au poivre 200g - Charcuterie des druides","p":3.51,"u":"17,55 €/KG","img":"https://fd2-photos.leclercdrive.fr/image.ashx?id=2506269&use=l&cat=p&typeid=i","cat":316006},{"id":80528,"n":"Saucisson sec Senan Charcuterie des druides","p":3.32,"img":"https://fd2-photos.leclercdrive.fr/image.ashx?id=2506266&use=l&cat=p&typeid=i","cat":316006},{"id":80553,"n":"Pack de 3 cartouches Brita Filtrantes classic","p":18.3,"u":"6,10 €/P","img":"https://fd2-photos.leclercdrive.fr/image.ashx?id=2433259&use=l&cat=p&typeid=i","cat":334135},{"id":80618,"n":"Sucette Smart Night Tigex En silicone T3 - Panda","p":4.87,"img":"https://fd2-photos.leclercdrive.fr/image.ashx?id=2091485&use=l&cat=p&typeid=i","cat":284743},{"id":80620,"n":"Poulet rôti en Cocotte BORDEAU CHESNEL - 110g","p":1.53,"u":"13,91 €/KG","img":"https://fd2-photos.leclercdrive.fr/image.ashx?id=2896919&use=l&cat=p&typeid=i","cat":316008},{"id":80630,"n":"Purée de tomates Bio Village Bio  - 72cl","p":1.54,"u":"2,14 €/L","img":"https://fd2-photos.leclercdrive.fr/image.ashx?id=2699589&use=l&cat=p&typeid=i","cat":288384},{"id":80840,"n":"Bouillon Cube Maggi Pot au feu - Dégraissé - 120g","p":1.5,"u":"12,50 €/KG","img":"https://fd2-photos.leclercdrive.fr/image.ashx?id=2212327&use=l&cat=p&typeid=i","cat":288379},{"id":80841,"n":"Bouillon Cube Maggi Volaille - Degraissé - 120g","p":1.58,"u":"13,17 €/KG","img":"https://fd2-photos.leclercdrive.fr/image.ashx?id=2737087&use=l&cat=p&typeid=i","cat":288379},{"id":80842,"n":"Bouillon Cube Maggi Dégraissé - 120g","p":1.5,"u":"12,50 €/KG","img":"https://fd2-photos.leclercdrive.fr/image.ashx?id=2737090&use=l&cat=p&typeid=i","cat":288379},{"id":80927,"n":"Fromage chèvre chaud Soignon Nature - 21% MG - 4x25g","p":1.94,"u":"19,40 €/KG","img":"https://fd2-photos.leclercdrive.fr/image.ashx?id=2844951&use=l&cat=p&typeid=i","cat":314027},{"id":80976,"n":"Crème fraiche Président Extra épaisse 35%mg - 450g","p":3.43,"u":"7,62 €/KG","img":"https://fd2-photos.leclercdrive.fr/image.ashx?id=2938650&use=l&cat=p&typeid=i","cat":284381},{"id":81188,"n":"Flan aromatisé vanille Flanby nappé de caramel - 12x100g","p":2.62,"u":"2,18 €/KG","img":"https://fd2-photos.leclercdrive.fr/image.ashx?id=2744584&use=l&cat=p&typeid=i","cat":284420},{"id":81193,"n":"Compotes Douceur du Verger Pomme Châtaigne - 4x100g","p":1.46,"u":"3,65 €/KG","img":"https://fd2-photos.leclercdrive.fr/image.ashx?id=2993304&use=l&cat=p&typeid=i","cat":284416},{"id":81196,"n":"Flan aromatisé vanille Flanby nappé de caramel - 6x100g","p":1.48,"u":"2,47 €/KG","img":"https://fd2-photos.leclercdrive.fr/image.ashx?id=2483786&use=l&cat=p&typeid=i","cat":284420},{"id":81199,"n":"Yaourt La Laitière  Vanille - 8x125g","p":3.23,"u":"3,23 €/KG","img":"https://fd2-photos.leclercdrive.fr/image.ashx?id=2613981&use=l&cat=p&typeid=i","cat":286006},{"id":81222,"n":"Pizza La pizz Sodebo Chorizo - 470g","p":3.2,"u":"6,81 €/KG","img":"https://fd2-photos.leclercdrive.fr/image.ashx?id=2868389&use=l&cat=p&typeid=i","cat":333679},{"id":81224,"n":"Pizza l'Ovale Sodebo Lardons & Chèvre affiné - 200g","p":1.8,"u":"9,00 €/KG","img":"https://fd2-photos.leclercdrive.fr/image.ashx?id=2438564&use=l&cat=p&typeid=i","cat":333679},{"id":81236,"n":"Fromage à tartiner Boursin Ail et fines herbes 10 portions","p":2.41,"u":"15,06 €/KG","img":"https://fd2-photos.leclercdrive.fr/image.ashx?id=2964682&use=l&cat=p&typeid=i","cat":314029},{"id":81243,"n":"Bière blonde Heineken Sans alcool - 12x25cl","p":7.85,"u":"2,62 €/L","img":"https://fd2-photos.leclercdrive.fr/image.ashx?id=2795944&use=l&cat=p&typeid=i","cat":334877},{"id":81246,"n":"Bière blonde Pelforth 12x25cl","p":7.19,"u":"2,40 €/L","img":"https://fd2-photos.leclercdrive.fr/image.ashx?id=2645146&use=l&cat=p&typeid=i","cat":334873},{"id":81254,"n":"Bière blonde Grimbergen 6,7° - 12x25cl","p":9.06,"u":"3,02 €/L","img":"https://fd2-photos.leclercdrive.fr/image.ashx?id=2872865&use=l&cat=p&typeid=i","cat":334852},{"id":81255,"n":"Blère blonde Pelforth 6x25cl","p":4.18,"u":"2,79 €/L","img":"https://fd2-photos.leclercdrive.fr/image.ashx?id=2959025&use=l&cat=p&typeid=i","cat":334873},{"id":81262,"n":"Mort Subite Kriek Lambic 75cl","p":4.35,"u":"5,80 €/L","img":"https://fd2-photos.leclercdrive.fr/image.ashx?id=2944954&use=l&cat=p&typeid=i","cat":334878},{"id":81268,"n":"Bière blonde Grimbergen 6,7° - 6x25cl","p":4.79,"u":"3,19 €/L","img":"https://fd2-photos.leclercdrive.fr/image.ashx?id=2294381&use=l&cat=p&typeid=i","cat":334852},{"id":81272,"n":"Vin mousseux brut blanc  Produit en Allemagne - 75cl","p":1.59,"u":"2,12 €/L","img":"https://fd2-photos.leclercdrive.fr/image.ashx?id=2720133&use=l&cat=p&typeid=i","cat":284544},{"id":81277,"n":"Vin mousseux demi-sec blanc  Produit en Allemagne - 75cl","p":1.6,"u":"2,13 €/L","img":"https://fd2-photos.leclercdrive.fr/image.ashx?id=2720130&use=l&cat=p&typeid=i","cat":284544},{"id":81278,"n":"Vinaigre IGP Toscoro Balsamique de Modène - 50cl","p":3.07,"u":"6,14 €/L","img":"https://fd2-photos.leclercdrive.fr/image.ashx?id=2758150&use=l&cat=p&typeid=i","cat":289010},{"id":81291,"n":"Bière sans alcool Tourtel Twist Citron Vert Menthe 0,0° -6x27cl","p":4.39,"u":"2,66 €/L","img":"https://fd2-photos.leclercdrive.fr/image.ashx?id=2896567&use=l&cat=p&typeid=i","cat":334877},{"id":81318,"n":"Bonbons KINDER Schoko-Bons Chocolat au lait - 500G","p":7.82,"u":"15,64 €/KG","img":"https://fd2-photos.leclercdrive.fr/image.ashx?id=2402925&use=l&cat=p&typeid=i","cat":304238},{"id":81322,"n":"Huile de Tournesol Eco+ 3L","p":4.89,"u":"1,63 €/L","img":"https://fd2-photos.leclercdrive.fr/image.ashx?id=3002506&use=l&cat=p&typeid=i","cat":284453},{"id":81323,"n":"Huile d'olive Bio Carapelli Extra-vierge - 75cl","p":10.88,"u":"14,51 €/L","img":"https://fd2-photos.leclercdrive.fr/image.ashx?id=2737447&use=l&cat=p&typeid=i","cat":284453},{"id":81352,"n":"Dosettes Bio Village Bio Amérique latine  x36 - 252g","p":4.49,"u":"17,82 €/KG","img":"https://fd2-photos.leclercdrive.fr/image.ashx?id=2181837&use=l&cat=p&typeid=i","cat":293238},{"id":81354,"n":"Confiture Eco+ Abricot - 1kg","p":2.17,"u":"2,17 €/KG","img":"https://fd2-photos.leclercdrive.fr/image.ashx?id=2953194&use=l&cat=p&typeid=i","cat":284480},{"id":81371,"n":"Tartine de pain Pasquier Au blé complet - 240g","p":1.49,"u":"6,21 €/KG","img":"https://fd2-photos.leclercdrive.fr/image.ashx?id=2927339&use=l&cat=p&typeid=i","cat":284479},{"id":81378,"n":"Bière Arômatisée Desquiles Rhum - 5.9%vol - 50cl","p":1.7,"u":"3,40 €/L","img":"https://fd2-photos.leclercdrive.fr/image.ashx?id=2637928&use=l&cat=p&typeid=i","cat":334853},{"id":81379,"n":"Jambon cru -25%  de Sel Aoste 6 tranches - 100g","p":3.63,"u":"36,30 €/KG","img":"https://fd2-photos.leclercdrive.fr/image.ashx?id=2359507&use=l&cat=p&typeid=i","cat":316007},{"id":81380,"n":"Chorizo tranché César Moroni Doux 20 tranches - 100g","p":1.97,"u":"19,70 €/KG","img":"https://fd2-photos.leclercdrive.fr/image.ashx?id=2948836&use=l&cat=p&typeid=i","cat":316007},{"id":81383,"n":"Rillettes du Mans La Véritable Bordeau Chesnel - 220g","p":2.14,"u":"9,73 €/KG","img":"https://fd2-photos.leclercdrive.fr/image.ashx?id=2763100&use=l&cat=p&typeid=i","cat":316008},{"id":81384,"n":"Vodka Zubrowska Biala 37.5%vol - 70cl","p":10.95,"u":"15,64 €/L","img":"https://fd2-photos.leclercdrive.fr/image.ashx?id=2961227&use=l&cat=p&typeid=i","cat":284550},{"id":81541,"n":"Bière Coreff Dramm Hud 7.5%vol -  6x25cl","p":6.69,"u":"4,46 €/L","img":"https://fd2-photos.leclercdrive.fr/image.ashx?id=1604864&use=l&cat=p&typeid=i","cat":334872},{"id":81547,"n":"Capsules Nescafé Dolce Gusto  Cappuccino - x8 - 186g","p":4.35,"u":"23,39 €/KG","img":"https://fd2-photos.leclercdrive.fr/image.ashx?id=2838809&use=l&cat=p&typeid=i","cat":293239},{"id":81548,"n":"Pain de mie Harrys 100% mie Nature Sans croûte Maxi - 650g","p":2.1,"u":"3,23 €/KG","img":"https://fd2-photos.leclercdrive.fr/image.ashx?id=2517468&use=l&cat=p&typeid=i","cat":284477},{"id":81549,"n":"Semoule au lait Bonne Maman Vanille Naturelle - 4x100g","p":2.21,"u":"22,10 €/KG","img":"https://fd2-photos.leclercdrive.fr/image.ashx?id=2924281&use=l&cat=p&typeid=i","cat":284418},{"id":81554,"n":"Riz au lait Bonne Maman Vanille Naturelle - 4x100g","p":2.17,"u":"5,43 €/KG","img":"https://fd2-photos.leclercdrive.fr/image.ashx?id=2619130&use=l&cat=p&typeid=i","cat":284418},{"id":81558,"n":"Pain de mie 100% Mie Harrys Nature petites tranches - 500g","p":1.72,"u":"3,44 €/KG","img":"https://fd2-photos.leclercdrive.fr/image.ashx?id=2517453&use=l&cat=p&typeid=i","cat":284477},{"id":81559,"n":"Yaourt Enfant Petits Filous Fruits Mixés Panaché - 12x50g","p":1.82,"u":"3,03 €/KG","img":"https://fd2-photos.leclercdrive.fr/image.ashx?id=2767359&use=l&cat=p&typeid=i","cat":284414},{"id":81564,"n":"AOP Champagne Canard-Duchêne Brut - 75cl","p":23.9,"u":"31,87 €/L","img":"https://fd2-photos.leclercdrive.fr/image.ashx?id=2756909&use=l&cat=p&typeid=i","cat":284542},{"id":81639,"n":"Filet de Poulet x1 La Nouvelle Agriculture- 150g","p":3.63,"u":"24,20 €/KG","img":"https://fd2-photos.leclercdrive.fr/image.ashx?id=2364273&use=l&cat=p&typeid=i","cat":284336},{"id":81673,"n":"Filet de poulet blanc 600g","p":7.75,"u":"12,92 €/KG","img":"https://fd2-photos.leclercdrive.fr/image.ashx?id=2849800&use=l&cat=p&typeid=i","cat":284336},{"id":81678,"n":"Pané de dinde Le Gaulois 200g","p":2.7,"u":"13,50 €/KG","img":"https://fd2-photos.leclercdrive.fr/image.ashx?id=2261648&use=l&cat=p&typeid=i","cat":333683},{"id":81684,"n":"Le Potiron Paysan Breton - 750g","p":2.14,"u":"2,85 €/KG","img":"https://fd2-photos.leclercdrive.fr/image.ashx?id=2882409&use=l&cat=p&typeid=i","cat":319805},{"id":81700,"n":"Compote bébé bio BabyBio Pomme châtaigne - 6 mois - 260g","p":2.15,"u":"8,27 €/KG","img":"https://fd2-photos.leclercdrive.fr/image.ashx?id=2838338&use=l&cat=p&typeid=i","cat":312388},{"id":81702,"n":"Gourde bébé Babybio - 6 mois Bio Pomme / Framboise - 360g","p":3.26,"u":"9,06 €/KG","img":"https://fd2-photos.leclercdrive.fr/image.ashx?id=2827542&use=l&cat=p&typeid=i","cat":312393},{"id":81779,"n":"Thé noir Bio Ethiquable  Tchaï aux épices x20 - 36g","p":2.35,"u":"65,28 €/KG","img":"https://fd2-photos.leclercdrive.fr/image.ashx?id=2870833&use=l&cat=p&typeid=i","cat":293233},{"id":81781,"n":"Thé noir Bio Ethiquable  Earl grey Darjeeling x20 - 36g","p":2.35,"u":"65,28 €/KG","img":"https://fd2-photos.leclercdrive.fr/image.ashx?id=2870836&use=l&cat=p&typeid=i","cat":293233},{"id":81816,"n":"Rillettes du Mans  Bordeau Chesnel - 220g","p":2.48,"img":"https://fd2-photos.leclercdrive.fr/image.ashx?id=2746812&use=l&cat=p&typeid=i","cat":316008},{"id":81839,"n":"AOP Coteaux d'Aix en Provence rosé Domaine Dalma - 75cl","p":7.82,"u":"10,43 €/L","img":"https://fd2-photos.leclercdrive.fr/image.ashx?id=2771100&use=l&cat=p&typeid=i","cat":289558},{"id":81861,"n":"Pain de mie 100% Mie Harrys Nature grandes tranches - 500g","p":1.78,"u":"3,56 €/KG","img":"https://fd2-photos.leclercdrive.fr/image.ashx?id=2517456&use=l&cat=p&typeid=i","cat":284477},{"id":81909,"n":"Café moulu Grand Mère Familial - 250g","p":3.33,"u":"13,32 €/KG","img":"https://fd2-photos.leclercdrive.fr/image.ashx?id=1755046&use=l&cat=p&typeid=i","cat":284750},{"id":81954,"n":"AOP Morgon rouge Domaine de Colonat - 75cl","p":8.63,"u":"11,51 €/L","img":"https://fd2-photos.leclercdrive.fr/image.ashx?id=2624736&use=l&cat=p&typeid=i","cat":289556},{"id":81955,"n":"AOP Juliénas rouge Les Paquelets Juliénas - 75cl","p":9.24,"u":"12,32 €/L","img":"https://fd2-photos.leclercdrive.fr/image.ashx?id=2992218&use=l&cat=p&typeid=i","cat":289556},{"id":81991,"n":"Courgettes rondelle Bio Village Bio - 600g","p":1.99,"u":"3,32 €/KG","img":"https://fd2-photos.leclercdrive.fr/image.ashx?id=2898089&use=l&cat=p&typeid=i","cat":319805},{"id":82004,"n":"Mozzarella mini Galbani 150g","p":2.26,"u":"15,07 €/KG","img":"https://fd2-photos.leclercdrive.fr/image.ashx?id=2766586&use=l&cat=p&typeid=i","cat":314026},{"id":82008,"n":"Emmental râpé fondant Président 3x70g","p":2.67,"u":"12,71 €/KG","img":"https://fd2-photos.leclercdrive.fr/image.ashx?id=2462741&use=l&cat=p&typeid=i","cat":314035},{"id":82009,"n":"Mozzarella râpée cucina Galbani 150g","p":2.72,"u":"18,13 €/KG","img":"https://fd2-photos.leclercdrive.fr/image.ashx?id=2787887&use=l&cat=p&typeid=i","cat":314035},{"id":82071,"n":"AOP Côteaux du Layon blanc Héritage de Terrebrune - 75cl","p":6.98,"u":"9,31 €/L","img":"https://fd2-photos.leclercdrive.fr/image.ashx?id=2997121&use=l&cat=p&typeid=i","cat":289557},{"id":82072,"n":"AOC Rosé D'Anjou Héritage de Terrebrune - 75cl","p":4.62,"u":"6,16 €/L","img":"https://fd2-photos.leclercdrive.fr/image.ashx?id=1408863&use=l&cat=p&typeid=i","cat":289558},{"id":82099,"n":"Steak haché Eco+ x10 - 1kg","p":8.74,"u":"8,74 €/KG","img":"https://fd2-photos.leclercdrive.fr/image.ashx?id=2966532&use=l&cat=p&typeid=i","cat":319778},{"id":82102,"n":"Lanières Trio de poivrons Bio Bio village - 600g","p":2.99,"u":"4,98 €/KG","img":"https://fd2-photos.leclercdrive.fr/image.ashx?id=2898092&use=l&cat=p&typeid=i","cat":319805},{"id":82127,"n":"Vin Italie rouge Chianti DOCG Piccini - 75cl","p":5.27,"u":"7,03 €/L","img":"https://fd2-photos.leclercdrive.fr/image.ashx?id=2794637&use=l&cat=p&typeid=i","cat":289556},{"id":82145,"n":"Bière blonde La G de Goudale 7.9%vol - 75cl","p":3.9,"u":"5,20 €/L","img":"https://fd2-photos.leclercdrive.fr/image.ashx?id=2861566&use=l&cat=p&typeid=i","cat":334872},{"id":82148,"n":"Lardons fumés Supérieur Eco+ 2x100g","p":1.34,"u":"6,70 €/KG","img":"https://fd2-photos.leclercdrive.fr/image.ashx?id=2998895&use=l&cat=p&typeid=i","cat":316011},{"id":82149,"n":"lardons supérieurs ECO+ Nature - 2x100g","p":1.34,"u":"6,70 €/KG","img":"https://fd2-photos.leclercdrive.fr/image.ashx?id=2968655&use=l&cat=p&typeid=i","cat":316011},{"id":82152,"n":"Compote Andros Abricot Morceaux - 4x100g","p":2.27,"u":"5,68 €/KG","img":"https://fd2-photos.leclercdrive.fr/image.ashx?id=2853566&use=l&cat=p&typeid=i","cat":284416},{"id":82157,"n":"Dessert fruitier pêche Andros En morceaux - 4x100g","p":1.92,"u":"4,80 €/KG","img":"https://fd2-photos.leclercdrive.fr/image.ashx?id=2845470&use=l&cat=p&typeid=i","cat":284416},{"id":82159,"n":"Compotes Andros Pomme/chataigne - 4x100g","p":1.63,"u":"4,08 €/KG","img":"https://fd2-photos.leclercdrive.fr/image.ashx?id=2937361&use=l&cat=p&typeid=i","cat":284416},{"id":82166,"n":"Compotes Andros Pomme Fraise - 4x100g","p":1.66,"u":"4,15 €/KG","img":"https://fd2-photos.leclercdrive.fr/image.ashx?id=2915572&use=l&cat=p&typeid=i","cat":284416},{"id":82167,"n":"Compotes Andros Pomme Banane - 4x100g","p":1.39,"u":"3,48 €/KG","img":"https://fd2-photos.leclercdrive.fr/image.ashx?id=2883997&use=l&cat=p&typeid=i","cat":284416},{"id":82172,"n":"Mini cônes Extrême  Vanille Caramel x8 - 312g","p":3.59,"u":"11,51 €/KG","img":"https://fd2-photos.leclercdrive.fr/image.ashx?id=2737033&use=l&cat=p&typeid=i","cat":284264},{"id":82174,"n":"Extrême  Citron Framboise - 6x71g","p":3.65,"u":"8,57 €/KG","img":"https://fd2-photos.leclercdrive.fr/image.ashx?id=2866076&use=l&cat=p&typeid=i","cat":284264},{"id":82177,"n":"Bière blonde Duvel 8.5%vol - 75cl","p":4.12,"u":"5,49 €/L","img":"https://fd2-photos.leclercdrive.fr/image.ashx?id=2111139&use=l&cat=p&typeid=i","cat":334872},{"id":82179,"n":"Bière blonde 3 Monts 75cl","p":2.37,"u":"3,16 €/L","img":"https://fd2-photos.leclercdrive.fr/image.ashx?id=2550553&use=l&cat=p&typeid=i","cat":334852},{"id":82181,"n":"Bière Mort Subite Kriek A la cerise - 33cl","p":1.38,"u":"4,18 €/L","img":"https://fd2-photos.leclercdrive.fr/image.ashx?id=2796414&use=l&cat=p&typeid=i","cat":334872},{"id":82184,"n":"Barres KINDER BUENO White  Chocolat Blanc x12 - 468g","p":8.35,"u":"17,84 €/KG","img":"https://fd2-photos.leclercdrive.fr/image.ashx?id=2679642&use=l&cat=p&typeid=i","cat":284498},{"id":82217,"n":"Gin Hendrick's 41.1%vol - 70cl","p":34.8,"u":"49,71 €/L","img":"https://fd2-photos.leclercdrive.fr/image.ashx?id=2225594&use=l&cat=p&typeid=i","cat":284550},{"id":82234,"n":"Liniment Corine de Farme Bio - 500ml","p":4.52,"u":"9,04 €/L","img":"https://fd2-photos.leclercdrive.fr/image.ashx?id=2424449&use=l&cat=p&typeid=i","cat":284741},{"id":82250,"n":"Thon au Naturel Petit Navire Démarche Responsable 140g","p":2.19,"u":"15,64 €/KG","img":"https://fd2-photos.leclercdrive.fr/image.ashx?id=2928360&use=l&cat=p&typeid=i","cat":303867},{"id":82251,"n":"Thon MSC Naturel Petit Navire Entier -  112g","p":2.77,"u":"24,73 €/KG","img":"https://fd2-photos.leclercdrive.fr/image.ashx?id=2928357&use=l&cat=p&typeid=i","cat":303867},{"id":82253,"n":"Biscuits Thé LU 350g","p":1.47,"u":"4,20 €/KG","img":"https://fd2-photos.leclercdrive.fr/image.ashx?id=2977738&use=l&cat=p&typeid=i","cat":284487},{"id":82264,"n":"Doonuts St Michel Pépites de chocolat - 180g","p":1.8,"u":"10,00 €/KG","img":"https://fd2-photos.leclercdrive.fr/image.ashx?id=1917782&use=l&cat=p&typeid=i","cat":284495},{"id":82265,"n":"Céréales Quaker Cruesli Chocolat - 450g","p":2.56,"u":"5,69 €/KG","img":"https://fd2-photos.leclercdrive.fr/image.ashx?id=2382791&use=l&cat=p&typeid=i","cat":309512},{"id":82281,"n":"Boulettes de boeuf Eco+ x30 - 900g","p":6.97,"u":"7,74 €/KG","img":"https://fd2-photos.leclercdrive.fr/image.ashx?id=2966529&use=l&cat=p&typeid=i","cat":319779},{"id":82307,"n":"Emmental d'Entremont En tranches - 150g","p":2.83,"u":"18,87 €/KG","img":"https://fd2-photos.leclercdrive.fr/image.ashx?id=2877742&use=l&cat=p&typeid=i","cat":314028},{"id":82309,"n":"yaourt fruits bio les 2 vaches brassé poire - 4x115g","p":1.85,"u":"4,02 €/KG","img":"https://fd2-photos.leclercdrive.fr/image.ashx?id=2571527&use=l&cat=p&typeid=i","cat":284410},{"id":82350,"n":"Frites fines McCain Côté Comptoir - 650g","p":2.29,"u":"3,52 €/KG","img":"https://fd2-photos.leclercdrive.fr/image.ashx?id=2693887&use=l&cat=p&typeid=i","cat":319791},{"id":82351,"n":"Frites incurvées McCain Côté Brasserie - 650g","p":2.08,"u":"3,20 €/KG","img":"https://fd2-photos.leclercdrive.fr/image.ashx?id=2927044&use=l&cat=p&typeid=i","cat":319791},{"id":82433,"n":"Cordons Bleus Côté Croc Poulet x4 - 400g","p":3.14,"u":"7,85 €/KG","img":"https://fd2-photos.leclercdrive.fr/image.ashx?id=2801052&use=l&cat=p&typeid=i","cat":333683},{"id":82440,"n":"Boisson lactée Candy'UP Vanille - 6x20cl","p":2.53,"u":"2,11 €/L","img":"https://fd2-photos.leclercdrive.fr/image.ashx?id=2485632&use=l&cat=p&typeid=i","cat":295246},{"id":82515,"n":"Mini Poivrons  Savéol 200g","p":3.29,"u":"16,45 €/KG","img":"https://fd2-photos.leclercdrive.fr/image.ashx?id=2090132&use=l&cat=p&typeid=i","cat":284352},{"id":82516,"n":"Tomates cerises ronde Sans pesticides Savéol - 250g","p":2.8,"u":"11,20 €/KG","img":"https://fd2-photos.leclercdrive.fr/image.ashx?id=2925397&use=l&cat=p&typeid=i","cat":284352},{"id":82520,"n":"Fromage Croque emmental Président - 12 tranches - 200g","p":1.53,"u":"7,65 €/KG","img":"https://fd2-photos.leclercdrive.fr/image.ashx?id=2446356&use=l&cat=p&typeid=i","cat":314028},{"id":82575,"n":"Bière ambrée La Goudale 7.2%vol - 6x25cl","p":5.77,"u":"3,85 €/L","img":"https://fd2-photos.leclercdrive.fr/image.ashx?id=2915521&use=l&cat=p&typeid=i","cat":334852},{"id":82611,"n":"L'Ortolan portions Fromagerie Milleret - 8 x 30 g","p":3.35,"u":"13,96 €/KG","img":"https://fd2-photos.leclercdrive.fr/image.ashx?id=1857850&use=l&cat=p&typeid=i","cat":314030},{"id":82663,"n":"Arrangé Rivière du Mât Banane Vanillé - 70cl - 35%vol","p":17.0,"pp":15.3,"u":"21,86 €/L","img":"https://fd2-photos.leclercdrive.fr/image.ashx?id=2731300&use=l&cat=p&typeid=i","cat":284551},{"id":82672,"n":"Yaourt aux fruits bifidus Activia pruneau - 4x125g","p":1.85,"u":"3,70 €/KG","img":"https://fd2-photos.leclercdrive.fr/image.ashx?id=2886636&use=l&cat=p&typeid=i","cat":315000},{"id":82676,"n":"Yaourt aux fruits bifidus Activia figue - 4x125g","p":1.94,"u":"3,88 €/KG","img":"https://fd2-photos.leclercdrive.fr/image.ashx?id=2886630&use=l&cat=p&typeid=i","cat":315000},{"id":82677,"n":"yaourt aux fruits bifidus activia fraise - 4x125g","p":1.78,"u":"3,56 €/KG","img":"https://fd2-photos.leclercdrive.fr/image.ashx?id=2886627&use=l&cat=p&typeid=i","cat":315000},{"id":82688,"n":"Brandade de Morue Tipiak 1.050kg","p":5.79,"u":"5,51 €/KG","img":"https://fd2-photos.leclercdrive.fr/image.ashx?id=2944023&use=l&cat=p&typeid=i","cat":284254},{"id":82717,"n":"Arrangé Rivière du Mât Ananas Caramélisé 35% vol 70cl","p":17.0,"pp":15.3,"u":"21,86 €/L","img":"https://fd2-photos.leclercdrive.fr/image.ashx?id=2731297&use=l&cat=p&typeid=i","cat":284551},{"id":82739,"n":"Poisson pané Croustibat Findus Petit trésor MSC - x15 - 450g","p":3.15,"u":"7,00 €/KG","img":"https://fd2-photos.leclercdrive.fr/image.ashx?id=3008758&use=l&cat=p&typeid=i","cat":319788},{"id":82741,"n":"Poisson pané Findus Colin  Alaska Fish and Chips x13- 364g","p":2.74,"u":"7,53 €/KG","img":"https://fd2-photos.leclercdrive.fr/image.ashx?id=3008761&use=l&cat=p&typeid=i","cat":319788},{"id":82745,"n":"Couches Activ+ Mots d'enfants  Taille 5 : 11/25kg - x35","p":12.99,"u":"0,37 €/P","img":"https://fd2-photos.leclercdrive.fr/image.ashx?id=1928653&use=l&cat=p&typeid=i","cat":284737},{"id":82748,"n":"Couches Activ+ Mots d'enfants  Taille 4+ 9/20kg - x37 changes","p":12.99,"u":"0,35 €/P","img":"https://fd2-photos.leclercdrive.fr/image.ashx?id=2699747&use=l&cat=p&typeid=i","cat":284737},{"id":82924,"n":"Bière Heineken 6x33cl","p":4.66,"u":"2,35 €/L","img":"https://fd2-photos.leclercdrive.fr/image.ashx?id=3008113&use=l&cat=p&typeid=i","cat":334853},{"id":83005,"n":"Vinaigrette Melfor 50cl","p":2.01,"u":"4,02 €/L","img":"https://fd2-photos.leclercdrive.fr/image.ashx?id=2339547&use=l&cat=p&typeid=i","cat":284456},{"id":83076,"n":"Vouvray Domaine Sylvain Gaudron Brut - 75cl","p":9.15,"u":"12,20 €/L","img":"https://fd2-photos.leclercdrive.fr/image.ashx?id=1652470&use=l&cat=p&typeid=i","cat":284544},{"id":83107,"n":"Bière La G de Goudale 7.9% vol - 33cl","p":1.9,"u":"5,76 €/L","img":"https://fd2-photos.leclercdrive.fr/image.ashx?id=1736938&use=l&cat=p&typeid=i","cat":334872},{"id":83109,"n":"Bières Rince Cochon rouge 75cl","p":4.01,"u":"5,35 €/L","img":"https://fd2-photos.leclercdrive.fr/image.ashx?id=2021238&use=l&cat=p&typeid=i","cat":334872},{"id":83120,"n":"Bière brune Pelforth 12x25cl","p":8.63,"u":"2,88 €/L","img":"https://fd2-photos.leclercdrive.fr/image.ashx?id=2646182&use=l&cat=p&typeid=i","cat":334852},{"id":83227,"n":"Nuggets de poulet Le Gaulois x10 - 200g","p":1.84,"u":"9,20 €/KG","img":"https://fd2-photos.leclercdrive.fr/image.ashx?id=2342818&use=l&cat=p&typeid=i","cat":333684},{"id":83350,"n":"Bonbons Haribo Moam Happy fruttis - 200g","p":1.62,"u":"8,10 €/KG","img":"https://fd2-photos.leclercdrive.fr/image.ashx?id=2984916&use=l&cat=p&typeid=i","cat":304250},{"id":83382,"n":"Coeurs d'Artichauts Florelli A la paysanne - 280g","p":2.75,"u":"9,82 €/KG","img":"https://fd2-photos.leclercdrive.fr/image.ashx?id=2594533&use=l&cat=p&typeid=i","cat":289010},{"id":83476,"n":"Tapenade d'Olives vertes Les Tartinables Florelli 190g","p":2.33,"u":"12,26 €/KG","img":"https://fd2-photos.leclercdrive.fr/image.ashx?id=2904347&use=l&cat=p&typeid=i","cat":289010},{"id":83698,"n":"IGP Pays d'Oc Grenache vin rosé Vieux Carion 12.5% vol - 75cl","p":2.25,"u":"3,00 €/L","img":"https://fd2-photos.leclercdrive.fr/image.ashx?id=2722823&use=l&cat=p&typeid=i","cat":289558},{"id":83787,"n":"Dessert Lacté P'TIT BRASSE BIO Poire Banane 6M+ - 4x90g","p":2.02,"u":"5,61 €/KG","img":"https://fd2-photos.leclercdrive.fr/image.ashx?id=2670866&use=l&cat=p&typeid=i","cat":312392},{"id":83790,"n":"Desserts Lactés P'TIT BRASSE BIO Pomme Pêche 6M+ - 4x90g","p":1.99,"u":"5,53 €/KG","img":"https://fd2-photos.leclercdrive.fr/image.ashx?id=2670863&use=l&cat=p&typeid=i","cat":312392},{"id":83852,"n":"Petites tranches Saint-Agaûne Nature - 70g","p":2.73,"u":"39,00 €/KG","img":"https://fd2-photos.leclercdrive.fr/image.ashx?id=2852558&use=l&cat=p&typeid=i","cat":316006},{"id":83864,"n":"Petites tranches Saint-Agaûne  Délicatement fumé - 70g","p":2.74,"u":"39,14 €/KG","img":"https://fd2-photos.leclercdrive.fr/image.ashx?id=2762205&use=l&cat=p&typeid=i","cat":316006},{"id":83944,"n":"Vin d'Espagne rouge Merlot Bernard Cordelier - 75cl","p":1.75,"u":"2,33 €/L","img":"https://fd2-photos.leclercdrive.fr/image.ashx?id=2756855&use=l&cat=p&typeid=i","cat":289556},{"id":83951,"n":"IGP Pays d'Oc rouge Merlot J-P Chenet 13% vol BIB 3L","p":10.42,"u":"3,47 €/L","img":"https://fd2-photos.leclercdrive.fr/image.ashx?id=2941709&use=l&cat=p&typeid=i","cat":289560},{"id":83974,"n":"IGP  Pays d'Hérault vin rosé Bernard Cordelier - 75cl","p":1.99,"u":"2,65 €/L","img":"https://fd2-photos.leclercdrive.fr/image.ashx?id=2677651&use=l&cat=p&typeid=i","cat":289558},{"id":83985,"n":"IGP Pays d'Oc rouge Merlot Grand Sud 13% vol - 1L","p":3.92,"u":"3,92 €/L","img":"https://fd2-photos.leclercdrive.fr/image.ashx?id=2941583&use=l&cat=p&typeid=i","cat":289556},{"id":83986,"n":"IGP Pays d'Oc rosé Merlot Grand Sud 12.5% vol - 1L","p":3.92,"u":"3,92 €/L","img":"https://fd2-photos.leclercdrive.fr/image.ashx?id=2941580&use=l&cat=p&typeid=i","cat":289558},{"id":84011,"n":"IGP  Pays d'Hérault vin rosé Bernard Cordelier - BIB 3L","p":5.99,"u":"2,00 €/L","img":"https://fd2-photos.leclercdrive.fr/image.ashx?id=2891911&use=l&cat=p&typeid=i","cat":289560},{"id":84014,"n":"AOP Bordeaux vin blanc Bernard Cordelier - 75 cl","p":2.99,"u":"3,99 €/L","img":"https://fd2-photos.leclercdrive.fr/image.ashx?id=2615361&use=l&cat=p&typeid=i","cat":289557},{"id":84019,"n":"IGP  Pays d'Hérault vin rouge Bernard Cordelier - BIB 3L","p":5.99,"u":"2,00 €/L","img":"https://fd2-photos.leclercdrive.fr/image.ashx?id=2758341&use=l&cat=p&typeid=i","cat":289560},{"id":84028,"n":"IGP Méditerranée rosé Les Calandières 12% vol BIB 3L","p":13.88,"u":"4,63 €/L","img":"https://fd2-photos.leclercdrive.fr/image.ashx?id=2997766&use=l&cat=p&typeid=i","cat":289560},{"id":84149,"n":"Café Soluble Carte Noire  Bocal Classique - 100g","p":6.02,"u":"60,20 €/KG","img":"https://fd2-photos.leclercdrive.fr/image.ashx?id=2866094&use=l&cat=p&typeid=i","cat":284843},{"id":84152,"n":"Pain pour Panini La Boulangère x4 - 300g","p":1.7,"u":"5,67 €/KG","img":"https://fd2-photos.leclercdrive.fr/image.ashx?id=2937457&use=l&cat=p&typeid=i","cat":284985},{"id":84154,"n":"Bonbons VICHY Menthe 230g","p":1.07,"u":"4,65 €/KG","img":"https://fd2-photos.leclercdrive.fr/image.ashx?id=2806342&use=l&cat=p&typeid=i","cat":304252},{"id":84158,"n":"Bonbons CARAMBAR Fruits Assortiment - 320g","p":1.62,"u":"5,06 €/KG","img":"https://fd2-photos.leclercdrive.fr/image.ashx?id=2964499&use=l&cat=p&typeid=i","cat":304250},{"id":84159,"n":"Bonbons CARAMBAR Family Assortiment - 450g","p":2.69,"u":"5,98 €/KG","img":"https://fd2-photos.leclercdrive.fr/image.ashx?id=2903446&use=l&cat=p&typeid=i","cat":304250},{"id":84160,"n":"Bonbons CARAMBAR Caramel 320g","p":1.62,"u":"5,06 €/KG","img":"https://fd2-photos.leclercdrive.fr/image.ashx?id=2770124&use=l&cat=p&typeid=i","cat":304250},{"id":84161,"n":"Bonbons LA PIE QUI CHANTE Michoko Noir - 280g","p":2.38,"u":"8,50 €/KG","img":"https://fd2-photos.leclercdrive.fr/image.ashx?id=2817842&use=l&cat=p&typeid=i","cat":304250},{"id":84163,"n":"Break P'tit Déli 135g","p":1.33,"u":"9,85 €/KG","img":"https://fd2-photos.leclercdrive.fr/image.ashx?id=2566200&use=l&cat=p&typeid=i","cat":284488},{"id":84186,"n":"Lait bébé en poudre Bio Guigoz 2ème âge - 6-12 mois - 800g","p":18.61,"u":"23,26 €/KG","img":"https://fd2-photos.leclercdrive.fr/image.ashx?id=2740286&use=l&cat=p&typeid=i","cat":284727},{"id":84188,"n":"Lait bébé en poudre Bio Guigoz 1er âge - 0-6 mois - 800g","p":21.68,"u":"27,10 €/KG","img":"https://fd2-photos.leclercdrive.fr/image.ashx?id=3000438&use=l&cat=p&typeid=i","cat":284726},{"id":84249,"n":"Crème Bio Hydratante Sobio Etic Aloe Vera - 100ml","p":7.43,"u":"74,30 €/L","img":"https://fd2-photos.leclercdrive.fr/image.ashx?id=2787074&use=l&cat=p&typeid=i","cat":325345},{"id":84266,"n":"Crème de jour bio Sobio Etic  Hydratante à l'aloé Vera - 50ml","p":8.44,"u":"168,80 €/L","img":"https://fd2-photos.leclercdrive.fr/image.ashx?id=2802485&use=l&cat=p&typeid=i","cat":325345},{"id":84281,"n":"Poêlée de Pomme de terre  primeur Paysan Breton - 750g","p":3.9,"u":"5,20 €/KG","img":"https://fd2-photos.leclercdrive.fr/image.ashx?id=2882406&use=l&cat=p&typeid=i","cat":319823},{"id":84386,"n":"Croc'Tou Choc Lucien Georgelin 375g - Lucien Georgelin","p":3.05,"u":"8,13 €/KG","img":"https://fd2-photos.leclercdrive.fr/image.ashx?id=2561808&use=l&cat=p&typeid=i","cat":309513},{"id":84437,"n":"Yaourt à boire Mini Yop Aromatisé Framboise - 8x100g","p":2.6,"u":"3,25 €/KG","img":"https://fd2-photos.leclercdrive.fr/image.ashx?id=2320000&use=l&cat=p&typeid=i","cat":284415},{"id":84458,"n":"Crème glacée L'Angélys Artisanale Chocolat noir - 450g","p":5.1,"u":"11,33 €/KG","img":"https://fd2-photos.leclercdrive.fr/image.ashx?id=2963571&use=l&cat=p&typeid=i","cat":284263},{"id":84476,"n":"Les lardons fumés bien élevés  2x75g","p":2.65,"u":"17,67 €/KG","img":"https://fd2-photos.leclercdrive.fr/image.ashx?id=2973874&use=l&cat=p&typeid=i","cat":316011},{"id":84477,"n":"Les allumettes bien élevées Fumées - 2x75g","p":2.89,"u":"19,27 €/KG","img":"https://fd2-photos.leclercdrive.fr/image.ashx?id=2480917&use=l&cat=p&typeid=i","cat":316011},{"id":84763,"n":"Chipolatas supérieures La Nouvelle Agriculture x6-330g","p":4.65,"u":"14,09 €/KG","img":"https://fd2-photos.leclercdrive.fr/image.ashx?id=2831939&use=l&cat=p&typeid=i","cat":284334},{"id":84784,"n":"Filet de poulet Le Gaulois x2 - 300g","p":4.95,"u":"16,50 €/KG","img":"https://fd2-photos.leclercdrive.fr/image.ashx?id=2732761&use=l&cat=p&typeid=i","cat":284336},{"id":84789,"n":"Filet de poulet blanc Le Gaulois x2 - 300g","p":5.15,"u":"17,17 €/KG","img":"https://fd2-photos.leclercdrive.fr/image.ashx?id=2633989&use=l&cat=p&typeid=i","cat":284336},{"id":84790,"n":"Cuisse de poulet blanc Le Gaulois - 500g","p":3.55,"u":"7,10 €/KG","img":"https://fd2-photos.leclercdrive.fr/image.ashx?id=2732752&use=l&cat=p&typeid=i","cat":284336},{"id":84820,"n":"Minis sandwich Daunat jambon/emmental - 130g","p":1.68,"u":"12,92 €/KG","img":"https://fd2-photos.leclercdrive.fr/image.ashx?id=2951812&use=l&cat=p&typeid=i","cat":333658},{"id":84821,"n":"Wrap sauce yaourt Daunat Bacon oeuf tomate - 190g","p":2.36,"u":"12,42 €/KG","img":"https://fd2-photos.leclercdrive.fr/image.ashx?id=2962923&use=l&cat=p&typeid=i","cat":333658},{"id":84823,"n":"Wrap Daunat façon fajitas Poulet rôti - 190g","p":2.6,"u":"13,68 €/KG","img":"https://fd2-photos.leclercdrive.fr/image.ashx?id=2532622&use=l&cat=p&typeid=i","cat":333658},{"id":84856,"n":"Friand à la viande Qualité Traiteur x2 - 200g","p":3.64,"u":"18,20 €/KG","img":"https://fd2-photos.leclercdrive.fr/image.ashx?id=2774487&use=l&cat=p&typeid=i","cat":333671},{"id":85029,"n":"Flocon avoine Happy Bio gros bio  - 500g","p":2.58,"u":"5,16 €/KG","img":"https://fd2-photos.leclercdrive.fr/image.ashx?id=2684994&use=l&cat=p&typeid=i","cat":318651},{"id":85055,"n":"Papier toilette Lotus Moltonel Sans tube - X6","p":5.9,"u":"0,98 €/P","img":"https://fd2-photos.leclercdrive.fr/image.ashx?id=2570580&use=l&cat=p&typeid=i","cat":284634},{"id":85106,"n":"Mayonnaise American Style Heinz  - 395g","p":2.45,"u":"6,20 €/KG","img":"https://fd2-photos.leclercdrive.fr/image.ashx?id=2927059&use=l&cat=p&typeid=i","cat":298295},{"id":85383,"n":"Sous-vêtements Tena Lady silhouette - Normal L x10","p":8.13,"u":"0,81 €/P","img":"https://fd2-photos.leclercdrive.fr/image.ashx?id=2428582&use=l&cat=p&typeid=i","cat":284628},{"id":85441,"n":"Nettoyant lave-vaisselle Finish Pendant Le Cycle - x3","p":4.13,"u":"80,98 €/KG","img":"https://fd2-photos.leclercdrive.fr/image.ashx?id=2717508&use=l&cat=p&typeid=i","cat":284657},{"id":85666,"n":"IGP Ardeche rosé Pont d'Arc 12.5% vol - BIB 5L","p":13.32,"u":"2,66 €/L","img":"https://fd2-photos.leclercdrive.fr/image.ashx?id=2527922&use=l&cat=p&typeid=i","cat":289560},{"id":85670,"n":"AOP Côtes du Rhone Vin rouge Château de Ruth - 75cl","p":7.36,"u":"9,81 €/L","img":"https://fd2-photos.leclercdrive.fr/image.ashx?id=2687041&use=l&cat=p&typeid=i","cat":289556},{"id":85683,"n":"Bière blonde Leffe 6,6% - 6x33cl","p":7.82,"u":"3,95 €/L","img":"https://fd2-photos.leclercdrive.fr/image.ashx?id=2833966&use=l&cat=p&typeid=i","cat":334852},{"id":85735,"n":"Soda au cola Pepsi Zéro sucres La bouteille de 2L","p":1.51,"pp":1.06,"u":"0,53 €/L","img":"https://fd2-photos.leclercdrive.fr/image.ashx?id=2682297&use=l&cat=p&typeid=i","cat":284530},{"id":85739,"n":"Soda Pepsi Saveur cola sans sucres - 1L","p":1.05,"u":"1,05 €/L","img":"https://fd2-photos.leclercdrive.fr/image.ashx?id=2682300&use=l&cat=p&typeid=i","cat":284530},{"id":85745,"n":"Batonnets Surimi Coraya x30 - 450g","p":3.98,"u":"8,84 €/KG","img":"https://fd2-photos.leclercdrive.fr/image.ashx?id=2962683&use=l&cat=p&typeid=i","cat":285189},{"id":85901,"n":"Poêlée fermière Paysan Breton 750g","p":3.81,"u":"5,08 €/KG","img":"https://fd2-photos.leclercdrive.fr/image.ashx?id=2882415&use=l&cat=p&typeid=i","cat":319823},{"id":86047,"n":"Sandwich Club Sodebo Pain Complet Rosette - 125g","p":1.48,"u":"11,84 €/KG","img":"https://fd2-photos.leclercdrive.fr/image.ashx?id=2851794&use=l&cat=p&typeid=i","cat":333658},{"id":86049,"n":"Éventail de Crevettes Pescanova ASC Sauce Cocktail - 130g","p":5.95,"u":"45,77 €/KG","img":"https://fd2-photos.leclercdrive.fr/image.ashx?id=2816871&use=l&cat=p&typeid=i","cat":284343},{"id":86050,"n":"Éventail de Crevettes Pescanova ASC Sauce Tartare - 130g","p":5.95,"u":"45,77 €/KG","img":"https://fd2-photos.leclercdrive.fr/image.ashx?id=2180067&use=l&cat=p&typeid=i","cat":284343},{"id":86071,"n":"AOP Prosecco Perlino Extra Dry - 75cl","p":6.3,"u":"8,40 €/L","img":"https://fd2-photos.leclercdrive.fr/image.ashx?id=2612778&use=l&cat=p&typeid=i","cat":289461},{"id":86208,"n":"Pâte à tartiner Nutella 1kg","p":6.62,"u":"6,62 €/KG","img":"https://fd2-photos.leclercdrive.fr/image.ashx?id=2935648&use=l&cat=p&typeid=i","cat":284481},{"id":86217,"n":"Bière blonde Mutine 3x33cl","p":5.55,"u":"5,61 €/L","img":"https://fd2-photos.leclercdrive.fr/image.ashx?id=2461153&use=l&cat=p&typeid=i","cat":334872},{"id":86218,"n":"Bière ambrée Mutine 3x33cl","p":5.31,"u":"5,36 €/L","img":"https://fd2-photos.leclercdrive.fr/image.ashx?id=2461156&use=l&cat=p&typeid=i","cat":334852},{"id":86219,"n":"Bière blanche Mutine 3x33cl","p":7.11,"u":"7,18 €/L","img":"https://fd2-photos.leclercdrive.fr/image.ashx?id=2461159&use=l&cat=p&typeid=i","cat":334878},{"id":86220,"n":"Bière pack découverte Mutine 6x33cl","p":10.6,"pp":7.42,"u":"3,75 €/L","img":"https://fd2-photos.leclercdrive.fr/image.ashx?id=2644806&use=l&cat=p&typeid=i","cat":334872},{"id":86375,"n":"Rochers Suchard  Lait - 7x35g","p":3.93,"u":"16,04 €/KG","img":"https://fd2-photos.leclercdrive.fr/image.ashx?id=2950372&use=l&cat=p&typeid=i","cat":284499},{"id":86376,"n":"Rochers Suchard Noir - 7x35g","p":3.93,"u":"16,04 €/KG","img":"https://fd2-photos.leclercdrive.fr/image.ashx?id=2950375&use=l&cat=p&typeid=i","cat":284499},{"id":86395,"n":"Brioche tranchée Pasquier Familiale - 650g","p":2.45,"u":"3,77 €/KG","img":"https://fd2-photos.leclercdrive.fr/image.ashx?id=2850949&use=l&cat=p&typeid=i","cat":284478},{"id":86411,"n":"Biscuit bio Bjorg Avoine pépites chocolat - 130g","p":2.29,"u":"17,62 €/KG","img":"https://fd2-photos.leclercdrive.fr/image.ashx?id=2999985&use=l&cat=p&typeid=i","cat":325066},{"id":86416,"n":"Confiture bio Bio Village Fruits rouges - 370g","p":2.79,"u":"7,54 €/KG","img":"https://fd2-photos.leclercdrive.fr/image.ashx?id=2965638&use=l&cat=p&typeid=i","cat":284480},{"id":86438,"n":"Dentifrice Integral 8 Signal Nature Elements Coco 75ml","p":1.63,"u":"21,73 €/L","img":"https://fd2-photos.leclercdrive.fr/image.ashx?id=2974659&use=l&cat=p&typeid=i","cat":284612},{"id":86459,"n":"Lingettes Mixa Bébé  A l'Eau Physiologique x72","p":3.62,"u":"0,05 €/P","img":"https://fd2-photos.leclercdrive.fr/image.ashx?id=2549029&use=l&cat=p&typeid=i","cat":284738},{"id":86470,"n":"Bonbons KREMA Festival Assortiment - 360g","p":2.38,"u":"6,61 €/KG","img":"https://fd2-photos.leclercdrive.fr/image.ashx?id=2817875&use=l&cat=p&typeid=i","cat":304250},{"id":86482,"n":"Bonbons KREMA Régal'ad Assortiment Fruits - 360g","p":2.39,"u":"6,64 €/KG","img":"https://fd2-photos.leclercdrive.fr/image.ashx?id=2855295&use=l&cat=p&typeid=i","cat":304250},{"id":86488,"n":"Bonbons La pie qui chante Stoptou à la réglisse - 450g","p":2.44,"u":"5,42 €/KG","img":"https://fd2-photos.leclercdrive.fr/image.ashx?id=2817872&use=l&cat=p&typeid=i","cat":304250},{"id":86570,"n":"Chewing gum Malabar Tutti Frutti - 214g","p":1.88,"u":"8,79 €/KG","img":"https://fd2-photos.leclercdrive.fr/image.ashx?id=2817848&use=l&cat=p&typeid=i","cat":304251},{"id":86580,"n":"Gousse de vanille Sainte Lucie Poudre pot - 3g","p":4.36,"img":"https://fd2-photos.leclercdrive.fr/image.ashx?id=2774960&use=l&cat=p&typeid=i","cat":284504},{"id":86586,"n":"Pain de mie Harrys Nature extra moelleux - 500g","p":1.3,"u":"2,60 €/KG","img":"https://fd2-photos.leclercdrive.fr/image.ashx?id=2660730&use=l&cat=p&typeid=i","cat":284477},{"id":86591,"n":"AOP Champagne Pommery Brut Royal étui- 75cl","p":41.56,"u":"55,41 €/L","img":"https://fd2-photos.leclercdrive.fr/image.ashx?id=2791500&use=l&cat=p&typeid=i","cat":284542},{"id":86658,"n":"Thé vert Twinings Simplement pur - x25 - 37g","p":2.36,"u":"63,78 €/KG","img":"https://fd2-photos.leclercdrive.fr/image.ashx?id=2893015&use=l&cat=p&typeid=i","cat":293233},{"id":86660,"n":"Farine bio Mon Fournil Blé semi complète - 1kg","p":2.03,"u":"2,03 €/KG","img":"https://fd2-photos.leclercdrive.fr/image.ashx?id=2861677&use=l&cat=p&typeid=i","cat":284503},{"id":86661,"n":"Farine bio Mon Fournil Maïs sans gluten - 500g","p":3.85,"u":"7,70 €/KG","img":"https://fd2-photos.leclercdrive.fr/image.ashx?id=2378039&use=l&cat=p&typeid=i","cat":318654},{"id":86663,"n":"Farine complète bio Mon Fournil Riz sans gluten - 400g","p":2.43,"u":"6,08 €/KG","img":"https://fd2-photos.leclercdrive.fr/image.ashx?id=2378045&use=l&cat=p&typeid=i","cat":318654},{"id":86665,"n":"Dosettes café Senseo Grand Mère Classique x54","p":5.28,"u":"14,83 €/KG","img":"https://fd2-photos.leclercdrive.fr/image.ashx?id=2769837&use=l&cat=p&typeid=i","cat":293238},{"id":86724,"n":"Huile d'olive Bio Village Bio Vierge extra fruité - 75 cl","p":7.99,"u":"10,65 €/L","img":"https://fd2-photos.leclercdrive.fr/image.ashx?id=3005712&use=l&cat=p&typeid=i","cat":284453},{"id":86725,"n":"Poudre de cacao bio Bio Village 500g - 32% de cacao","p":3.95,"u":"7,90 €/KG","img":"https://fd2-photos.leclercdrive.fr/image.ashx?id=2441516&use=l&cat=p&typeid=i","cat":293235},{"id":86732,"n":"Chips Barbecue Pom'lisse Maxi format - 270g","p":1.81,"u":"6,70 €/KG","img":"https://fd2-photos.leclercdrive.fr/image.ashx?id=2710837&use=l&cat=p&typeid=i","cat":284447},{"id":86744,"n":"Mouchoirs blancs 3 plis Caresse Boîte mouchoirs papier parf x80","p":1.65,"u":"0,02 €/P","img":"https://fd2-photos.leclercdrive.fr/image.ashx?id=2837247&use=l&cat=p&typeid=i","cat":284638},{"id":86747,"n":"Sacs de congélation Elembal Curseur moyen - x15","p":1.99,"u":"0,13 €/P","img":"https://fd2-photos.leclercdrive.fr/image.ashx?id=2511120&use=l&cat=p&typeid=i","cat":334134},{"id":86748,"n":"Adoucissant Hyperdou Lingettes Rêve de fraîcheur - x20","p":1.71,"u":"0,09 €/P","img":"https://fd2-photos.leclercdrive.fr/image.ashx?id=2489203&use=l&cat=p&typeid=i","cat":325302},{"id":86753,"n":"Spray nettoyant Uni Vert Désinfectant écocert - 750ml","p":2.19,"u":"2,92 €/L","img":"https://fd2-photos.leclercdrive.fr/image.ashx?id=2569050&use=l&cat=p&typeid=i","cat":325357},{"id":86779,"n":"Colin d'Alaska Pêche Océan Beurre citron - MSC - 400g","p":3.39,"u":"8,48 €/KG","img":"https://fd2-photos.leclercdrive.fr/image.ashx?id=2930126&use=l&cat=p&typeid=i","cat":319786},{"id":86784,"n":"Frites au four Pom'Lisse Pom'Steak - 600g","p":1.46,"u":"2,43 €/KG","img":"https://fd2-photos.leclercdrive.fr/image.ashx?id=2770687&use=l&cat=p&typeid=i","cat":319791},{"id":86788,"n":"Tartinable thon Fromage frais MSC Ronde des mers - 140g","p":1.99,"u":"14,21 €/KG","img":"https://fd2-photos.leclercdrive.fr/image.ashx?id=2823084&use=l&cat=p&typeid=i","cat":285191},{"id":86905,"n":"Bière blonde 1664 5,5° - 12x33cl canettes","p":10.04,"u":"2,54 €/L","img":"https://fd2-photos.leclercdrive.fr/image.ashx?id=2246617&use=l&cat=p&typeid=i","cat":334853},{"id":86907,"n":"Lait en poudre Modilac Bébé : 2ème âge - 820g","p":15.65,"u":"19,09 €/KG","img":"https://fd2-photos.leclercdrive.fr/image.ashx?id=2873393&use=l&cat=p&typeid=i","cat":284727},{"id":86909,"n":"Lait en poudre Modilac Doucéa Bébé 0-6mois - 820g","p":18.65,"u":"22,74 €/KG","img":"https://fd2-photos.leclercdrive.fr/image.ashx?id=2997031&use=l&cat=p&typeid=i","cat":284726},{"id":86914,"n":"Fromage Camembert Isigny NRT 250g","p":2.81,"u":"11,24 €/KG","img":"https://fd2-photos.leclercdrive.fr/image.ashx?id=1961500&use=l&cat=p&typeid=i","cat":314033},{"id":86917,"n":"Lames de rasoir Siliss 5 lames - x3","p":6.69,"u":"2,23 €/P","img":"https://fd2-photos.leclercdrive.fr/image.ashx?id=2699735&use=l&cat=p&typeid=i","cat":325352},{"id":86947,"n":"Parmesan rapé AOP 30% MG Bio Bio village - 50g","p":1.66,"u":"33,20 €/KG","img":"https://fd2-photos.leclercdrive.fr/image.ashx?id=2887422&use=l&cat=p&typeid=i","cat":314035},{"id":86954,"n":"Croissants crus surgelés Gourmet d'Alsace - 1.5kg - x30","p":11.79,"u":"7,86 €/KG","img":"https://fd2-photos.leclercdrive.fr/image.ashx?id=2167101&use=l&cat=p&typeid=i","cat":288858},{"id":87024,"n":"Smoothie innocent énergie boogie ruby 750ml","p":3.36,"u":"4,48 €/L","img":"https://fd2-photos.leclercdrive.fr/image.ashx?id=2187631&use=l&cat=p&typeid=i","cat":285435},{"id":87026,"n":"Smoothie innocent antioxydant green 750ml","p":3.12,"u":"4,16 €/L","img":"https://fd2-photos.leclercdrive.fr/image.ashx?id=2860049&use=l&cat=p&typeid=i","cat":285435},{"id":87038,"n":"Yaourt nature Danone 8x125g","p":1.83,"u":"1,83 €/KG","img":"https://fd2-photos.leclercdrive.fr/image.ashx?id=3001985&use=l&cat=p&typeid=i","cat":284409},{"id":87061,"n":"Boisson gourmande PAGO ACE Orange carotte citron - 75cl","p":1.56,"u":"2,08 €/L","img":"https://fd2-photos.leclercdrive.fr/image.ashx?id=2861237&use=l&cat=p&typeid=i","cat":284916},{"id":87065,"n":"Yaourts aux fruits Délisse Saveur Orientale - 8x125g","p":2.59,"u":"2,59 €/KG","img":"https://fd2-photos.leclercdrive.fr/image.ashx?id=2520304&use=l&cat=p&typeid=i","cat":284410},{"id":87066,"n":"Yaourts aux fruits Délisse  Saveur d'Asie - 8x125g","p":2.59,"u":"2,59 €/KG","img":"https://fd2-photos.leclercdrive.fr/image.ashx?id=2955884&use=l&cat=p&typeid=i","cat":284410},{"id":87067,"n":"Yaourt à boire P'tit max  Délisse Fraise - 6x180g","p":2.03,"u":"1,88 €/KG","img":"https://fd2-photos.leclercdrive.fr/image.ashx?id=2762510&use=l&cat=p&typeid=i","cat":284415},{"id":87084,"n":"Rhum ambré Bacardi Carta Oro 37,5° - 70cl","p":15.96,"u":"22,80 €/L","img":"https://fd2-photos.leclercdrive.fr/image.ashx?id=2858171&use=l&cat=p&typeid=i","cat":284550},{"id":87089,"n":"Pavé Gourmand Garden Gourmet Epinards et Fromage 180g","p":2.37,"u":"13,17 €/KG","img":"https://fd2-photos.leclercdrive.fr/image.ashx?id=2971389&use=l&cat=p&typeid=i","cat":316036},{"id":87091,"n":"St Jacques Marie Fondue de poireaux riz - 280g","p":3.31,"u":"11,82 €/KG","img":"https://fd2-photos.leclercdrive.fr/image.ashx?id=2317531&use=l&cat=p&typeid=i","cat":333665},{"id":87093,"n":"Eau coiffante Vitanove 150ml","p":1.99,"u":"13,27 €/L","img":"https://fd2-photos.leclercdrive.fr/image.ashx?id=2496419&use=l&cat=p&typeid=i","cat":284609},{"id":87100,"n":"Gel lavant Manava Purifiant mandarine - 300ml","p":1.25,"u":"4,17 €/L","img":"https://fd2-photos.leclercdrive.fr/image.ashx?id=2935519&use=l&cat=p&typeid=i","cat":284597},{"id":87348,"n":"IGP Pays d'Oc rosé Merlot Grand Sud 12.5% vol - 5L","p":24.01,"u":"4,80 €/L","img":"https://fd2-photos.leclercdrive.fr/image.ashx?id=2837454&use=l&cat=p&typeid=i","cat":289558},{"id":87379,"n":"Shampooing L'Arbre Vert Nutrition cheveux secs - 250ml","p":2.26,"u":"9,04 €/L","img":"https://fd2-photos.leclercdrive.fr/image.ashx?id=2885390&use=l&cat=p&typeid=i","cat":284606},{"id":87470,"n":"Poulet blanc Douce France 1.3kg","p":7.15,"u":"5,50 €/KG","img":"https://fd2-photos.leclercdrive.fr/image.ashx?id=2629076&use=l&cat=p&typeid=i","cat":284336},{"id":87623,"n":"Langue de bœuf Larzul Sauce madère - 205g","p":3.79,"u":"18,49 €/KG","img":"https://fd2-photos.leclercdrive.fr/image.ashx?id=2469226&use=l&cat=p&typeid=i","cat":284441},{"id":87701,"n":"Carrés feuilletés Croustipate x4 - 240g","p":1.18,"u":"4,92 €/KG","img":"https://fd2-photos.leclercdrive.fr/image.ashx?id=2875069&use=l&cat=p&typeid=i","cat":333681},{"id":87703,"n":"Mini donuts poulet Maitre Coq Fromage - 400g","p":4.78,"u":"11,95 €/KG","img":"https://fd2-photos.leclercdrive.fr/image.ashx?id=2732329&use=l&cat=p&typeid=i","cat":333684},{"id":87850,"n":"Flammekueche Kauffer's Alsaciennes - 3x260g","p":9.19,"u":"11,78 €/KG","img":"https://fd2-photos.leclercdrive.fr/image.ashx?id=2091581&use=l&cat=p&typeid=i","cat":284257},{"id":87894,"n":"Boisson énergisante Crazy Tiger Bouteille - 1L","p":2.1,"u":"2,10 €/L","img":"https://fd2-photos.leclercdrive.fr/image.ashx?id=2927555&use=l&cat=p&typeid=i","cat":284533},{"id":87923,"n":"Compotes  gourdes Pom'Potes Multivariétés - 12x90g","p":5.08,"u":"4,70 €/KG","img":"https://fd2-photos.leclercdrive.fr/image.ashx?id=3010942&use=l&cat=p&typeid=i","cat":284508},{"id":87924,"n":"Dosettes café Senseo Classique x40","p":6.44,"u":"23,25 €/KG","img":"https://fd2-photos.leclercdrive.fr/image.ashx?id=2876326&use=l&cat=p&typeid=i","cat":293238},{"id":87929,"n":"Dosettes café Senseo Classique x54","p":7.88,"u":"21,01 €/KG","img":"https://fd2-photos.leclercdrive.fr/image.ashx?id=2391798&use=l&cat=p&typeid=i","cat":293238},{"id":88041,"n":"Croquettes chat stérilisé  Ultima saumon - 7,5kg","p":27.55,"u":"3,67 €/KG","img":"https://fd2-photos.leclercdrive.fr/image.ashx?id=2886184&use=l&cat=p&typeid=i","cat":284680},{"id":88048,"n":"Compote Charles & Alice Pommes Bananes Vanille -4x100g","p":1.51,"u":"3,89 €/KG","img":"https://fd2-photos.leclercdrive.fr/image.ashx?id=2757698&use=l&cat=p&typeid=i","cat":284416},{"id":88053,"n":"Lasagne à la bolognaise Marie - 1 kg","p":4.64,"u":"4,64 €/KG","img":"https://fd2-photos.leclercdrive.fr/image.ashx?id=2993394&use=l&cat=p&typeid=i","cat":284254},{"id":88054,"n":"Fromage à tartiner Madame Loïk Fouetté Nat. Sel réduit - 150g","p":1.65,"pp":1.09,"u":"7,27 €/KG","img":"https://fd2-photos.leclercdrive.fr/image.ashx?id=2948018&use=l&cat=p&typeid=i","cat":314029},{"id":88055,"n":"Riz au lait à la vanille  Marie Morin - 280g","p":2.38,"u":"8,50 €/KG","img":"https://fd2-photos.leclercdrive.fr/image.ashx?id=2946985&use=l&cat=p&typeid=i","cat":284418},{"id":88062,"n":"Matière grasse Primevere Oméga 3 - 55% - 250g","p":1.5,"u":"6,00 €/KG","img":"https://fd2-photos.leclercdrive.fr/image.ashx?id=2928468&use=l&cat=p&typeid=i","cat":315229},{"id":88089,"n":"Mélange épices mexicaines 80g","p":2.3,"u":"28,75 €/KG","img":"https://fd2-photos.leclercdrive.fr/image.ashx?id=2873369&use=l&cat=p&typeid=i","cat":298297},{"id":88109,"n":"Escalope Normande Père Dodu  Poulet x2 - 200g","p":2.27,"u":"11,35 €/KG","img":"https://fd2-photos.leclercdrive.fr/image.ashx?id=2957209&use=l&cat=p&typeid=i","cat":333683},{"id":88115,"n":"yaourt à boire danonino fraise banane abricot - 6x100g","p":2.56,"u":"4,27 €/KG","img":"https://fd2-photos.leclercdrive.fr/image.ashx?id=3003143&use=l&cat=p&typeid=i","cat":284415},{"id":88206,"n":"Céréales bébé Blédine 12 mois  Vanille - 400g","p":2.55,"u":"6,38 €/KG","img":"https://fd2-photos.leclercdrive.fr/image.ashx?id=2763124&use=l&cat=p&typeid=i","cat":312225},{"id":88339,"n":"Purée de sésame Jardin Bio Tahini bio - 350g","p":5.56,"u":"15,89 €/KG","img":"https://fd2-photos.leclercdrive.fr/image.ashx?id=3000183&use=l&cat=p&typeid=i","cat":284481},{"id":88340,"n":"Berries Haribo Sachet bonbons - 200g","p":1.77,"u":"8,85 €/KG","img":"https://fd2-photos.leclercdrive.fr/image.ashx?id=2982411&use=l&cat=p&typeid=i","cat":304250},{"id":88396,"n":"Matière grasse St Hubert  Omega3 - 1/2 sel - 52% MG -250g","p":2.78,"u":"11,12 €/KG","img":"https://fd2-photos.leclercdrive.fr/image.ashx?id=2886094&use=l&cat=p&typeid=i","cat":315229},{"id":88413,"n":"Beurre Allégé Elle&Vire Doux - 41% MG - 250g","p":2.15,"u":"8,60 €/KG","img":"https://fd2-photos.leclercdrive.fr/image.ashx?id=2969169&use=l&cat=p&typeid=i","cat":284379},{"id":88414,"n":"Boisson a base de thé Fresh Tea Thé vert saveur menthe 1L","p":0.96,"u":"0,96 €/L","img":"https://fd2-photos.leclercdrive.fr/image.ashx?id=2622272&use=l&cat=p&typeid=i","cat":295019},{"id":88417,"n":"Matière grasse St Hubert 51%MG-Sans huile de palme -500g","p":4.79,"u":"9,58 €/KG","img":"https://fd2-photos.leclercdrive.fr/image.ashx?id=2734117&use=l&cat=p&typeid=i","cat":315229},{"id":88418,"n":"Boisson a base de thé Fresh Tea Pêche - 1L","p":0.89,"u":"0,89 €/L","img":"https://fd2-photos.leclercdrive.fr/image.ashx?id=2622275&use=l&cat=p&typeid=i","cat":295019},{"id":88429,"n":"Eau gazeuse San Pellegrino Minérale naturelle - 6x33cl","p":2.88,"u":"1,45 €/L","img":"https://fd2-photos.leclercdrive.fr/image.ashx?id=2459090&use=l&cat=p&typeid=i","cat":284536},{"id":88438,"n":"Coulommiers Cœur de Lion  Extra-Crèmeux - 385g","p":3.29,"u":"8,55 €/KG","img":"https://fd2-photos.leclercdrive.fr/image.ashx?id=2999958&use=l&cat=p&typeid=i","cat":314033},{"id":88442,"n":"Arrangé Isautier Banane Flambée - 40%vol - 50cl","p":15.49,"u":"30,98 €/L","img":"https://fd2-photos.leclercdrive.fr/image.ashx?id=2686903&use=l&cat=p&typeid=i","cat":284551},{"id":88445,"n":"Tube de glaces Callipos Smicy x8 - 560g","p":3.59,"u":"6,41 €/KG","img":"https://fd2-photos.leclercdrive.fr/image.ashx?id=2061352&use=l&cat=p&typeid=i","cat":285250},{"id":88446,"n":"Fromage Le Rustique Tomme  Fruitée - 280g","p":3.7,"u":"13,21 €/KG","img":"https://fd2-photos.leclercdrive.fr/image.ashx?id=2921549&use=l&cat=p&typeid=i","cat":329184},{"id":88448,"n":"Fromage à Tartiner Carré Frais  Nature 0% - 8 Portions - 200g","p":2.35,"u":"11,75 €/KG","img":"https://fd2-photos.leclercdrive.fr/image.ashx?id=2868684&use=l&cat=p&typeid=i","cat":314029},{"id":88450,"n":"Escalope Cordon Bleu Père Dodu  Dinde x2 - 200g","p":2.86,"u":"14,30 €/KG","img":"https://fd2-photos.leclercdrive.fr/image.ashx?id=2957203&use=l&cat=p&typeid=i","cat":333683},{"id":88460,"n":"Fromage de Chèvre Chavroux  9 Portions - 162g","p":2.58,"u":"15,93 €/KG","img":"https://fd2-photos.leclercdrive.fr/image.ashx?id=2936689&use=l&cat=p&typeid=i","cat":314031},{"id":88461,"n":"Salami Danois  Saint-Azay x16 - 160g","p":1.58,"u":"9,88 €/KG","img":"https://fd2-photos.leclercdrive.fr/image.ashx?id=2708354&use=l&cat=p&typeid=i","cat":316007},{"id":88511,"n":"Éventail de Crevettes Pescanova ASC Sauce Tzatziki - 130g","p":3.99,"u":"30,69 €/KG","img":"https://fd2-photos.leclercdrive.fr/image.ashx?id=2180073&use=l&cat=p&typeid=i","cat":284343},{"id":88548,"n":"Tartines campagne La Boulangère 450g","p":1.77,"u":"3,93 €/KG","img":"https://fd2-photos.leclercdrive.fr/image.ashx?id=2912395&use=l&cat=p&typeid=i","cat":284477},{"id":88560,"n":"Céréales bébé Blédine 6 mois  Biscuit - 400g","p":2.1,"u":"5,25 €/KG","img":"https://fd2-photos.leclercdrive.fr/image.ashx?id=2773295&use=l&cat=p&typeid=i","cat":312225},{"id":88698,"n":"Citrons bio Bio Village Sachet x4","p":1.99,"u":"0,50 €/P","img":"https://fd2-photos.leclercdrive.fr/image.ashx?id=2805063&use=l&cat=p&typeid=i","cat":284356},{"id":88727,"n":"Madeleines extra Ker Cadélac Lait praliné Moelleuse x24 600g","p":4.1,"u":"6,83 €/KG","img":"https://fd2-photos.leclercdrive.fr/image.ashx?id=2438603&use=l&cat=p&typeid=i","cat":284492},{"id":88986,"n":"Barre Chocolat au Lait KitKat x6 barres - 249g","p":3.08,"u":"12,37 €/KG","img":"https://fd2-photos.leclercdrive.fr/image.ashx?id=2989426&use=l&cat=p&typeid=i","cat":284498},{"id":89010,"n":"Fromage Roquefort Société Crème 2x100g","p":5.55,"u":"27,75 €/KG","img":"https://fd2-photos.leclercdrive.fr/image.ashx?id=2789706&use=l&cat=p&typeid=i","cat":314032},{"id":89099,"n":"IGP Pays d'Oc rosé Bleu de Mer  75 cl","p":6.61,"u":"8,81 €/L","img":"https://fd2-photos.leclercdrive.fr/image.ashx?id=2677477&use=l&cat=p&typeid=i","cat":289558},{"id":89316,"n":"Fromage Carré de Normandie NRT 200g","p":2.11,"u":"10,55 €/KG","img":"https://fd2-photos.leclercdrive.fr/image.ashx?id=2488377&use=l&cat=p&typeid=i","cat":314033},{"id":89337,"n":"Cire coiffante Vitanove Brillance - 75ml","p":2.27,"u":"30,27 €/L","img":"https://fd2-photos.leclercdrive.fr/image.ashx?id=2780683&use=l&cat=p&typeid=i","cat":284609},{"id":89338,"n":"Soin anti-rides Inell Q10 Jour - 50ml","p":2.49,"u":"49,80 €/L","img":"https://fd2-photos.leclercdrive.fr/image.ashx?id=2822132&use=l&cat=p&typeid=i","cat":325345},{"id":89346,"n":"Serviettes Nuit Doulys Ultra mince - x20","p":2.55,"u":"0,13 €/P","img":"https://fd2-photos.leclercdrive.fr/image.ashx?id=2839935&use=l&cat=p&typeid=i","cat":284624},{"id":89399,"n":"AOP vin blanc Gewurztraminer Vendange tardive - 2014 - 50cl","p":12.95,"u":"25,90 €/L","img":"https://fd2-photos.leclercdrive.fr/image.ashx?id=2689877&use=l&cat=p&typeid=i","cat":289557},{"id":89424,"n":"Pesto vert Bio Village Bio - 185g","p":1.8,"u":"9,73 €/KG","img":"https://fd2-photos.leclercdrive.fr/image.ashx?id=1466304&use=l&cat=p&typeid=i","cat":287599},{"id":89425,"n":"Barre pâtissière Eco+ 2x500g","p":2.47,"u":"2,47 €/KG","img":"https://fd2-photos.leclercdrive.fr/image.ashx?id=2400505&use=l&cat=p&typeid=i","cat":294776},{"id":89483,"n":"Salade & Cie Sodebo Stockhlom Saumon Pâtes - 320g","p":4.1,"u":"12,81 €/KG","img":"https://fd2-photos.leclercdrive.fr/image.ashx?id=2795722&use=l&cat=p&typeid=i","cat":333657},{"id":89506,"n":"Oeufs Plein air  Eco + x12","p":2.59,"u":"0,22 €/P","img":"https://fd2-photos.leclercdrive.fr/image.ashx?id=2708850&use=l&cat=p&typeid=i","cat":284378},{"id":89507,"n":"Xtrem Box Sodebo Radiatori à la Carbonara 400g","p":2.99,"u":"7,48 €/KG","img":"https://fd2-photos.leclercdrive.fr/image.ashx?id=2631588&use=l&cat=p&typeid=i","cat":334983},{"id":89520,"n":"Mouliné 10 légumes Régal Soupe Instantané - 80g","p":1.39,"u":"17,38 €/KG","img":"https://fd2-photos.leclercdrive.fr/image.ashx?id=1886623&use=l&cat=p&typeid=i","cat":293527},{"id":89522,"n":"Barre bretonne Ker Cadélac 800g","p":2.9,"u":"3,63 €/KG","img":"https://fd2-photos.leclercdrive.fr/image.ashx?id=2956146&use=l&cat=p&typeid=i","cat":294776},{"id":89524,"n":"Moelleux Ker Cadélac Original - 690g","p":4.02,"u":"5,83 €/KG","img":"https://fd2-photos.leclercdrive.fr/image.ashx?id=2959937&use=l&cat=p&typeid=i","cat":294776},{"id":89660,"n":"Xtrem Box Sodebo Radiatori  4 Fromages - 400g","p":2.72,"u":"6,80 €/KG","img":"https://fd2-photos.leclercdrive.fr/image.ashx?id=2631591&use=l&cat=p&typeid=i","cat":334983},{"id":89695,"n":"Poulet Weight Watchers Curry-coco - 300g","p":2.86,"u":"9,53 €/KG","img":"https://fd2-photos.leclercdrive.fr/image.ashx?id=2827203&use=l&cat=p&typeid=i","cat":333665},{"id":89914,"n":"Bouillon Cube Maggi Légumes x18 - 180g","p":1.66,"u":"9,22 €/KG","img":"https://fd2-photos.leclercdrive.fr/image.ashx?id=2737039&use=l&cat=p&typeid=i","cat":288379},{"id":90021,"n":"Thon Le Mariné Petit Navire Emietté -Tomates séchées - 110g","p":2.13,"u":"19,36 €/KG","img":"https://fd2-photos.leclercdrive.fr/image.ashx?id=2682857&use=l&cat=p&typeid=i","cat":303867},{"id":90039,"n":"Salade & Cie Sodebo Venezia Mozzarella Coppa Pâtes - 320g","p":3.72,"u":"11,63 €/KG","img":"https://fd2-photos.leclercdrive.fr/image.ashx?id=2745652&use=l&cat=p&typeid=i","cat":333657},{"id":90056,"n":"Quinotto Jardin Bio Bio légumes parmesan - 220g","p":2.06,"u":"9,36 €/KG","img":"https://fd2-photos.leclercdrive.fr/image.ashx?id=2535421&use=l&cat=p&typeid=i","cat":287600},{"id":90090,"n":"Gnocchi à poêler Lustucru Extra Fromage 500g","p":2.9,"u":"5,80 €/KG","img":"https://fd2-photos.leclercdrive.fr/image.ashx?id=2786171&use=l&cat=p&typeid=i","cat":333682},{"id":90120,"n":"Crème Saint Agur  155g","p":2.53,"u":"16,32 €/KG","img":"https://fd2-photos.leclercdrive.fr/image.ashx?id=2760014&use=l&cat=p&typeid=i","cat":314029},{"id":90122,"n":"Camembert Coeur de Lion 250g","p":1.98,"u":"7,92 €/KG","img":"https://fd2-photos.leclercdrive.fr/image.ashx?id=3008185&use=l&cat=p&typeid=i","cat":314033},{"id":90182,"n":"Savon Bionaïa Lait d'anesse - 100g","p":1.72,"u":"17,20 €/KG","img":"https://fd2-photos.leclercdrive.fr/image.ashx?id=2491047&use=l&cat=p&typeid=i","cat":284597},{"id":90188,"n":"Cremio Box Sodebo Poulet à l'Emmental - 280g","p":2.24,"u":"8,00 €/KG","img":"https://fd2-photos.leclercdrive.fr/image.ashx?id=2679068&use=l&cat=p&typeid=i","cat":334983},{"id":90547,"n":"Croquettes chat Purina One Chat Stérilisé Truite/Blé-1.5kg","p":6.73,"u":"4,49 €/KG","img":"https://fd2-photos.leclercdrive.fr/image.ashx?id=2488064&use=l&cat=p&typeid=i","cat":284680},{"id":90562,"n":"Yaourt bifidus Activia saveur framboise - 4x125g","p":1.6,"u":"3,20 €/KG","img":"https://fd2-photos.leclercdrive.fr/image.ashx?id=2886654&use=l&cat=p&typeid=i","cat":315000},{"id":90627,"n":"Tofu Céréal Bio Bio Nature - 250g","p":1.96,"u":"7,84 €/KG","img":"https://fd2-photos.leclercdrive.fr/image.ashx?id=2890145&use=l&cat=p&typeid=i","cat":316036},{"id":90675,"n":"Crème dessert Mont Blanc Boîte Chocolat - 570g","p":2.34,"u":"4,11 €/KG","img":"https://fd2-photos.leclercdrive.fr/image.ashx?id=3011614&use=l&cat=p&typeid=i","cat":284506},{"id":90676,"n":"Crème dessert Mont Blanc Boîte Vanille - 570g","p":2.36,"u":"4,14 €/KG","img":"https://fd2-photos.leclercdrive.fr/image.ashx?id=3008830&use=l&cat=p&typeid=i","cat":284506},{"id":90682,"n":"Génoise P'tit Déli Fraise - 150g","p":1.41,"u":"9,40 €/KG","img":"https://fd2-photos.leclercdrive.fr/image.ashx?id=2482505&use=l&cat=p&typeid=i","cat":284489},{"id":90689,"n":"Lotus Biscoff Speculoos Biscuit Pocket 248g (16x2p)","p":2.11,"u":"8,51 €/KG","img":"https://fd2-photos.leclercdrive.fr/image.ashx?id=2694986&use=l&cat=p&typeid=i","cat":284487},{"id":90697,"n":"Boisson Coco Végé 1L Végé - 200g","p":1.75,"u":"1,75 €/L","img":"https://fd2-photos.leclercdrive.fr/image.ashx?id=2331514&use=l&cat=p&typeid=i","cat":316067},{"id":90734,"n":"Salade coffret Mix Buffet Poulet - 320g","p":5.02,"u":"15,69 €/KG","img":"https://fd2-photos.leclercdrive.fr/image.ashx?id=2735584&use=l&cat=p&typeid=i","cat":333657},{"id":90735,"n":"Salade coffret Mix Buffet Jambon speck - 320 g","p":4.58,"u":"14,31 €/KG","img":"https://fd2-photos.leclercdrive.fr/image.ashx?id=2735581&use=l&cat=p&typeid=i","cat":333657},{"id":90750,"n":"Déodorant homme bille Sanex Men Natur Protect Respect - 50ml","p":2.85,"u":"57,00 €/L","img":"https://fd2-photos.leclercdrive.fr/image.ashx?id=2684644&use=l&cat=p&typeid=i","cat":284618},{"id":90820,"n":"Soupe liquide Knorr Potiron - 45cl","p":2.05,"u":"4,56 €/L","img":"https://fd2-photos.leclercdrive.fr/image.ashx?id=2338663&use=l&cat=p&typeid=i","cat":284462},{"id":90843,"n":"Café moulu Grand Mère Familial - 4x250g","p":12.61,"u":"12,61 €/KG","img":"https://fd2-photos.leclercdrive.fr/image.ashx?id=1755049&use=l&cat=p&typeid=i","cat":284750},{"id":90847,"n":"Dosettes café Senseo Grand Mère Corsé x54","p":5.35,"u":"15,03 €/KG","img":"https://fd2-photos.leclercdrive.fr/image.ashx?id=2745817&use=l&cat=p&typeid=i","cat":293238},{"id":91019,"n":"Pastis de Marseille Sigale 45%vol. - 50cl","p":9.89,"u":"19,78 €/L","img":"https://fd2-photos.leclercdrive.fr/image.ashx?id=2637820&use=l&cat=p&typeid=i","cat":284548},{"id":91022,"n":"Vodka Boriskov Pure grain 37.5%vol - 70cl","p":9.95,"u":"14,21 €/L","img":"https://fd2-photos.leclercdrive.fr/image.ashx?id=2805009&use=l&cat=p&typeid=i","cat":284550},{"id":91221,"n":"Pâtes Fusili Panzani Créatives - 500G","p":1.13,"u":"2,26 €/KG","img":"https://fd2-photos.leclercdrive.fr/image.ashx?id=2902942&use=l&cat=p&typeid=i","cat":284427},{"id":91249,"n":"Jambon cuit rôti aux herbes 120g","p":4.69,"u":"39,08 €/KG","img":"https://fd2-photos.leclercdrive.fr/image.ashx?id=2025170&use=l&cat=p&typeid=i","cat":316009},{"id":91250,"n":"Saucisson nostrano  120g","p":4.9,"u":"40,83 €/KG","img":"https://fd2-photos.leclercdrive.fr/image.ashx?id=2240958&use=l&cat=p&typeid=i","cat":316007},{"id":91290,"n":"After Eight Chocolat Noël Saveur orange - 400g","p":6.75,"u":"16,88 €/KG","img":"https://fd2-photos.leclercdrive.fr/image.ashx?id=2401327&use=l&cat=p&typeid=i","cat":327595},{"id":91461,"n":"Mini toblerone Chocolat au lait - 280g","p":10.89,"u":"38,89 €/KG","img":"https://fd2-photos.leclercdrive.fr/image.ashx?id=2792951&use=l&cat=p&typeid=i","cat":284499},{"id":91482,"n":"Riz Comptoir du Grain Champignons 2 min - 250g","p":1.22,"u":"4,88 €/KG","img":"https://fd2-photos.leclercdrive.fr/image.ashx?id=2856561&use=l&cat=p&typeid=i","cat":287600},{"id":91485,"n":"Riz long Comptoir du Grain Express 2 min - 250g","p":0.99,"u":"3,96 €/KG","img":"https://fd2-photos.leclercdrive.fr/image.ashx?id=2441393&use=l&cat=p&typeid=i","cat":287600},{"id":91585,"n":"Bicarbonate de soude Briochin Ecocert - 500g","p":3.43,"u":"6,86 €/KG","img":"https://fd2-photos.leclercdrive.fr/image.ashx?id=3000749&use=l&cat=p&typeid=i","cat":325365},{"id":91647,"n":"Caviar Baeri Prince Soukhanoff Boîte de 10g","p":8.53,"u":"853,00 €/KG","img":"https://fd2-photos.leclercdrive.fr/image.ashx?id=2095896&use=l&cat=p&typeid=i","cat":285191},{"id":91768,"n":"Roquefort AOP Société Fromage de brebis - 100g","p":2.35,"u":"23,50 €/KG","img":"https://fd2-photos.leclercdrive.fr/image.ashx?id=2729701&use=l&cat=p&typeid=i","cat":314032},{"id":91803,"n":"Fromage pointe brie Bio Village Bio - 25% mg - 180g","p":2.25,"u":"12,50 €/KG","img":"https://fd2-photos.leclercdrive.fr/image.ashx?id=2584289&use=l&cat=p&typeid=i","cat":314033},{"id":91867,"n":"Desperados Mojito Pack 6x33cl","p":9.15,"u":"4,62 €/L","img":"https://fd2-photos.leclercdrive.fr/image.ashx?id=2651080&use=l&cat=p&typeid=i","cat":334878},{"id":91907,"n":"Assortiment Copains Copines Tubo gélifie acide - 600g","p":3.69,"u":"6,15 €/KG","img":"https://fd2-photos.leclercdrive.fr/image.ashx?id=2417219&use=l&cat=p&typeid=i","cat":304250},{"id":91941,"n":"Farine de blé bio Moulin de l'Ecluse - 1kg","p":2.45,"u":"2,45 €/KG","img":"https://fd2-photos.leclercdrive.fr/image.ashx?id=1560577&use=l&cat=p&typeid=i","cat":284503},{"id":92225,"n":"Filet de poulet  Les Éleveurs de l'Ouest - 240g","p":3.7,"u":"15,42 €/KG","img":"https://fd2-photos.leclercdrive.fr/image.ashx?id=2606677&use=l&cat=p&typeid=i","cat":284336},{"id":92226,"n":"Filet de poulet  Les Éleveurs de l'Ouest - 480g","p":6.95,"u":"14,48 €/KG","img":"https://fd2-photos.leclercdrive.fr/image.ashx?id=2701797&use=l&cat=p&typeid=i","cat":284336},{"id":92227,"n":"Filet de poulet  Les Éleveurs de l'Ouest - 720g","p":9.99,"u":"13,88 €/KG","img":"https://fd2-photos.leclercdrive.fr/image.ashx?id=2701794&use=l&cat=p&typeid=i","cat":284336},{"id":92228,"n":"Aiguilette poulet  Les Éleveurs de l'Ouest - 240g","p":3.79,"u":"15,79 €/KG","img":"https://fd2-photos.leclercdrive.fr/image.ashx?id=1745555&use=l&cat=p&typeid=i","cat":284336},{"id":92231,"n":"Pilon de poulet  Les Éleveurs de l'Ouest - 1kg","p":6.99,"u":"6,99 €/KG","img":"https://fd2-photos.leclercdrive.fr/image.ashx?id=1745561&use=l&cat=p&typeid=i","cat":284336},{"id":92256,"n":"Gourdes bio bébé Hipp Bio 4 variétés - 8x120g","p":9.8,"u":"10,21 €/KG","img":"https://fd2-photos.leclercdrive.fr/image.ashx?id=2915578&use=l&cat=p&typeid=i","cat":312393},{"id":92451,"n":"Hachée de veau Charal Façon bouchère - 240g","p":5.88,"u":"24,50 €/KG","img":"https://fd2-photos.leclercdrive.fr/image.ashx?id=2014451&use=l&cat=p&typeid=i","cat":284332},{"id":92454,"n":"Mini bûche Eskiss Fruits rouge x6 - 328g","p":2.29,"u":"6,98 €/KG","img":"https://fd2-photos.leclercdrive.fr/image.ashx?id=2790994&use=l&cat=p&typeid=i","cat":284266},{"id":92516,"n":"Poélée Légume Wok Notre Jardin Inde - 1kg","p":3.99,"u":"3,99 €/KG","img":"https://fd2-photos.leclercdrive.fr/image.ashx?id=2803957&use=l&cat=p&typeid=i","cat":319823},{"id":92529,"n":"Échalotes traditionnelles bio  Bio Village - 250g","p":1.99,"u":"7,96 €/KG","img":"https://fd2-photos.leclercdrive.fr/image.ashx?id=2922454&use=l&cat=p&typeid=i","cat":284352},{"id":92530,"n":"Cidre fermier Doux NRT IGP  De Bretagne - 3%vol - 75cl","p":3.34,"u":"4,45 €/L","img":"https://fd2-photos.leclercdrive.fr/image.ashx?id=2791117&use=l&cat=p&typeid=i","cat":334880},{"id":92532,"n":"Céréales Quaker Cruesli Chocolat - 900g","p":4.7,"u":"5,22 €/KG","img":"https://fd2-photos.leclercdrive.fr/image.ashx?id=2212153&use=l&cat=p&typeid=i","cat":309512},{"id":92533,"n":"Céréales Quaker Cruesli Chocolat au lait - 450g","p":2.51,"u":"5,58 €/KG","img":"https://fd2-photos.leclercdrive.fr/image.ashx?id=2212156&use=l&cat=p&typeid=i","cat":309512},{"id":92689,"n":"Pain de mie Harrys Nature Extra moelleux - 280g","p":0.84,"u":"3,00 €/KG","img":"https://fd2-photos.leclercdrive.fr/image.ashx?id=2660727&use=l&cat=p&typeid=i","cat":284477},{"id":92693,"n":"Gel douche Mixa Bébé  Très Doux Corps Cheveux - 750ml","p":6.85,"u":"9,13 €/L","img":"https://fd2-photos.leclercdrive.fr/image.ashx?id=2316210&use=l&cat=p&typeid=i","cat":284740},{"id":92761,"n":"Sacs poubelle 10L Eco+ Salle de bain - x30","p":1.08,"u":"0,04 €/P","img":"https://fd2-photos.leclercdrive.fr/image.ashx?id=2755052&use=l&cat=p&typeid=i","cat":285168},{"id":92780,"n":"Bière blonde Heineken 6x25cl","p":4.32,"u":"2,88 €/L","img":"https://fd2-photos.leclercdrive.fr/image.ashx?id=3011077&use=l&cat=p&typeid=i","cat":334873},{"id":92782,"n":"Thé glacé Fuze Tea Saveur pêche - 1.25L","p":1.55,"u":"1,24 €/L","img":"https://fd2-photos.leclercdrive.fr/image.ashx?id=2940390&use=l&cat=p&typeid=i","cat":295019},{"id":92804,"n":"Fromage à raclette Ermitage Goût fumé - 200g","p":3.63,"u":"18,15 €/KG","img":"https://fd2-photos.leclercdrive.fr/image.ashx?id=2311276&use=l&cat=p&typeid=i","cat":314037},{"id":92834,"n":"Chips extra Vico 6x30g","p":1.96,"u":"10,89 €/KG","img":"https://fd2-photos.leclercdrive.fr/image.ashx?id=2917816&use=l&cat=p&typeid=i","cat":284447},{"id":92838,"n":"Vinaigre Rustica Au jus de citron - 75cl","p":1.35,"u":"1,80 €/L","img":"https://fd2-photos.leclercdrive.fr/image.ashx?id=1515723&use=l&cat=p&typeid=i","cat":298543},{"id":92840,"n":"Vinaigre balsamique Rustica Blanc - 25cl","p":1.99,"u":"7,96 €/L","img":"https://fd2-photos.leclercdrive.fr/image.ashx?id=2603590&use=l&cat=p&typeid=i","cat":298543},{"id":92841,"n":"Huile de tournesol Rustica 50cl","p":1.39,"u":"2,78 €/L","img":"https://fd2-photos.leclercdrive.fr/image.ashx?id=2900349&use=l&cat=p&typeid=i","cat":284453},{"id":92842,"n":"Mélange 4 huiles Rustica Végétales - 50cl","p":1.79,"u":"3,58 €/L","img":"https://fd2-photos.leclercdrive.fr/image.ashx?id=2508885&use=l&cat=p&typeid=i","cat":284453},{"id":93022,"n":"Bière blonde Heineken 20x25cl","p":12.39,"u":"2,48 €/L","img":"https://fd2-photos.leclercdrive.fr/image.ashx?id=3011074&use=l&cat=p&typeid=i","cat":334873},{"id":93031,"n":"Raclette nature Les croisés Sans croute - 700g","p":6.79,"u":"9,70 €/KG","img":"https://fd2-photos.leclercdrive.fr/image.ashx?id=2856335&use=l&cat=p&typeid=i","cat":314037},{"id":93032,"n":"Saucisson Justin Bridou Bâton de Berger Nature 250g","p":3.82,"u":"15,28 €/KG","img":"https://fd2-photos.leclercdrive.fr/image.ashx?id=2921313&use=l&cat=p&typeid=i","cat":316006},{"id":93036,"n":"Rosette tranchée Cochonou  10 tranches - 93g","p":1.75,"u":"18,82 €/KG","img":"https://fd2-photos.leclercdrive.fr/image.ashx?id=2924107&use=l&cat=p&typeid=i","cat":316007},{"id":93037,"n":"Saucisson sec Tranché Cochonou 30 tranches - 93g","p":1.65,"u":"17,74 €/KG","img":"https://fd2-photos.leclercdrive.fr/image.ashx?id=2924104&use=l&cat=p&typeid=i","cat":316007},{"id":93038,"n":"Jambon cru 4 tranches Aoste sans conservateur - 100g","p":3.63,"u":"36,30 €/KG","img":"https://fd2-photos.leclercdrive.fr/image.ashx?id=2937187&use=l&cat=p&typeid=i","cat":316007},{"id":93041,"n":"Fromage Caprice Des Dieux 300g","p":3.54,"u":"11,80 €/KG","img":"https://fd2-photos.leclercdrive.fr/image.ashx?id=2763178&use=l&cat=p&typeid=i","cat":314033},{"id":93043,"n":"Crème dessert Bio village Bio - 4x95g  - Vanille","p":1.28,"u":"3,37 €/KG","img":"https://fd2-photos.leclercdrive.fr/image.ashx?id=2992648&use=l&cat=p&typeid=i","cat":285041},{"id":93050,"n":"Poivron Bicolore bio Bio Village x2","p":2.79,"u":"1,40 €/P","img":"https://fd2-photos.leclercdrive.fr/image.ashx?id=2960541&use=l&cat=p&typeid=i","cat":284352},{"id":93070,"n":"Crème dessert Bio Bio village Chocolat - 4x95g","p":1.28,"u":"3,37 €/KG","img":"https://fd2-photos.leclercdrive.fr/image.ashx?id=2992645&use=l&cat=p&typeid=i","cat":285041},{"id":93089,"n":"Cidre fermier Brut NRT IGP  De Bretagne - 3%vol - 75cl","p":3.34,"u":"4,45 €/L","img":"https://fd2-photos.leclercdrive.fr/image.ashx?id=2791114&use=l&cat=p&typeid=i","cat":334880},{"id":93091,"n":"Bûche glacée Eskiss Vanille Caramel Pécan - 534g","p":3.85,"u":"7,21 €/KG","img":"https://fd2-photos.leclercdrive.fr/image.ashx?id=2974816&use=l&cat=p&typeid=i","cat":284266},{"id":93108,"n":"Bière Desperados Pack de 12x33cl","p":14.81,"u":"3,74 €/L","img":"https://fd2-photos.leclercdrive.fr/image.ashx?id=2983123&use=l&cat=p&typeid=i","cat":334878},{"id":93109,"n":"Bière Desperados Pack de 6x33cl","p":6.86,"u":"3,46 €/L","img":"https://fd2-photos.leclercdrive.fr/image.ashx?id=2999865&use=l&cat=p&typeid=i","cat":334878},{"id":93110,"n":"Epinards hachés à la crème Bio Bio Village - 600g","p":2.1,"u":"3,50 €/KG","img":"https://fd2-photos.leclercdrive.fr/image.ashx?id=2898077&use=l&cat=p&typeid=i","cat":319805},{"id":93111,"n":"Camembert Le Rustique  250g","p":2.33,"u":"9,32 €/KG","img":"https://fd2-photos.leclercdrive.fr/image.ashx?id=2979722&use=l&cat=p&typeid=i","cat":314033},{"id":93112,"n":"Coulommiers Cœur de Lion  350g","p":2.52,"u":"7,20 €/KG","img":"https://fd2-photos.leclercdrive.fr/image.ashx?id=2766286&use=l&cat=p&typeid=i","cat":314033},{"id":93121,"n":"Escalope Cordon Bleu Père Dodu  Dinde x4 - 400g - Familial","p":5.24,"u":"13,10 €/KG","img":"https://fd2-photos.leclercdrive.fr/image.ashx?id=2957206&use=l&cat=p&typeid=i","cat":333683},{"id":93149,"n":"Dentifrice bébé Signal Fraise - 0-3 ans - 50ml","p":1.58,"u":"31,60 €/L","img":"https://fd2-photos.leclercdrive.fr/image.ashx?id=2503323&use=l&cat=p&typeid=i","cat":288898},{"id":93181,"n":"Pains Façon Bretzel x6 - 270g","p":1.71,"u":"6,33 €/KG","img":"https://fd2-photos.leclercdrive.fr/image.ashx?id=2867401&use=l&cat=p&typeid=i","cat":325069},{"id":93185,"n":"Epinards hachés Bio Bio Village - 600g","p":1.77,"u":"2,95 €/KG","img":"https://fd2-photos.leclercdrive.fr/image.ashx?id=2898083&use=l&cat=p&typeid=i","cat":319805},{"id":93192,"n":"Rognons de boeuf sauce madére Charal - 300g","p":5.86,"u":"19,53 €/KG","img":"https://fd2-photos.leclercdrive.fr/image.ashx?id=1987899&use=l&cat=p&typeid=i","cat":284328},{"id":93193,"n":"Langue de boeuf sauce piquante Charal -  300g","p":6.72,"u":"22,40 €/KG","img":"https://fd2-photos.leclercdrive.fr/image.ashx?id=1987902&use=l&cat=p&typeid=i","cat":333665},{"id":93194,"n":"Blanquette de veau cuite  Charal -  300g","p":6.9,"u":"23,00 €/KG","img":"https://fd2-photos.leclercdrive.fr/image.ashx?id=2014421&use=l&cat=p&typeid=i","cat":333665},{"id":93195,"n":"Boulette de boeuf napolitaine Charal -  300g","p":6.14,"u":"20,47 €/KG","img":"https://fd2-photos.leclercdrive.fr/image.ashx?id=1987908&use=l&cat=p&typeid=i","cat":333665},{"id":93203,"n":"Lessive concentrée Epsil Pure fraîcheur x28 - 980ml","p":3.29,"u":"3,36 €/L","img":"https://fd2-photos.leclercdrive.fr/image.ashx?id=2450047&use=l&cat=p&typeid=i","cat":284640},{"id":93210,"n":"Suprêmes soufflés Saint-Jean Nature x4 - 480g","p":3.5,"u":"7,29 €/KG","img":"https://fd2-photos.leclercdrive.fr/image.ashx?id=2446719&use=l&cat=p&typeid=i","cat":333682},{"id":93244,"n":"Sauce bolognaise Panzani 425g","p":1.88,"u":"4,42 €/KG","img":"https://fd2-photos.leclercdrive.fr/image.ashx?id=2989096&use=l&cat=p&typeid=i","cat":287599},{"id":93289,"n":"Mayonnaise fraîche Delouis 110g","p":1.59,"u":"14,45 €/KG","img":"https://fd2-photos.leclercdrive.fr/image.ashx?id=1748711&use=l&cat=p&typeid=i","cat":284382},{"id":93290,"n":"Mayonnaise fraîche  Delouis - 350g","p":3.17,"u":"9,06 €/KG","img":"https://fd2-photos.leclercdrive.fr/image.ashx?id=2054067&use=l&cat=p&typeid=i","cat":284382},{"id":93305,"n":"Arrangé Isautier Gingembre Citron 40° - 50cl","p":17.15,"u":"34,30 €/L","img":"https://fd2-photos.leclercdrive.fr/image.ashx?id=2322193&use=l&cat=p&typeid=i","cat":284551},{"id":93310,"n":"Yaourt bifidus Activia vanille - 12x125g","p":4.1,"u":"2,73 €/KG","img":"https://fd2-photos.leclercdrive.fr/image.ashx?id=2999835&use=l&cat=p&typeid=i","cat":315000},{"id":93348,"n":"Assortiment 26%mg Les croisés 3 Variétés ss croûte - 700g","p":9.74,"u":"13,91 €/KG","img":"https://fd2-photos.leclercdrive.fr/image.ashx?id=2793269&use=l&cat=p&typeid=i","cat":314037},{"id":93398,"n":"Plat bébé Blédina 12 mois  Butternut dinde - 2x200g","p":2.79,"u":"6,98 €/KG","img":"https://fd2-photos.leclercdrive.fr/image.ashx?id=2975086&use=l&cat=p&typeid=i","cat":312237},{"id":93401,"n":"Bière blonde pression Heineken Fût de 5L","p":17.76,"u":"3,55 €/L","img":"https://fd2-photos.leclercdrive.fr/image.ashx?id=2646194&use=l&cat=p&typeid=i","cat":334879},{"id":93403,"n":"Bières Desperados 6x33cl","p":7.45,"u":"3,76 €/L","img":"https://fd2-photos.leclercdrive.fr/image.ashx?id=2977963&use=l&cat=p&typeid=i","cat":334853},{"id":93514,"n":"Frites de poulet Maître Coq 1 kg","p":7.99,"u":"7,99 €/KG","img":"https://fd2-photos.leclercdrive.fr/image.ashx?id=2939478&use=l&cat=p&typeid=i","cat":319780},{"id":93543,"n":"Emincés de jambon Saint-Azay 100g","p":1.93,"u":"19,30 €/KG","img":"https://fd2-photos.leclercdrive.fr/image.ashx?id=2381438&use=l&cat=p&typeid=i","cat":316011},{"id":93596,"n":"Cidre bouché Envies De Doux - 75cl","p":2.57,"pp":1.7,"u":"2,27 €/L","img":"https://fd2-photos.leclercdrive.fr/image.ashx?id=2908978&use=l&cat=p&typeid=i","cat":334880},{"id":93685,"n":"Noix St Jacques Ronde des mers Sans Corail - MSC - 300g","p":14.99,"u":"49,97 €/KG","img":"https://fd2-photos.leclercdrive.fr/image.ashx?id=2545930&use=l&cat=p&typeid=i","cat":319787},{"id":93689,"n":"Noix St Jacques Ronde des mers Sans Corail - MSC - 300g","p":14.99,"u":"49,97 €/KG","img":"https://fd2-photos.leclercdrive.fr/image.ashx?id=2632885&use=l&cat=p&typeid=i","cat":319787},{"id":93690,"n":"Nems à la Crevette et Crabe Tables du Monde x4 - 280g","p":2.04,"u":"7,29 €/KG","img":"https://fd2-photos.leclercdrive.fr/image.ashx?id=2967673&use=l&cat=p&typeid=i","cat":333673},{"id":93691,"n":"Glace à l'eau Smicy Party  x10 - 600g","p":4.13,"u":"6,88 €/KG","img":"https://fd2-photos.leclercdrive.fr/image.ashx?id=2064615&use=l&cat=p&typeid=i","cat":285250},{"id":93742,"n":"Joker Bio Multifruits 1L","p":2.67,"u":"2,67 €/L","img":"https://fd2-photos.leclercdrive.fr/image.ashx?id=3001293&use=l&cat=p&typeid=i","cat":284917},{"id":93745,"n":"Joker Bio Orange sans pulpe 1L","p":2.88,"u":"2,88 €/L","img":"https://fd2-photos.leclercdrive.fr/image.ashx?id=3008146&use=l&cat=p&typeid=i","cat":284521},{"id":93776,"n":"Sauce tomate bio Jardin Bio Provençale - 510g","p":3.27,"u":"6,41 €/KG","img":"https://fd2-photos.leclercdrive.fr/image.ashx?id=2977435&use=l&cat=p&typeid=i","cat":287599},{"id":93788,"n":"Escalope Cordon Bleu Père Dodu  Poulet x2 - 200g","p":2.5,"u":"12,50 €/KG","img":"https://fd2-photos.leclercdrive.fr/image.ashx?id=2957170&use=l&cat=p&typeid=i","cat":333683},{"id":93790,"n":"Sauce tomate bio Jardin Bio Basilic - 510g","p":3.27,"u":"6,41 €/KG","img":"https://fd2-photos.leclercdrive.fr/image.ashx?id=2918832&use=l&cat=p&typeid=i","cat":287599},{"id":93792,"n":"Escalope Cordon Bleu Le Gaulois Aux 3 fromages - 200g","p":2.17,"u":"10,85 €/KG","img":"https://fd2-photos.leclercdrive.fr/image.ashx?id=2492650&use=l&cat=p&typeid=i","cat":333683},{"id":93814,"n":"Nettoyant Plastique TECH9 Brillant Senteur Vanille -400ml","p":3.99,"u":"9,98 €/L","img":"https://fd2-photos.leclercdrive.fr/image.ashx?id=2162435&use=l&cat=p&typeid=i","cat":298252},{"id":93815,"n":"Efface rayures universel TECH9 100ml","p":2.6,"u":"26,00 €/L","img":"https://fd2-photos.leclercdrive.fr/image.ashx?id=2162465&use=l&cat=p&typeid=i","cat":298252},{"id":93817,"n":"Muesli croustillant 7 fruits  bio Terres et Céréales-1kg","p":5.12,"u":"5,12 €/KG","img":"https://fd2-photos.leclercdrive.fr/image.ashx?id=2802449&use=l&cat=p&typeid=i","cat":309512},{"id":93819,"n":"Poêlée de légume Notre Jardin Wok cuisiné Asie - 1kg","p":3.59,"u":"3,59 €/KG","img":"https://fd2-photos.leclercdrive.fr/image.ashx?id=2878600&use=l&cat=p&typeid=i","cat":319823},{"id":93851,"n":"Petit Pois Tendres et Fondants Cassegrain 280g","p":1.84,"u":"6,57 €/KG","img":"https://fd2-photos.leclercdrive.fr/image.ashx?id=2955318&use=l&cat=p&typeid=i","cat":312607},{"id":93854,"n":"Aubergines Cuisinées Cassegrain à la Provençale 375g","p":2.94,"u":"7,84 €/KG","img":"https://fd2-photos.leclercdrive.fr/image.ashx?id=2962086&use=l&cat=p&typeid=i","cat":312612},{"id":93857,"n":"Répare crevaison TECH9 500ml","p":6.9,"u":"13,80 €/L","img":"https://fd2-photos.leclercdrive.fr/image.ashx?id=2162489&use=l&cat=p&typeid=i","cat":298252},{"id":94053,"n":"Gaufrette P'tit Déli Fraise des bois - 160g","p":1.52,"u":"9,50 €/KG","img":"https://fd2-photos.leclercdrive.fr/image.ashx?id=2915299&use=l&cat=p&typeid=i","cat":284489},{"id":94163,"n":"Comté AOP Entremont Tranché - 120g","p":2.77,"u":"23,08 €/KG","img":"https://fd2-photos.leclercdrive.fr/image.ashx?id=2983141&use=l&cat=p&typeid=i","cat":314028},{"id":94164,"n":"Fromage Crèmeux Saint Albray  200g","p":2.74,"u":"13,70 €/KG","img":"https://fd2-photos.leclercdrive.fr/image.ashx?id=2731825&use=l&cat=p&typeid=i","cat":329558},{"id":94180,"n":"Croquettes chat Ultima Stérilisé sensible - 3kg","p":13.29,"u":"4,43 €/KG","img":"https://fd2-photos.leclercdrive.fr/image.ashx?id=2906580&use=l&cat=p&typeid=i","cat":284680},{"id":94210,"n":"Raclette piment Ermitage 200g","p":3.47,"u":"17,35 €/KG","img":"https://fd2-photos.leclercdrive.fr/image.ashx?id=2416697&use=l&cat=p&typeid=i","cat":314037},{"id":94215,"n":"Raclette aux cèpes  Ermitage - 200g","p":3.19,"u":"15,95 €/KG","img":"https://fd2-photos.leclercdrive.fr/image.ashx?id=2544206&use=l&cat=p&typeid=i","cat":314037},{"id":94309,"n":"Croquettes chat stérilisé D’intérieur Ultima - 3kg","p":13.19,"u":"4,40 €/KG","img":"https://fd2-photos.leclercdrive.fr/image.ashx?id=2922230&use=l&cat=p&typeid=i","cat":284680},{"id":94311,"n":"Patate douce Paysan Breton 750g","p":2.14,"u":"2,85 €/KG","img":"https://fd2-photos.leclercdrive.fr/image.ashx?id=2882412&use=l&cat=p&typeid=i","cat":319805},{"id":94501,"n":"Oeufs frais plein air  L'Oeuf de nos Villages x20","p":4.61,"u":"0,23 €/P","img":"https://fd2-photos.leclercdrive.fr/image.ashx?id=2985381&use=l&cat=p&typeid=i","cat":284378},{"id":94635,"n":"Brasse végétal nature Andros 4x100g","p":2.6,"u":"6,50 €/KG","img":"https://fd2-photos.leclercdrive.fr/image.ashx?id=2872012&use=l&cat=p&typeid=i","cat":316071},{"id":94643,"n":"Brassé végétal Andros Framboise - 400g","p":2.62,"u":"6,55 €/KG","img":"https://fd2-photos.leclercdrive.fr/image.ashx?id=2879089&use=l&cat=p&typeid=i","cat":316071},{"id":94748,"n":"Tartines La Boulangère  Quinoa et graine Bio - 450g","p":2.28,"u":"5,07 €/KG","img":"https://fd2-photos.leclercdrive.fr/image.ashx?id=2912419&use=l&cat=p&typeid=i","cat":284477},{"id":94801,"n":"Oeufs frais De Nos Régions Élevées au Sol - x12","p":2.71,"u":"0,23 €/P","img":"https://fd2-photos.leclercdrive.fr/image.ashx?id=2969842&use=l&cat=p&typeid=i","cat":284378},{"id":94856,"n":"Oeufs frais plein air Oméga 3 - x20","p":4.55,"u":"0,23 €/P","img":"https://fd2-photos.leclercdrive.fr/image.ashx?id=2969976&use=l&cat=p&typeid=i","cat":284378},{"id":94857,"n":"Oeufs frais plein air Oeufs de Nos Régions - x4","p":0.99,"u":"0,25 €/P","img":"https://fd2-photos.leclercdrive.fr/image.ashx?id=2969961&use=l&cat=p&typeid=i","cat":284378},{"id":94858,"n":"Oeufs frais De Nos Régions Elevées au sol - Gros - x6","p":1.55,"u":"0,26 €/P","img":"https://fd2-photos.leclercdrive.fr/image.ashx?id=2969860&use=l&cat=p&typeid=i","cat":284378},{"id":94859,"n":"Yaourt à la grecque YAOS  Stracciatella - 4x125g","p":2.36,"u":"4,72 €/KG","img":"https://fd2-photos.leclercdrive.fr/image.ashx?id=2679506&use=l&cat=p&typeid=i","cat":314999},{"id":94860,"n":"Oeufs frais De Nos Régions Élevées au sol - x6","p":1.49,"u":"0,25 €/P","img":"https://fd2-photos.leclercdrive.fr/image.ashx?id=2969824&use=l&cat=p&typeid=i","cat":284378},{"id":95077,"n":"Gel anti-calcaire Calgon  Hygiène Plus - 750ml","p":4.74,"u":"6,32 €/L","img":"https://fd2-photos.leclercdrive.fr/image.ashx?id=2953767&use=l&cat=p&typeid=i","cat":284653},{"id":95112,"n":"Bière Cervoise des Ancêtres BlondeTriple - 8.5% vol. - 75cl","p":4.79,"u":"6,39 €/L","img":"https://fd2-photos.leclercdrive.fr/image.ashx?id=2021244&use=l&cat=p&typeid=i","cat":334872},{"id":95457,"n":"Rôti de porc Label Rouge L'Atelier Charcuterie - 180g","p":3.99,"u":"22,17 €/KG","img":"https://fd2-photos.leclercdrive.fr/image.ashx?id=2625050&use=l&cat=p&typeid=i","cat":316009},{"id":95485,"n":"Haricot vert extra fin cuit Paysan Breton - 750g","p":2.14,"u":"2,85 €/KG","img":"https://fd2-photos.leclercdrive.fr/image.ashx?id=2882421&use=l&cat=p&typeid=i","cat":319805},{"id":95498,"n":"Sorbet Plein fruit L'Angelys Pomme verte - 500g","p":4.71,"u":"9,42 €/KG","img":"https://fd2-photos.leclercdrive.fr/image.ashx?id=1558201&use=l&cat=p&typeid=i","cat":284263},{"id":95513,"n":"Riz au lait Laitière Vanille - 4x115g","p":1.6,"u":"3,48 €/KG","img":"https://fd2-photos.leclercdrive.fr/image.ashx?id=1872187&use=l&cat=p&typeid=i","cat":284418},{"id":95514,"n":"Semoule de lait La Laitière Vanille - 4x115g","p":2.33,"u":"5,07 €/KG","img":"https://fd2-photos.leclercdrive.fr/image.ashx?id=2047142&use=l&cat=p&typeid=i","cat":284418},{"id":95517,"n":"Risotto à la truffe 200g","p":4.8,"u":"24,00 €/KG","img":"https://fd2-photos.leclercdrive.fr/image.ashx?id=1558126&use=l&cat=p&typeid=i","cat":333665},{"id":95524,"n":"Essuie-tout bobine Mimosa 500 feuilles","p":3.7,"img":"https://fd2-photos.leclercdrive.fr/image.ashx?id=1523297&use=l&cat=p&typeid=i","cat":284635},{"id":95534,"n":"Saumon fumé Ronde des Mers Ecosse x4T - 140g","p":4.99,"u":"35,64 €/KG","img":"https://fd2-photos.leclercdrive.fr/image.ashx?id=2450056&use=l&cat=p&typeid=i","cat":285188},{"id":95535,"n":"Saumon fumé ASC Ronde des Mers Norvège x4T - 140g","p":4.99,"u":"35,64 €/KG","img":"https://fd2-photos.leclercdrive.fr/image.ashx?id=2832999&use=l&cat=p&typeid=i","cat":285188},{"id":95548,"n":"Rillettes de sardine 140g","p":1.77,"u":"12,64 €/KG","img":"https://fd2-photos.leclercdrive.fr/image.ashx?id=2981885&use=l&cat=p&typeid=i","cat":285191},{"id":95564,"n":"Crème fraîche légère Yoplait Fleurette 15% mg - 38cl","p":1.91,"u":"5,03 €/L","img":"https://fd2-photos.leclercdrive.fr/image.ashx?id=2733664&use=l&cat=p&typeid=i","cat":284381},{"id":95585,"n":"Déodorant bille bio SoBio Etic Peaux sensibles et épilées-50ml","p":5.03,"u":"100,60 €/L","img":"https://fd2-photos.leclercdrive.fr/image.ashx?id=2740124&use=l&cat=p&typeid=i","cat":284595},{"id":95592,"n":"Sauce Saveurs Forestières Foie gras & Figues - 150g","p":2.99,"u":"19,93 €/KG","img":"https://fd2-photos.leclercdrive.fr/image.ashx?id=2603776&use=l&cat=p&typeid=i","cat":327289},{"id":95593,"n":"Sauce Saveurs Forestières Crème aux cèpes - 150g","p":2.99,"u":"19,93 €/KG","img":"https://fd2-photos.leclercdrive.fr/image.ashx?id=2021826&use=l&cat=p&typeid=i","cat":284382},{"id":95620,"n":"Steack haché Charal  \"L'authentique\" 5%MG - 280g","p":6.76,"u":"24,14 €/KG","img":"https://fd2-photos.leclercdrive.fr/image.ashx?id=2014412&use=l&cat=p&typeid=i","cat":284332},{"id":95623,"n":"AOP Champagne Brut Demoiselle Vranken - 75cl","p":26.27,"u":"35,03 €/L","img":"https://fd2-photos.leclercdrive.fr/image.ashx?id=2203988&use=l&cat=p&typeid=i","cat":284542},{"id":95752,"n":"Parmentier sanglier Raifort Saveurs Forestières - 610g","p":12.9,"u":"21,15 €/KG","img":"https://fd2-photos.leclercdrive.fr/image.ashx?id=1557640&use=l&cat=p&typeid=i","cat":333665},{"id":95806,"n":"Gourmandises de volaille  Maître Coq - Pruneaux - 380g","p":7.7,"u":"20,26 €/KG","img":"https://fd2-photos.leclercdrive.fr/image.ashx?id=2962509&use=l&cat=p&typeid=i","cat":327289},{"id":95810,"n":"Gésiers de poulet fermier Loué cuisiné confit - 300g","p":3.75,"u":"12,50 €/KG","img":"https://fd2-photos.leclercdrive.fr/image.ashx?id=2664932&use=l&cat=p&typeid=i","cat":284715},{"id":95815,"n":"Dessert végétal soja alpro Vanille - 500g","p":1.63,"u":"3,26 €/KG","img":"https://fd2-photos.leclercdrive.fr/image.ashx?id=2977672&use=l&cat=p&typeid=i","cat":316071},{"id":95869,"n":"Feuilleté au fromage Boursin La Compagnie Artique - 4x80g","p":3.87,"u":"0,97 €/P","img":"https://fd2-photos.leclercdrive.fr/image.ashx?id=2487713&use=l&cat=p&typeid=i","cat":319776},{"id":95974,"n":"Bière blonde Bud 5% - 12x25cl","p":8.11,"u":"2,70 €/L","img":"https://fd2-photos.leclercdrive.fr/image.ashx?id=2995406&use=l&cat=p&typeid=i","cat":334873},{"id":95975,"n":"Liquide vaisselle Visior Pomme poire - 750ml","p":1.19,"u":"1,59 €/L","img":"https://fd2-photos.leclercdrive.fr/image.ashx?id=2872718&use=l&cat=p&typeid=i","cat":284655},{"id":95976,"n":"Liquide vaisselle Visior Fruit rouge & Fleur - 750ml","p":1.19,"u":"1,59 €/L","img":"https://fd2-photos.leclercdrive.fr/image.ashx?id=2724586&use=l&cat=p&typeid=i","cat":284655},{"id":95979,"n":"Gel douche Manava Orchidée Camélia - 250ml","p":1.15,"u":"4,60 €/L","img":"https://fd2-photos.leclercdrive.fr/image.ashx?id=2805033&use=l&cat=p&typeid=i","cat":284594},{"id":96057,"n":"Café grains Méo Espresso - 1kg","p":15.25,"u":"15,25 €/KG","img":"https://fd2-photos.leclercdrive.fr/image.ashx?id=2593977&use=l&cat=p&typeid=i","cat":293237},{"id":96060,"n":"Chili con carné Bio Village Bio - 300g","p":3.49,"u":"11,63 €/KG","img":"https://fd2-photos.leclercdrive.fr/image.ashx?id=2437199&use=l&cat=p&typeid=i","cat":284953},{"id":96089,"n":"Gel douche Manava Citron basilic - 250ml","p":1.15,"u":"4,60 €/L","img":"https://fd2-photos.leclercdrive.fr/image.ashx?id=2626823&use=l&cat=p&typeid=i","cat":284594},{"id":96091,"n":"Gel douche Manava Concombre aloe vera - 250ml","p":1.18,"u":"4,72 €/L","img":"https://fd2-photos.leclercdrive.fr/image.ashx?id=2626826&use=l&cat=p&typeid=i","cat":284594},{"id":96095,"n":"Gel douche Manava Envolée de pétales - 250ml","p":1.15,"u":"4,60 €/L","img":"https://fd2-photos.leclercdrive.fr/image.ashx?id=1980232&use=l&cat=p&typeid=i","cat":284594},{"id":96096,"n":"Gel douche Manava Crumble fruits rouges - 250ml","p":1.29,"u":"5,16 €/L","img":"https://fd2-photos.leclercdrive.fr/image.ashx?id=2486464&use=l&cat=p&typeid=i","cat":284594},{"id":96097,"n":"Gel douche Manava Noisettes caramel - 250ml","p":1.3,"u":"5,20 €/L","img":"https://fd2-photos.leclercdrive.fr/image.ashx?id=2805039&use=l&cat=p&typeid=i","cat":284594},{"id":96122,"n":"Ecorces de paillage Terdor 10/25 - 50L","p":7.9,"u":"0,16 €/L","img":"https://fd2-photos.leclercdrive.fr/image.ashx?id=2090144&use=l&cat=p&typeid=i","cat":335919},{"id":96123,"n":"Terreau Terre au Naturel Multi-usage zéro carbone - 40L","p":6.99,"u":"0,17 €/L","img":"https://fd2-photos.leclercdrive.fr/image.ashx?id=1741787&use=l&cat=p&typeid=i","cat":335919},{"id":96131,"n":"Soda Eco+ Gout orange - 1.5L","p":0.37,"u":"0,25 €/L","img":"https://fd2-photos.leclercdrive.fr/image.ashx?id=2741595&use=l&cat=p&typeid=i","cat":284532},{"id":96284,"n":"Pois chiches - 3x130g","p":1.65,"u":"4,23 €/KG","img":"https://fd2-photos.leclercdrive.fr/image.ashx?id=3002626&use=l&cat=p&typeid=i","cat":312609},{"id":96287,"n":"Café San Marco Grains n°7 - 500g","p":11.0,"u":"22,00 €/KG","img":"https://fd2-photos.leclercdrive.fr/image.ashx?id=2322163&use=l&cat=p&typeid=i","cat":293237},{"id":96288,"n":"Donuts noisette Curly  100g","p":1.05,"u":"10,50 €/KG","img":"https://fd2-photos.leclercdrive.fr/image.ashx?id=2859398&use=l&cat=p&typeid=i","cat":284449},{"id":96289,"n":"Biscuit apéritif ancel Sticks Bretzels Original - 300g","p":1.79,"u":"5,97 €/KG","img":"https://fd2-photos.leclercdrive.fr/image.ashx?id=2841196&use=l&cat=p&typeid=i","cat":297000},{"id":96291,"n":"Mini Brioche Burger x10 - 200g","p":1.58,"u":"7,90 €/KG","img":"https://fd2-photos.leclercdrive.fr/image.ashx?id=2735284&use=l&cat=p&typeid=i","cat":325067},{"id":96429,"n":"Plats Bio Poulet Bio Village Olives, boulgour quinoa - 300g","p":4.76,"u":"15,87 €/KG","img":"https://fd2-photos.leclercdrive.fr/image.ashx?id=2817169&use=l&cat=p&typeid=i","cat":284953},{"id":96687,"n":"Miel bio C'est Qui le Patron Fleurs de France - 250g","p":6.09,"u":"24,36 €/KG","img":"https://fd2-photos.leclercdrive.fr/image.ashx?id=2735110&use=l&cat=p&typeid=i","cat":287643},{"id":96770,"n":"Eau minérale gazeuse Quézac  6x50cl","p":2.53,"u":"0,84 €/L","img":"https://fd2-photos.leclercdrive.fr/image.ashx?id=2884618&use=l&cat=p&typeid=i","cat":284536},{"id":96832,"n":"Mini viennoiseries Epi d'Or x12 - 372g","p":4.23,"u":"11,37 €/KG","img":"https://fd2-photos.leclercdrive.fr/image.ashx?id=1879302&use=l&cat=p&typeid=i","cat":288858},{"id":96932,"n":"Saumon fumé Rondes des Mers ASC Norvège x2T - 75g","p":3.95,"u":"52,67 €/KG","img":"https://fd2-photos.leclercdrive.fr/image.ashx?id=2833123&use=l&cat=p&typeid=i","cat":285188},{"id":96934,"n":"Saumon fumé Bio Bio Village Atlantique x2T - 65g","p":3.6,"u":"55,38 €/KG","img":"https://fd2-photos.leclercdrive.fr/image.ashx?id=2839589&use=l&cat=p&typeid=i","cat":285188},{"id":96935,"n":"Saumon fumé Ronde des Mers Ecosse x2T - 75g","p":3.99,"u":"53,20 €/KG","img":"https://fd2-photos.leclercdrive.fr/image.ashx?id=2823093&use=l&cat=p&typeid=i","cat":285188},{"id":96936,"n":"Saumon fumé Ronde des Mers Ecosse x6T - 200g","p":8.2,"u":"41,00 €/KG","img":"https://fd2-photos.leclercdrive.fr/image.ashx?id=2450059&use=l&cat=p&typeid=i","cat":285188},{"id":96937,"n":"Saumon fumé Eco+ Norvège - 200g","p":4.65,"u":"23,25 €/KG","img":"https://fd2-photos.leclercdrive.fr/image.ashx?id=2794823&use=l&cat=p&typeid=i","cat":285188},{"id":96938,"n":"Saumon fumé Ronde des Mers ASC Norvège x6T - 210g","p":8.5,"u":"40,48 €/KG","img":"https://fd2-photos.leclercdrive.fr/image.ashx?id=2833129&use=l&cat=p&typeid=i","cat":285188},{"id":96939,"n":"Emincés Saumon Bio Bio Village 100g","p":5.55,"u":"55,50 €/KG","img":"https://fd2-photos.leclercdrive.fr/image.ashx?id=2954118&use=l&cat=p&typeid=i","cat":285188},{"id":96948,"n":"Tarama Gourmet 175g","p":1.99,"u":"11,37 €/KG","img":"https://fd2-photos.leclercdrive.fr/image.ashx?id=2885131&use=l&cat=p&typeid=i","cat":315999},{"id":96959,"n":"Pains au chocolat Epi d'Or x6 - 450g","p":2.95,"u":"6,56 €/KG","img":"https://fd2-photos.leclercdrive.fr/image.ashx?id=1983598&use=l&cat=p&typeid=i","cat":284267},{"id":96963,"n":"Maxi Cheeseburgers Charal 2x235g - 470g","p":6.76,"u":"28,77 €/KG","img":"https://fd2-photos.leclercdrive.fr/image.ashx?id=2741949&use=l&cat=p&typeid=i","cat":319822},{"id":96970,"n":"Feuilletés Epinards Chèvre Côté Table - 2x150g","p":3.09,"u":"10,30 €/KG","img":"https://fd2-photos.leclercdrive.fr/image.ashx?id=2846523&use=l&cat=p&typeid=i","cat":333671},{"id":97031,"n":"Yaourt à la grecque Délisse Café - 4x150g","p":2.49,"u":"4,15 €/KG","img":"https://fd2-photos.leclercdrive.fr/image.ashx?id=2883017&use=l&cat=p&typeid=i","cat":314999},{"id":97033,"n":"Gel Bain douche Manava Fleur de cerisier - 500ml","p":1.88,"u":"3,76 €/L","img":"https://fd2-photos.leclercdrive.fr/image.ashx?id=2618356&use=l&cat=p&typeid=i","cat":284594},{"id":97045,"n":"Thon entier Petit Navire Au naturel - 2x93g","p":3.18,"u":"17,10 €/KG","img":"https://fd2-photos.leclercdrive.fr/image.ashx?id=2961837&use=l&cat=p&typeid=i","cat":303867},{"id":97060,"n":"Tagada Haribo Sachet bonbons - 400g","p":1.76,"u":"4,40 €/KG","img":"https://fd2-photos.leclercdrive.fr/image.ashx?id=2801854&use=l&cat=p&typeid=i","cat":304250},{"id":97176,"n":"Feuilletés Compagnie Artique Thon  fromage boursin - 4x80g","p":5.12,"u":"64,00 €/KG","img":"https://fd2-photos.leclercdrive.fr/image.ashx?id=1745795&use=l&cat=p&typeid=i","cat":319776},{"id":97359,"n":"Gyoza crevettes Ajinomoto Avec sauce soja  - 212g","p":4.09,"u":"19,29 €/KG","img":"https://fd2-photos.leclercdrive.fr/image.ashx?id=2590279&use=l&cat=p&typeid=i","cat":319774},{"id":97360,"n":"Gyoza Ajinomoto Poulet & légumes - 212g","p":4.22,"u":"19,91 €/KG","img":"https://fd2-photos.leclercdrive.fr/image.ashx?id=2590327&use=l&cat=p&typeid=i","cat":319774},{"id":97362,"n":"Gyoza Ajinomoto Légumes avec sauce soja - 212g","p":3.9,"u":"18,40 €/KG","img":"https://fd2-photos.leclercdrive.fr/image.ashx?id=2590330&use=l&cat=p&typeid=i","cat":319774},{"id":97662,"n":"Thé vert Twinings Menthe x25 - 38g","p":2.52,"u":"66,32 €/KG","img":"https://fd2-photos.leclercdrive.fr/image.ashx?id=2906763&use=l&cat=p&typeid=i","cat":293233},{"id":97678,"n":"Céréales Jordans Country Crisp 4 Baies - 550g","p":3.22,"u":"5,85 €/KG","img":"https://fd2-photos.leclercdrive.fr/image.ashx?id=2997205&use=l&cat=p&typeid=i","cat":309512},{"id":98098,"n":"Liquide vaisselle Visior Antiodeur - 500ml","p":0.64,"u":"1,28 €/L","img":"https://fd2-photos.leclercdrive.fr/image.ashx?id=2951122&use=l&cat=p&typeid=i","cat":284655},{"id":98251,"n":"Liquide Vaisselle Brillance  VISIOR - 500ml","p":0.64,"u":"1,28 €/L","img":"https://fd2-photos.leclercdrive.fr/image.ashx?id=2951125&use=l&cat=p&typeid=i","cat":284655},{"id":98252,"n":"Liquide vaisselle Visior Antibactérien - 500ml","p":0.64,"u":"1,28 €/L","img":"https://fd2-photos.leclercdrive.fr/image.ashx?id=2951131&use=l&cat=p&typeid=i","cat":284655},{"id":98253,"n":"Liquide vaisselle Visior Désincrustant sel - 500ml","p":0.64,"u":"1,28 €/L","img":"https://fd2-photos.leclercdrive.fr/image.ashx?id=2951128&use=l&cat=p&typeid=i","cat":284655},{"id":98422,"n":"Pavés de Saumon Bio Bio Village 200g","p":8.59,"u":"42,95 €/KG","img":"https://fd2-photos.leclercdrive.fr/image.ashx?id=2953737&use=l&cat=p&typeid=i","cat":319786},{"id":98426,"n":"Spécial mie Epi d'Or Nature - 780g","p":2.14,"u":"2,74 €/KG","img":"https://fd2-photos.leclercdrive.fr/image.ashx?id=3012863&use=l&cat=p&typeid=i","cat":284477},{"id":98427,"n":"Spécial mie longue 2pi d'Or Conservation - 400g","p":1.59,"u":"3,98 €/KG","img":"https://fd2-photos.leclercdrive.fr/image.ashx?id=3012866&use=l&cat=p&typeid=i","cat":284477},{"id":98431,"n":"Lamelles de kebab France Kebab Poulet dinde - 750g","p":9.05,"u":"12,07 €/KG","img":"https://fd2-photos.leclercdrive.fr/image.ashx?id=2231876&use=l&cat=p&typeid=i","cat":null},{"id":98440,"n":"Rôti de porc Fleury Michon -25% sel sans nitrite x4 - 160g","p":2.9,"u":"18,13 €/KG","img":"https://fd2-photos.leclercdrive.fr/image.ashx?id=2334569&use=l&cat=p&typeid=i","cat":316009},{"id":98443,"n":"Soda Coca-Cola Original Bouteille - Pack 6x1L","p":10.2,"u":"1,70 €/L","img":"https://fd2-photos.leclercdrive.fr/image.ashx?id=2830897&use=l&cat=p&typeid=i","cat":284530},{"id":98445,"n":"Burger du chef Socopa 440g","p":7.91,"u":"17,98 €/KG","img":"https://fd2-photos.leclercdrive.fr/image.ashx?id=2625145&use=l&cat=p&typeid=i","cat":284332},{"id":98468,"n":"Yaourt à la grecque Délisse Vanille - 8x125g","p":3.59,"u":"3,59 €/KG","img":"https://fd2-photos.leclercdrive.fr/image.ashx?id=2699738&use=l&cat=p&typeid=i","cat":314999},{"id":98469,"n":"Raclette Richesmonts Duo Nature herbes provence-420g","p":10.01,"u":"23,83 €/KG","img":"https://fd2-photos.leclercdrive.fr/image.ashx?id=2953821&use=l&cat=p&typeid=i","cat":314037},{"id":98499,"n":"Saumon fumé Petit Navire Ecosse - 4 tranches - 120g","p":6.51,"u":"54,25 €/KG","img":"https://fd2-photos.leclercdrive.fr/image.ashx?id=2950474&use=l&cat=p&typeid=i","cat":285188},{"id":98563,"n":"Flam'fine Pierre Schmidt Poivrons chorizo - 180g","p":3.24,"u":"18,00 €/KG","img":"https://fd2-photos.leclercdrive.fr/image.ashx?id=2473426&use=l&cat=p&typeid=i","cat":333680},{"id":98614,"n":"AOP Bordeaux rouge Bio BIB 3L","p":12.64,"u":"4,21 €/L","img":"https://fd2-photos.leclercdrive.fr/image.ashx?id=2596913&use=l&cat=p&typeid=i","cat":289560},{"id":98630,"n":"Compotes Douceur du Verger Panachées - x16","p":4.11,"u":"0,26 €/P","img":"https://fd2-photos.leclercdrive.fr/image.ashx?id=1986276&use=l&cat=p&typeid=i","cat":284416},{"id":98632,"n":"Poêlée  tagliatelle Côté Table Fruit de mer - 900g","p":6.55,"u":"7,28 €/KG","img":"https://fd2-photos.leclercdrive.fr/image.ashx?id=2754895&use=l&cat=p&typeid=i","cat":284254},{"id":98681,"n":"Porc au caramel Agis Avec riz thaï - 330g","p":5.0,"u":"15,15 €/KG","img":"https://fd2-photos.leclercdrive.fr/image.ashx?id=3008452&use=l&cat=p&typeid=i","cat":333665},{"id":98700,"n":"Gel  douche Carré Homme Energisant - 250ml","p":1.37,"u":"5,48 €/L","img":"https://fd2-photos.leclercdrive.fr/image.ashx?id=1547270&use=l&cat=p&typeid=i","cat":284619},{"id":98701,"n":"Lames Wilkinson Hydro5 Sense Energize - x3","p":13.78,"u":"4,59 €/P","img":"https://fd2-photos.leclercdrive.fr/image.ashx?id=1728105&use=l&cat=p&typeid=i","cat":284616},{"id":98807,"n":"Purée fruit bébé Blédina 6 mois Pomme cerise vanille - 4x100g","p":1.6,"u":"4,00 €/KG","img":"https://fd2-photos.leclercdrive.fr/image.ashx?id=2983024&use=l&cat=p&typeid=i","cat":312388},{"id":98809,"n":"Cornichons Maille Pasteurisés fin - 300g","p":2.99,"u":"9,97 €/KG","img":"https://fd2-photos.leclercdrive.fr/image.ashx?id=2082579&use=l&cat=p&typeid=i","cat":284458},{"id":98828,"n":"Purée fruit bébé Blédina 6 mois Pomme poire mandarine - 4x100g","p":1.54,"u":"3,85 €/KG","img":"https://fd2-photos.leclercdrive.fr/image.ashx?id=2983033&use=l&cat=p&typeid=i","cat":312388},{"id":98831,"n":"Purée fruit bébé Blédina 6 mois Harmonie de fruits - 4x100g","p":1.78,"u":"4,45 €/KG","img":"https://fd2-photos.leclercdrive.fr/image.ashx?id=2983036&use=l&cat=p&typeid=i","cat":312388},{"id":98856,"n":"Gel douche Zef Bretagne Force marine - 200ml","p":4.62,"u":"23,10 €/L","img":"https://fd2-photos.leclercdrive.fr/image.ashx?id=1891546&use=l&cat=p&typeid=i","cat":284594},{"id":98857,"n":"Shampooing Douche Zef Bretagne Actif marin cheveux&corps 200ml","p":5.18,"u":"25,90 €/L","img":"https://fd2-photos.leclercdrive.fr/image.ashx?id=1891549&use=l&cat=p&typeid=i","cat":284594},{"id":98858,"n":"Shampooing Zef Bretagne Actifs marins - 150ml","p":2.94,"u":"19,60 €/L","img":"https://fd2-photos.leclercdrive.fr/image.ashx?id=1639186&use=l&cat=p&typeid=i","cat":284606},{"id":98859,"n":"Gel lavant mains Zef Bretagne Actifs marins - 300ml","p":4.95,"u":"16,50 €/L","img":"https://fd2-photos.leclercdrive.fr/image.ashx?id=1891543&use=l&cat=p&typeid=i","cat":284597},{"id":98860,"n":"Gel douche Zef Bretagne Trésor Dunes - 200ml","p":4.69,"u":"23,45 €/L","img":"https://fd2-photos.leclercdrive.fr/image.ashx?id=1639063&use=l&cat=p&typeid=i","cat":284594},{"id":98861,"n":"Gel lavant mains Zef Bretagne Trésor Dunes - 300ml","p":4.79,"u":"15,97 €/L","img":"https://fd2-photos.leclercdrive.fr/image.ashx?id=1639309&use=l&cat=p&typeid=i","cat":284597},{"id":98862,"n":"Gel douche Zef Bretagne Sentiers Côtiers - 200ml","p":4.9,"u":"24,50 €/L","img":"https://fd2-photos.leclercdrive.fr/image.ashx?id=1621102&use=l&cat=p&typeid=i","cat":284594},{"id":98863,"n":"Shampooing Zef Bretagne Sentiers Côtiers - 150ml","p":3.78,"u":"25,20 €/L","img":"https://fd2-photos.leclercdrive.fr/image.ashx?id=1638763&use=l&cat=p&typeid=i","cat":284606},{"id":98864,"n":"Gel mains Zef Bretagne Sentiers Côtiers - 300ml","p":4.72,"u":"15,73 €/L","img":"https://fd2-photos.leclercdrive.fr/image.ashx?id=1639072&use=l&cat=p&typeid=i","cat":284597},{"id":98866,"n":"Gel douche Zef Bretagne Retour des Iles - 200ml","p":4.9,"u":"24,50 €/L","img":"https://fd2-photos.leclercdrive.fr/image.ashx?id=1639369&use=l&cat=p&typeid=i","cat":284594},{"id":98868,"n":"Shampooing Zef Bretagne Retour des Iles - 150ml","p":3.08,"u":"20,53 €/L","img":"https://fd2-photos.leclercdrive.fr/image.ashx?id=1639129&use=l&cat=p&typeid=i","cat":284606},{"id":98869,"n":"Gel mains Retour des Iles Zef Bretagne - 300ml","p":4.99,"u":"16,63 €/L","img":"https://fd2-photos.leclercdrive.fr/image.ashx?id=1638832&use=l&cat=p&typeid=i","cat":284597},{"id":98875,"n":"Thé glacé Fuze Tea  Pêche Hibiscus - 1,25L","p":1.55,"u":"1,24 €/L","img":"https://fd2-photos.leclercdrive.fr/image.ashx?id=2940393&use=l&cat=p&typeid=i","cat":295019},{"id":98894,"n":"Haché Happy Family Charal 600g","p":10.45,"u":"17,42 €/KG","img":"https://fd2-photos.leclercdrive.fr/image.ashx?id=1919780&use=l&cat=p&typeid=i","cat":284332},{"id":98933,"n":"AOP Ecrasé de pdt Florette Beurre - 2x200g","p":2.9,"u":"7,25 €/KG","img":"https://fd2-photos.leclercdrive.fr/image.ashx?id=2767699&use=l&cat=p&typeid=i","cat":333665},{"id":98942,"n":"Crème fouettée allégée Isigny 20%mg - 250g","p":2.65,"u":"10,60 €/KG","img":"https://fd2-photos.leclercdrive.fr/image.ashx?id=2962563&use=l&cat=p&typeid=i","cat":284382},{"id":98994,"n":"Bière blonde Coreff IPA 5.6%vol. - 6x25cl","p":6.89,"u":"4,59 €/L","img":"https://fd2-photos.leclercdrive.fr/image.ashx?id=1635994&use=l&cat=p&typeid=i","cat":334872},{"id":99045,"n":"Ravioli bio au blé complet Rana Épinards, Ricotta - 250g","p":2.5,"u":"10,00 €/KG","img":"https://fd2-photos.leclercdrive.fr/image.ashx?id=2439878&use=l&cat=p&typeid=i","cat":333682},{"id":99248,"n":"Bouillon Kub Or Maggi 32 cubes - 128g","p":1.21,"u":"9,45 €/KG","img":"https://fd2-photos.leclercdrive.fr/image.ashx?id=2692737&use=l&cat=p&typeid=i","cat":288379},{"id":99545,"n":"Mogettes bio Bio VIllage 215g","p":1.73,"u":"8,05 €/KG","img":"https://fd2-photos.leclercdrive.fr/image.ashx?id=3002680&use=l&cat=p&typeid=i","cat":312606},{"id":99547,"n":"Haricots rouge Bio Village Bio - 205g","p":2.31,"u":"11,27 €/KG","img":"https://fd2-photos.leclercdrive.fr/image.ashx?id=1947761&use=l&cat=p&typeid=i","cat":312606},{"id":99553,"n":"Pois chiche Bio VIllage Bio - 215g","p":2.1,"u":"9,77 €/KG","img":"https://fd2-photos.leclercdrive.fr/image.ashx?id=3002683&use=l&cat=p&typeid=i","cat":312609},{"id":99555,"n":"Lentilles Bio Village Bio - 215g","p":2.04,"u":"9,49 €/KG","img":"https://fd2-photos.leclercdrive.fr/image.ashx?id=3002677&use=l&cat=p&typeid=i","cat":312609},{"id":99562,"n":"Haricots verts Eco  Très fins - 440g","p":1.02,"u":"2,32 €/KG","img":"https://fd2-photos.leclercdrive.fr/image.ashx?id=3003723&use=l&cat=p&typeid=i","cat":312606},{"id":99570,"n":"Ratatouille Eco+ 750g","p":1.08,"u":"1,44 €/KG","img":"https://fd2-photos.leclercdrive.fr/image.ashx?id=2703446&use=l&cat=p&typeid=i","cat":312612},{"id":99574,"n":"Poêlée savoyarde  900g","p":4.06,"u":"4,51 €/KG","img":"https://fd2-photos.leclercdrive.fr/image.ashx?id=2478931&use=l&cat=p&typeid=i","cat":319823},{"id":99734,"n":"Capsules café L'Or Espresso Or Absolu N°9 x20","p":7.49,"u":"72,02 €/KG","img":"https://fd2-photos.leclercdrive.fr/image.ashx?id=2859971&use=l&cat=p&typeid=i","cat":284749},{"id":99900,"n":"Soin amincissant Linéance Profiler nuit + - 180ml","p":9.68,"u":"53,78 €/L","img":"https://fd2-photos.leclercdrive.fr/image.ashx?id=1748813&use=l&cat=p&typeid=i","cat":325350},{"id":99921,"n":"Shampooing Nateis Cheveux gris ou blancs - 250ml","p":1.4,"u":"5,60 €/L","img":"https://fd2-photos.leclercdrive.fr/image.ashx?id=2395820&use=l&cat=p&typeid=i","cat":284606},{"id":99923,"n":"Gâteau de riz caramel 4x125g + 2 offerts","p":9.16,"u":"12,21 €/KG","img":"https://fd2-photos.leclercdrive.fr/image.ashx?id=1658609&use=l&cat=p&typeid=i","cat":284506},{"id":99975,"n":"Vodka Zubrowka Bison grass - 37.5%vol - 70cl","p":15.65,"u":"22,36 €/L","img":"https://fd2-photos.leclercdrive.fr/image.ashx?id=2879820&use=l&cat=p&typeid=i","cat":284550},{"id":100195,"n":"Olives vertes denoyautés A l'ail bio - 120g","p":2.58,"u":"21,50 €/KG","img":"https://fd2-photos.leclercdrive.fr/image.ashx?id=2154101&use=l&cat=p&typeid=i","cat":316002},{"id":100220,"n":"Gnocchi à poêler Lustucru Extra Raclette - 280g","p":2.34,"u":"8,36 €/KG","img":"https://fd2-photos.leclercdrive.fr/image.ashx?id=2786177&use=l&cat=p&typeid=i","cat":333682},{"id":100250,"n":"Yaourt nature sucré Kit-Kat Billes chocolat - 4x115g","p":2.38,"u":"5,17 €/KG","img":"https://fd2-photos.leclercdrive.fr/image.ashx?id=2875954&use=l&cat=p&typeid=i","cat":284414},{"id":100334,"n":"Gel bain douche Manava Coton macadamia - 500ml","p":1.88,"u":"3,76 €/L","img":"https://fd2-photos.leclercdrive.fr/image.ashx?id=1644734&use=l&cat=p&typeid=i","cat":284594},{"id":100407,"n":"Adoucissant Rainett concentré Aloe Vera - 750 ml","p":2.14,"u":"2,85 €/L","img":"https://fd2-photos.leclercdrive.fr/image.ashx?id=2338507&use=l&cat=p&typeid=i","cat":284650},{"id":100485,"n":"Chocolat noir Bio Village Bio Dégustation 85% cacao 100g","p":1.87,"u":"18,70 €/KG","img":"https://fd2-photos.leclercdrive.fr/image.ashx?id=2915654&use=l&cat=p&typeid=i","cat":284956},{"id":100589,"n":"Gateaux au yaourt P'tit Déli Talonne chocolat - 210g","p":2.49,"u":"11,86 €/KG","img":"https://fd2-photos.leclercdrive.fr/image.ashx?id=1981526&use=l&cat=p&typeid=i","cat":294776},{"id":100594,"n":"Petit pois carotte Bio Village Bio - 215g","p":1.63,"u":"7,58 €/KG","img":"https://fd2-photos.leclercdrive.fr/image.ashx?id=3002692&use=l&cat=p&typeid=i","cat":312607},{"id":100596,"n":"Petits pois fins Bio Village Bio - 230g","p":1.81,"u":"7,87 €/KG","img":"https://fd2-photos.leclercdrive.fr/image.ashx?id=3002689&use=l&cat=p&typeid=i","cat":312607},{"id":100604,"n":"Pur jus Bio Village Pomme mangue Bio - 1L","p":3.75,"u":"3,75 €/L","img":"https://fd2-photos.leclercdrive.fr/image.ashx?id=2901551&use=l&cat=p&typeid=i","cat":284917},{"id":100705,"n":"Tartine Petit dejeuner Jacquet 410g","p":1.35,"u":"3,29 €/KG","img":"https://fd2-photos.leclercdrive.fr/image.ashx?id=2991855&use=l&cat=p&typeid=i","cat":284477},{"id":100725,"n":"Pain de mie La Boulangère Toastiligne Aux céréales - 500g","p":1.42,"u":"2,84 €/KG","img":"https://fd2-photos.leclercdrive.fr/image.ashx?id=2912401&use=l&cat=p&typeid=i","cat":284477},{"id":100728,"n":"Gache tranchée La Boulangère 400g","p":2.02,"u":"5,05 €/KG","img":"https://fd2-photos.leclercdrive.fr/image.ashx?id=2912179&use=l&cat=p&typeid=i","cat":284478},{"id":100790,"n":"Kit fajitas Old El Paso tomates poivrons - 500g","p":4.79,"u":"9,58 €/KG","img":"https://fd2-photos.leclercdrive.fr/image.ashx?id=2764628&use=l&cat=p&typeid=i","cat":288993},{"id":100792,"n":"Wraps Old El Paso de blé complet x6 - 350g","p":2.29,"u":"6,54 €/KG","img":"https://fd2-photos.leclercdrive.fr/image.ashx?id=2940573&use=l&cat=p&typeid=i","cat":288993},{"id":100813,"n":"Paillis d'ardoises 18L - 22kg","p":6.99,"u":"0,32 €/KG","img":"https://fd2-photos.leclercdrive.fr/image.ashx?id=2162537&use=l&cat=p&typeid=i","cat":335919},{"id":100981,"n":"Courgettes Cuisinées Cassegrain à la Provençale 375g","p":2.81,"u":"7,49 €/KG","img":"https://fd2-photos.leclercdrive.fr/image.ashx?id=2977951&use=l&cat=p&typeid=i","cat":312612},{"id":100989,"n":"Céréales Trésor de Kellogg's Choco Roulette - 620g","p":4.35,"u":"7,02 €/KG","img":"https://fd2-photos.leclercdrive.fr/image.ashx?id=2598337&use=l&cat=p&typeid=i","cat":309513},{"id":100991,"n":"Céréales Trésor de Kellogg's Chocolat Noisettes - 410g","p":2.89,"u":"7,05 €/KG","img":"https://fd2-photos.leclercdrive.fr/image.ashx?id=2584238&use=l&cat=p&typeid=i","cat":309513},{"id":101050,"n":"Croquette chat stérilisé Ultima  Nature - Saumon - 1.25kg","p":6.84,"u":"5,47 €/KG","img":"https://fd2-photos.leclercdrive.fr/image.ashx?id=2569962&use=l&cat=p&typeid=i","cat":284680},{"id":101056,"n":"Adoucissant concentré Hyperdou Rosée du matin - 750ml","p":1.99,"u":"2,65 €/L","img":"https://fd2-photos.leclercdrive.fr/image.ashx?id=2602910&use=l&cat=p&typeid=i","cat":284650},{"id":101058,"n":"Adoucissant concentré Hyperdou Passion tropicale - 750ml","p":1.99,"u":"2,65 €/L","img":"https://fd2-photos.leclercdrive.fr/image.ashx?id=2683565&use=l&cat=p&typeid=i","cat":284650},{"id":101080,"n":"Pot crème glacée Ben& Jerry's Cookie/Brownie 4 x 100ml","p":5.33,"u":"13,33 €/L","img":"https://fd2-photos.leclercdrive.fr/image.ashx?id=2657012&use=l&cat=p&typeid=i","cat":284725},{"id":101115,"n":"Céréales Trésor de Kellogg's Chocolat au Lait - 410g","p":2.92,"u":"7,12 €/KG","img":"https://fd2-photos.leclercdrive.fr/image.ashx?id=2584241&use=l&cat=p&typeid=i","cat":309513},{"id":101186,"n":"Savon liquide Bio N.A.E Rafraichissant - 300ml","p":3.4,"u":"11,33 €/L","img":"https://fd2-photos.leclercdrive.fr/image.ashx?id=1882112&use=l&cat=p&typeid=i","cat":284597},{"id":101231,"n":"Le Gourmand Garden Gourmet Soja, Poivre et Persil 160g","p":2.71,"u":"16,94 €/KG","img":"https://fd2-photos.leclercdrive.fr/image.ashx?id=2988683&use=l&cat=p&typeid=i","cat":316036},{"id":101254,"n":"Jambon cru 4 tranches Aoste dégraissées - 100g","p":3.78,"u":"37,80 €/KG","img":"https://fd2-photos.leclercdrive.fr/image.ashx?id=1877219&use=l&cat=p&typeid=i","cat":316007},{"id":101288,"n":"Mousse végétal Andros Chocolat - 4x55g","p":2.69,"u":"12,23 €/KG","img":"https://fd2-photos.leclercdrive.fr/image.ashx?id=2963433&use=l&cat=p&typeid=i","cat":316071},{"id":101290,"n":"Compotée Bonne Maman Fraise/Famboise/Sureau - 260g","p":2.12,"u":"8,15 €/KG","img":"https://fd2-photos.leclercdrive.fr/image.ashx?id=2874033&use=l&cat=p&typeid=i","cat":284416},{"id":101333,"n":"Chiffonnade mortadelle 100% italienne Negroni - 85g","p":2.89,"u":"34,00 €/KG","img":"https://fd2-photos.leclercdrive.fr/image.ashx?id=1942178&use=l&cat=p&typeid=i","cat":316009},{"id":101337,"n":"Chiffonnade speck Negroni 85g","p":3.92,"u":"46,12 €/KG","img":"https://fd2-photos.leclercdrive.fr/image.ashx?id=2025185&use=l&cat=p&typeid=i","cat":316007},{"id":101348,"n":"Barres Chocolatées KINDER BUENO  Chocolat au Lait x12 - 516g","p":8.35,"u":"16,18 €/KG","img":"https://fd2-photos.leclercdrive.fr/image.ashx?id=2402946&use=l&cat=p&typeid=i","cat":284498},{"id":101456,"n":"Barres Chocolatées KINDER Maxi Chocolat au Lait x18 - 378g","p":5.58,"u":"14,76 €/KG","img":"https://fd2-photos.leclercdrive.fr/image.ashx?id=2673854&use=l&cat=p&typeid=i","cat":284498},{"id":101461,"n":"Pâtes Collezione Barilla Fusilli Bucati Corti - 500g","p":1.54,"u":"3,08 €/KG","img":"https://fd2-photos.leclercdrive.fr/image.ashx?id=2991003&use=l&cat=p&typeid=i","cat":284427},{"id":101473,"n":"Petit Pois, Carotte Cassegrain Tendre et Fondant 265g","p":1.85,"u":"6,98 €/KG","img":"https://fd2-photos.leclercdrive.fr/image.ashx?id=2951692&use=l&cat=p&typeid=i","cat":312607},{"id":101476,"n":"Saladière mexicana Saupiquet 220g","p":2.75,"u":"12,50 €/KG","img":"https://fd2-photos.leclercdrive.fr/image.ashx?id=2857042&use=l&cat=p&typeid=i","cat":284437},{"id":101478,"n":"Petit Chinois La fournée Dorée Crème patissière - x6 - 300g","p":1.99,"u":"6,63 €/KG","img":"https://fd2-photos.leclercdrive.fr/image.ashx?id=2964492&use=l&cat=p&typeid=i","cat":296366},{"id":101505,"n":"Jus de pruneaux Bio Village Bio - 1L","p":3.99,"u":"3,99 €/L","img":"https://fd2-photos.leclercdrive.fr/image.ashx?id=2901560&use=l&cat=p&typeid=i","cat":284915},{"id":101602,"n":"Douceur satinée Délisse Vanille - 4x125g","p":1.67,"u":"3,34 €/KG","img":"https://fd2-photos.leclercdrive.fr/image.ashx?id=2129236&use=l&cat=p&typeid=i","cat":314999},{"id":101620,"n":"Matière grasse Rustica Omega 3 50%MG -Doux -250G","p":0.99,"u":"3,96 €/KG","img":"https://fd2-photos.leclercdrive.fr/image.ashx?id=2881241&use=l&cat=p&typeid=i","cat":315229},{"id":101629,"n":"Pur jus clémentine Bio Village Bio - 1L","p":2.99,"u":"2,99 €/L","img":"https://fd2-photos.leclercdrive.fr/image.ashx?id=2901548&use=l&cat=p&typeid=i","cat":284915},{"id":101696,"n":"crème dessert caramel danette - 4x125g","p":1.51,"u":"3,02 €/KG","img":"https://fd2-photos.leclercdrive.fr/image.ashx?id=2926236&use=l&cat=p&typeid=i","cat":285041},{"id":101697,"n":"crème dessert chocolat noisette danette - 4x125g","p":1.57,"u":"3,14 €/KG","img":"https://fd2-photos.leclercdrive.fr/image.ashx?id=2902630&use=l&cat=p&typeid=i","cat":285041},{"id":101699,"n":"crème dessert pistache danette - 4x125g","p":1.66,"u":"3,32 €/KG","img":"https://fd2-photos.leclercdrive.fr/image.ashx?id=1984885&use=l&cat=p&typeid=i","cat":285041},{"id":101708,"n":"liégeois chocolat danette - 8x100g","p":2.97,"u":"3,71 €/KG","img":"https://fd2-photos.leclercdrive.fr/image.ashx?id=1984897&use=l&cat=p&typeid=i","cat":285042},{"id":101710,"n":"crème dessert chocolat noir danette - 4x125g","p":1.62,"u":"3,24 €/KG","img":"https://fd2-photos.leclercdrive.fr/image.ashx?id=2927294&use=l&cat=p&typeid=i","cat":285041},{"id":101711,"n":"Crème dessert Danette Chocolat Vanille - 12x115g","p":3.58,"u":"2,59 €/KG","img":"https://fd2-photos.leclercdrive.fr/image.ashx?id=2228528&use=l&cat=p&typeid=i","cat":285041},{"id":101712,"n":"crème dessert 3 chocolats danette - 12x115g","p":3.74,"u":"2,71 €/KG","img":"https://fd2-photos.leclercdrive.fr/image.ashx?id=2949847&use=l&cat=p&typeid=i","cat":285041},{"id":101716,"n":"Petit beurre Michel et Augustin Roquefort graine pavot - 100g","p":2.59,"u":"25,90 €/KG","img":"https://fd2-photos.leclercdrive.fr/image.ashx?id=2108978&use=l&cat=p&typeid=i","cat":297000},{"id":101760,"n":"Crevettes entières ASC Eco+ 400g","p":5.97,"u":"14,93 €/KG","img":"https://fd2-photos.leclercdrive.fr/image.ashx?id=2081633&use=l&cat=p&typeid=i","cat":319787},{"id":101762,"n":"Noix de St Jacques Eco+ Sans corail - MSC - 300g","p":6.85,"u":"22,83 €/KG","img":"https://fd2-photos.leclercdrive.fr/image.ashx?id=2790868&use=l&cat=p&typeid=i","cat":319787},{"id":101833,"n":"Gel lavage Visior Concentré - 900ml","p":5.56,"u":"6,18 €/L","img":"https://fd2-photos.leclercdrive.fr/image.ashx?id=2598000&use=l&cat=p&typeid=i","cat":284657},{"id":101852,"n":"Mergueizh Hénaff x5 - 277g","p":5.57,"u":"20,11 €/KG","img":"https://fd2-photos.leclercdrive.fr/image.ashx?id=2795183&use=l&cat=p&typeid=i","cat":284334},{"id":102006,"n":"Gel bain douche Manava Pamplemousse raisin blanc-500ml","p":2.37,"u":"4,74 €/L","img":"https://fd2-photos.leclercdrive.fr/image.ashx?id=2652870&use=l&cat=p&typeid=i","cat":284594},{"id":102007,"n":"Gel douche Manava Gommant - 250ml","p":1.3,"u":"5,20 €/L","img":"https://fd2-photos.leclercdrive.fr/image.ashx?id=2805042&use=l&cat=p&typeid=i","cat":284594},{"id":102008,"n":"Gel douche Manava Sans savon - 500ml","p":1.82,"u":"3,64 €/L","img":"https://fd2-photos.leclercdrive.fr/image.ashx?id=2741303&use=l&cat=p&typeid=i","cat":284594},{"id":102011,"n":"Crème désaltérante jour So Bio  Aloe Vera bio  - 50ml","p":7.85,"u":"157,00 €/L","img":"https://fd2-photos.leclercdrive.fr/image.ashx?id=2644223&use=l&cat=p&typeid=i","cat":325345},{"id":102079,"n":"Spaghetti Côté Table Bolognaise - 300g","p":3.2,"u":"10,67 €/KG","img":"https://fd2-photos.leclercdrive.fr/image.ashx?id=2846562&use=l&cat=p&typeid=i","cat":333665},{"id":102082,"n":"Poulet et risotto Côté Table Champignons - 280g","p":2.59,"u":"9,25 €/KG","img":"https://fd2-photos.leclercdrive.fr/image.ashx?id=2816145&use=l&cat=p&typeid=i","cat":333665},{"id":102103,"n":"Eau gazeuse St Yorre 6x1,15L","p":3.18,"u":"0,46 €/L","img":"https://fd2-photos.leclercdrive.fr/image.ashx?id=2877730&use=l&cat=p&typeid=i","cat":284536},{"id":102336,"n":"Muesli croustillant chocolat  bio Terres et Céréales - 500g","p":3.9,"u":"7,80 €/KG","img":"https://fd2-photos.leclercdrive.fr/image.ashx?id=2802440&use=l&cat=p&typeid=i","cat":309512},{"id":102374,"n":"Bière sans alcool Tourtel Twist Cerise 0,0° - 6x27,5cl","p":4.59,"u":"2,78 €/L","img":"https://fd2-photos.leclercdrive.fr/image.ashx?id=2688803&use=l&cat=p&typeid=i","cat":334877},{"id":102442,"n":"Crêpe Caramel beurre salé Paysan Breton x6 -180g","p":2.32,"u":"12,89 €/KG","img":"https://fd2-photos.leclercdrive.fr/image.ashx?id=2786858&use=l&cat=p&typeid=i","cat":284494},{"id":102446,"n":"Chocolat noir Bio Ethiquable Amande - 100g","p":3.72,"u":"37,20 €/KG","img":"https://fd2-photos.leclercdrive.fr/image.ashx?id=2870944&use=l&cat=p&typeid=i","cat":284956},{"id":102480,"n":"Petits Suisses Gervais 9,5%MG - 12x60g","p":2.44,"u":"3,39 €/KG","img":"https://fd2-photos.leclercdrive.fr/image.ashx?id=2230381&use=l&cat=p&typeid=i","cat":284409},{"id":102553,"n":"PIZZA GUSTO Jambon, Speck, fromage italien, tomate - 380g","p":4.2,"u":"11,05 €/KG","img":"https://fd2-photos.leclercdrive.fr/image.ashx?id=2579047&use=l&cat=p&typeid=i","cat":333679},{"id":102594,"n":"Moules cuisinées marinière Angulas - 900g","p":13.75,"u":"15,28 €/KG","img":"https://fd2-photos.leclercdrive.fr/image.ashx?id=2828943&use=l&cat=p&typeid=i","cat":285340},{"id":102664,"n":"Couscous fin Tipiak 1kg","p":1.82,"u":"1,82 €/KG","img":"https://fd2-photos.leclercdrive.fr/image.ashx?id=2854411&use=l&cat=p&typeid=i","cat":284429},{"id":102669,"n":"Capsules café L'Or Espresso Or Rose N°7 x10","p":3.69,"u":"70,96 €/KG","img":"https://fd2-photos.leclercdrive.fr/image.ashx?id=2100290&use=l&cat=p&typeid=i","cat":284749},{"id":102676,"n":"Capsules café L'Or Barista Double Espresso N°7 x10","p":5.15,"u":"49,52 €/KG","img":"https://fd2-photos.leclercdrive.fr/image.ashx?id=1742978&use=l&cat=p&typeid=i","cat":284749},{"id":102686,"n":"Capsules café L'Or Barista Double Espresso N°11 x10","p":6.23,"u":"59,90 €/KG","img":"https://fd2-photos.leclercdrive.fr/image.ashx?id=2857908&use=l&cat=p&typeid=i","cat":284749},{"id":102699,"n":"Billes chocolatées Lindt Crispy céréales soufflées - 140g","p":2.69,"u":"19,21 €/KG","img":"https://fd2-photos.leclercdrive.fr/image.ashx?id=2425083&use=l&cat=p&typeid=i","cat":304238},{"id":102819,"n":"Panaché Falsbourg Grenadine <0,5% - 20x25cl","p":5.99,"u":"1,20 €/L","img":"https://fd2-photos.leclercdrive.fr/image.ashx?id=2637964&use=l&cat=p&typeid=i","cat":334877},{"id":102829,"n":"Bandeaux Copains Copines Colorés - 200g","p":1.13,"u":"5,65 €/KG","img":"https://fd2-photos.leclercdrive.fr/image.ashx?id=2934745&use=l&cat=p&typeid=i","cat":304250},{"id":103030,"n":"World Mix Haribo Boîte bonbons - 750g","p":5.92,"u":"7,89 €/KG","img":"https://fd2-photos.leclercdrive.fr/image.ashx?id=2984913&use=l&cat=p&typeid=i","cat":304250},{"id":103036,"n":"Pâte brisée Marie Pur beurre - 230g","p":1.37,"u":"5,96 €/KG","img":"https://fd2-photos.leclercdrive.fr/image.ashx?id=2318540&use=l&cat=p&typeid=i","cat":333681},{"id":103037,"n":"Olives vertes Tropic Apéro Au Piment Jalapeno - 250g","p":3.5,"u":"14,00 €/KG","img":"https://fd2-photos.leclercdrive.fr/image.ashx?id=2648223&use=l&cat=p&typeid=i","cat":316002},{"id":103040,"n":"Olives vertes dénoyautées à la sicilienne Tropic Apéro 220g","p":3.5,"u":"15,91 €/KG","img":"https://fd2-photos.leclercdrive.fr/image.ashx?id=2648226&use=l&cat=p&typeid=i","cat":316002},{"id":103047,"n":"Nutella Biscuit pâte à tartiner Cacao Noisettes - 304g","p":2.89,"u":"9,51 €/KG","img":"https://fd2-photos.leclercdrive.fr/image.ashx?id=2896432&use=l&cat=p&typeid=i","cat":284488},{"id":103063,"n":"Paille Pik Haribo Sachet bonbons acidulés - 180g","p":1.67,"u":"9,28 €/KG","img":"https://fd2-photos.leclercdrive.fr/image.ashx?id=2984922&use=l&cat=p&typeid=i","cat":304250},{"id":103074,"n":"Tajine de Légumes Grillés Cassegrain à la Coriandre 375g","p":3.4,"u":"9,07 €/KG","img":"https://fd2-photos.leclercdrive.fr/image.ashx?id=2636955&use=l&cat=p&typeid=i","cat":312612},{"id":103078,"n":"Cocobat Haribo Sachet bonbons réglisse - 300g","p":1.72,"u":"5,73 €/KG","img":"https://fd2-photos.leclercdrive.fr/image.ashx?id=2805231&use=l&cat=p&typeid=i","cat":304250},{"id":103093,"n":"Beurre gastronomique Président Doux - 82% MG - 225g","p":2.84,"u":"12,62 €/KG","img":"https://fd2-photos.leclercdrive.fr/image.ashx?id=2653417&use=l&cat=p&typeid=i","cat":284379},{"id":103094,"n":"Crème légère semi épaisse  Bridélice 18%mg - 2x25cl","p":2.71,"u":"5,42 €/L","img":"https://fd2-photos.leclercdrive.fr/image.ashx?id=2806156&use=l&cat=p&typeid=i","cat":284381},{"id":103104,"n":"Crème entière 30% Président 2x25cl","p":3.82,"u":"7,64 €/L","img":"https://fd2-photos.leclercdrive.fr/image.ashx?id=2973577&use=l&cat=p&typeid=i","cat":284381},{"id":103156,"n":"Frites Pom Bistro à la Graisse de Boeuf - 500g","p":2.98,"u":"5,96 €/KG","img":"https://fd2-photos.leclercdrive.fr/image.ashx?id=2866418&use=l&cat=p&typeid=i","cat":319791},{"id":103157,"n":"Rissolées Pom Bistro à la Graisse de Canard - 500g","p":3.6,"u":"7,20 €/KG","img":"https://fd2-photos.leclercdrive.fr/image.ashx?id=2866430&use=l&cat=p&typeid=i","cat":319792},{"id":103158,"n":"Tartine Grilletine de Pasquier Sans sucre ajouté - x18 - 255g","p":2.04,"u":"8,00 €/KG","img":"https://fd2-photos.leclercdrive.fr/image.ashx?id=2333057&use=l&cat=p&typeid=i","cat":284479},{"id":103183,"n":"Bières blonde Desperados Lime - 6x33cl","p":8.19,"u":"4,14 €/L","img":"https://fd2-photos.leclercdrive.fr/image.ashx?id=2638163&use=l&cat=p&typeid=i","cat":334878},{"id":103184,"n":"IGP Cidre doux Val de Rance De Dégustation Bretagne - 75cl","p":2.88,"u":"3,84 €/L","img":"https://fd2-photos.leclercdrive.fr/image.ashx?id=2020722&use=l&cat=p&typeid=i","cat":334880},{"id":103189,"n":"IGP Cidre Brut Val de Rance De dégustation Bretagne 75cl","p":2.89,"u":"3,85 €/L","img":"https://fd2-photos.leclercdrive.fr/image.ashx?id=2020719&use=l&cat=p&typeid=i","cat":334880},{"id":103191,"n":"Bière sans alcool Tourtel Twist Pêche 0,0° - 6x27,5cl","p":4.25,"u":"2,58 €/L","img":"https://fd2-photos.leclercdrive.fr/image.ashx?id=2896564&use=l&cat=p&typeid=i","cat":334877},{"id":103198,"n":"Crème de cassis Sisca De Dijon 15%vol - 1L","p":8.24,"u":"8,24 €/L","img":"https://fd2-photos.leclercdrive.fr/image.ashx?id=2465289&use=l&cat=p&typeid=i","cat":286032},{"id":103224,"n":"Emincée de cuisse Le Gaulois Poulet rôti  - 180g","p":3.45,"u":"19,17 €/KG","img":"https://fd2-photos.leclercdrive.fr/image.ashx?id=2732734&use=l&cat=p&typeid=i","cat":316011},{"id":103226,"n":"Emincés filet poulet Le Gaulois Poulet à la mexicaine - 180g","p":4.1,"u":"22,78 €/KG","img":"https://fd2-photos.leclercdrive.fr/image.ashx?id=2732731&use=l&cat=p&typeid=i","cat":284336},{"id":103259,"n":"IGP Méditerrannée rouge Cellier des Dauphins 6x25cl","p":8.16,"u":"5,44 €/L","img":"https://fd2-photos.leclercdrive.fr/image.ashx?id=2338144&use=l&cat=p&typeid=i","cat":289556},{"id":103269,"n":"Gaufres fourrées Lotus Coeur fondant vanille - 310g","p":2.29,"u":"7,39 €/KG","img":"https://fd2-photos.leclercdrive.fr/image.ashx?id=2695890&use=l&cat=p&typeid=i","cat":294777},{"id":103285,"n":"Poisson pané Findus Colin  Alaska Fish and Chips x4 - 400g","p":2.85,"u":"7,13 €/KG","img":"https://fd2-photos.leclercdrive.fr/image.ashx?id=2985348&use=l&cat=p&typeid=i","cat":319788},{"id":103307,"n":"Emincés de filet de poulet rôti Le Gaulois - 180g","p":4.4,"u":"24,44 €/KG","img":"https://fd2-photos.leclercdrive.fr/image.ashx?id=2732728&use=l&cat=p&typeid=i","cat":284336},{"id":103315,"n":"AOP Côtes de Provence rosé Château Reillanne - 75cl","p":7.45,"u":"9,93 €/L","img":"https://fd2-photos.leclercdrive.fr/image.ashx?id=2669487&use=l&cat=p&typeid=i","cat":289558},{"id":103381,"n":"Whisky Grant's  Triple wood 40%vol - 70cl","p":13.34,"u":"19,06 €/L","img":"https://fd2-photos.leclercdrive.fr/image.ashx?id=2866022&use=l&cat=p&typeid=i","cat":284547},{"id":103384,"n":"IGP Whisky Grant's  Triple wood - 40%vol - 1L","p":16.54,"u":"16,54 €/L","img":"https://fd2-photos.leclercdrive.fr/image.ashx?id=2917531&use=l&cat=p&typeid=i","cat":284547},{"id":103448,"n":"Riz au lait La Laitière Nature - 4x115g","p":1.6,"u":"3,48 €/KG","img":"https://fd2-photos.leclercdrive.fr/image.ashx?id=2255900&use=l&cat=p&typeid=i","cat":284418},{"id":103453,"n":"Panaché Falsbourg Grenadine - <0,5% vol. - 6x25cl","p":2.71,"u":"1,81 €/L","img":"https://fd2-photos.leclercdrive.fr/image.ashx?id=2637961&use=l&cat=p&typeid=i","cat":334877},{"id":103470,"n":"Croquettes chat Purina One Poulet chat adulte - 450g","p":2.55,"u":"5,67 €/KG","img":"https://fd2-photos.leclercdrive.fr/image.ashx?id=2902265&use=l&cat=p&typeid=i","cat":284680},{"id":103500,"n":"Panaché Falsbourg <0.5% vol. - 20x25cl","p":5.95,"u":"1,19 €/L","img":"https://fd2-photos.leclercdrive.fr/image.ashx?id=2637970&use=l&cat=p&typeid=i","cat":334877},{"id":103503,"n":"Capsules Nescafé Dolce Gusto  Espresso Intenso - x16","p":4.65,"u":"41,52 €/KG","img":"https://fd2-photos.leclercdrive.fr/image.ashx?id=3009110&use=l&cat=p&typeid=i","cat":293239},{"id":103505,"n":"Barre de céréales Nature Valley Protéine chocolat x4-160g","p":2.64,"u":"16,50 €/KG","img":"https://fd2-photos.leclercdrive.fr/image.ashx?id=2657000&use=l&cat=p&typeid=i","cat":285869},{"id":103509,"n":"Yaourt à boire Yop Aromatisé Fraise - 825g","p":1.72,"u":"2,08 €/KG","img":"https://fd2-photos.leclercdrive.fr/image.ashx?id=2855564&use=l&cat=p&typeid=i","cat":284415},{"id":103548,"n":"Galettes Le Glazik 200g","p":1.77,"u":"8,85 €/KG","img":"https://fd2-photos.leclercdrive.fr/image.ashx?id=2509391&use=l&cat=p&typeid=i","cat":284487},{"id":103549,"n":"Petit Glazik Framboise - x8 - 304g","p":3.22,"u":"10,59 €/KG","img":"https://fd2-photos.leclercdrive.fr/image.ashx?id=2509385&use=l&cat=p&typeid=i","cat":284478},{"id":103550,"n":"Petit Glazik Choco-noisette - x8 304g","p":2.78,"u":"9,14 €/KG","img":"https://fd2-photos.leclercdrive.fr/image.ashx?id=2509388&use=l&cat=p&typeid=i","cat":284478},{"id":103556,"n":"Queues de crevettes Pescanova Déjà cuites - 300g","p":10.85,"u":"36,17 €/P","img":"https://fd2-photos.leclercdrive.fr/image.ashx?id=2277920&use=l&cat=p&typeid=i","cat":319787},{"id":103561,"n":"Barre de céréales Nature Valley  Protéine caramel salé x4 - 160","p":2.95,"u":"18,44 €/KG","img":"https://fd2-photos.leclercdrive.fr/image.ashx?id=2657003&use=l&cat=p&typeid=i","cat":285869},{"id":103563,"n":"Batonnets de glace Nuii Salted Caramel macadamia - 272g","p":4.49,"u":"16,51 €/KG","img":"https://fd2-photos.leclercdrive.fr/image.ashx?id=2506798&use=l&cat=p&typeid=i","cat":284265},{"id":103566,"n":"Batonnets de glaces Nuii Almond & java vanilla - x4","p":4.27,"u":"15,93 €/KG","img":"https://fd2-photos.leclercdrive.fr/image.ashx?id=2506801&use=l&cat=p&typeid=i","cat":284265},{"id":103619,"n":"Crème glacée Häagen-Dazs  Vanille - 400g","p":4.51,"u":"11,28 €/KG","img":"https://fd2-photos.leclercdrive.fr/image.ashx?id=2893429&use=l&cat=p&typeid=i","cat":284725},{"id":103621,"n":"Crème glacée Häagen-Dazs  Vanille pécan - 400g","p":4.52,"u":"11,30 €/KG","img":"https://fd2-photos.leclercdrive.fr/image.ashx?id=2893438&use=l&cat=p&typeid=i","cat":284725},{"id":103622,"n":"Crème glacée Häagen-Dazs Caramel speculoos Lotus - 400g","p":4.41,"u":"11,03 €/KG","img":"https://fd2-photos.leclercdrive.fr/image.ashx?id=2893441&use=l&cat=p&typeid=i","cat":284725},{"id":103657,"n":"Crème glacée Häagen-Dazs  Vanille noix macadamia - 400g","p":4.49,"u":"11,23 €/KG","img":"https://fd2-photos.leclercdrive.fr/image.ashx?id=2893444&use=l&cat=p&typeid=i","cat":284725},{"id":103661,"n":"Crème glacée Häagen-Dazs  Vanille caramel brownie - 386g","p":4.65,"u":"12,05 €/KG","img":"https://fd2-photos.leclercdrive.fr/image.ashx?id=2893468&use=l&cat=p&typeid=i","cat":284725},{"id":103665,"n":"Mini pots Häagen-Dazs  Caramel attraction x4 - 318g","p":4.79,"u":"14,92 €/KG","img":"https://fd2-photos.leclercdrive.fr/image.ashx?id=2992852&use=l&cat=p&typeid=i","cat":284725},{"id":103680,"n":"Mini pots Häagen-Dazs Vanille  noix de macadamia x4 - 324g","p":4.71,"u":"14,54 €/KG","img":"https://fd2-photos.leclercdrive.fr/image.ashx?id=3000162&use=l&cat=p&typeid=i","cat":284725},{"id":103684,"n":"Mini pots Häagen-Dazs  Favorite selection x4 - 318g","p":4.74,"u":"14,91 €/KG","img":"https://fd2-photos.leclercdrive.fr/image.ashx?id=3000165&use=l&cat=p&typeid=i","cat":284725},{"id":103692,"n":"Crème glacée Häagen-Dazs  Beurre de cacahuètes - 400g","p":4.57,"u":"11,43 €/KG","img":"https://fd2-photos.leclercdrive.fr/image.ashx?id=2893507&use=l&cat=p&typeid=i","cat":284725},{"id":103696,"n":"Fromage Maasdam Les Croisés 150g","p":1.99,"u":"13,27 €/KG","img":"https://fd2-photos.leclercdrive.fr/image.ashx?id=2031859&use=l&cat=p&typeid=i","cat":314028},{"id":103780,"n":"Pâte feuilletée Marie Pur beurre - 230g","p":1.33,"u":"5,78 €/KG","img":"https://fd2-photos.leclercdrive.fr/image.ashx?id=2318543&use=l&cat=p&typeid=i","cat":333681},{"id":103800,"n":"Bière blonde Leffe  6,6% - 12x25cl","p":9.38,"u":"3,13 €/L","img":"https://fd2-photos.leclercdrive.fr/image.ashx?id=2995424&use=l&cat=p&typeid=i","cat":334852},{"id":103808,"n":"Yaourt à boire Yop Aromatisé Framboise - 825g","p":1.69,"u":"2,05 €/KG","img":"https://fd2-photos.leclercdrive.fr/image.ashx?id=2855567&use=l&cat=p&typeid=i","cat":284415},{"id":103813,"n":"Yaourt à boire Yop Aromatisé Vanille - 825g","p":1.72,"u":"2,08 €/KG","img":"https://fd2-photos.leclercdrive.fr/image.ashx?id=2855570&use=l&cat=p&typeid=i","cat":284415},{"id":103816,"n":"Bâtonnets Trium   Poire chocolat - x4 - 302g","p":3.19,"u":"10,56 €/KG","img":"https://fd2-photos.leclercdrive.fr/image.ashx?id=2920779&use=l&cat=p&typeid=i","cat":284265},{"id":103821,"n":"Glace cônes Smicy Bonbons - x8 - 328g","p":3.45,"u":"10,52 €/KG","img":"https://fd2-photos.leclercdrive.fr/image.ashx?id=2698174&use=l&cat=p&typeid=i","cat":285250},{"id":103822,"n":"Pizza Crousti Moelleuse Extrême Marie Tartiflette - 550g","p":3.33,"u":"6,05 €/KG","img":"https://fd2-photos.leclercdrive.fr/image.ashx?id=2996764&use=l&cat=p&typeid=i","cat":284256},{"id":103826,"n":"Cône Extrême Vanille praline - x6 -426g","p":3.56,"u":"8,36 €/KG","img":"https://fd2-photos.leclercdrive.fr/image.ashx?id=2838422&use=l&cat=p&typeid=i","cat":284264},{"id":103891,"n":"Crème glacée Häagen-Dazs  Caramel au beurre salé - 400g","p":4.55,"u":"11,38 €/KG","img":"https://fd2-photos.leclercdrive.fr/image.ashx?id=2893435&use=l&cat=p&typeid=i","cat":284725},{"id":103915,"n":"Mimolette jeune Les Croisés 350g","p":3.23,"u":"9,23 €/KG","img":"https://fd2-photos.leclercdrive.fr/image.ashx?id=2046499&use=l&cat=p&typeid=i","cat":314028},{"id":103918,"n":"Bâtonnets  Maple  Peanut Butter et candian - x4","p":4.49,"u":"1,12 €/P","img":"https://fd2-photos.leclercdrive.fr/image.ashx?id=2506810&use=l&cat=p&typeid=i","cat":284265},{"id":103919,"n":"Bâtonnets  Nuii Idaho Valley  Cookies mint x4 - 244g","p":4.49,"u":"18,40 €/KG","img":"https://fd2-photos.leclercdrive.fr/image.ashx?id=2506807&use=l&cat=p&typeid=i","cat":284265},{"id":103922,"n":"Batonnets Nuii White chocolate&scandinavia x4","p":4.49,"u":"1,12 €/P","img":"https://fd2-photos.leclercdrive.fr/image.ashx?id=2922149&use=l&cat=p&typeid=i","cat":284265},{"id":103945,"n":"Escalope de dinde Le Gaulois Oui C'est Bon x2 - 240g","p":4.9,"u":"20,42 €/KG","img":"https://fd2-photos.leclercdrive.fr/image.ashx?id=2605580&use=l&cat=p&typeid=i","cat":284337},{"id":103946,"n":"Escalope de dinde  Le Gaulois Fine -Oui C'est Bon x3 - 360g","p":7.15,"u":"19,86 €/KG","img":"https://fd2-photos.leclercdrive.fr/image.ashx?id=2605577&use=l&cat=p&typeid=i","cat":284337},{"id":103949,"n":"Nettoyant universel anti-traces 750ml","p":3.31,"u":"4,41 €/L","img":"https://fd2-photos.leclercdrive.fr/image.ashx?id=3000731&use=l&cat=p&typeid=i","cat":325357},{"id":103952,"n":"Percarbonate de soude poudre  blanchissante Ecocert - 500g","p":5.24,"u":"10,48 €/KG","img":"https://fd2-photos.leclercdrive.fr/image.ashx?id=3011392&use=l&cat=p&typeid=i","cat":325365},{"id":103957,"n":"Pierre du droguiste Briochin Ecocert - 300g","p":7.48,"u":"24,93 €/KG","img":"https://fd2-photos.leclercdrive.fr/image.ashx?id=3011395&use=l&cat=p&typeid=i","cat":325365},{"id":103969,"n":"Escalope de dinde Le Gaulois Fine - Oui C'est Bon x2 - 240g","p":4.9,"u":"20,42 €/KG","img":"https://fd2-photos.leclercdrive.fr/image.ashx?id=2605574&use=l&cat=p&typeid=i","cat":284337},{"id":103993,"n":"IGP Méditerranée rosé St Sagnol - 75cl","p":3.78,"u":"5,04 €/L","img":"https://fd2-photos.leclercdrive.fr/image.ashx?id=2923768&use=l&cat=p&typeid=i","cat":289558},{"id":104008,"n":"Jus innocent tutti frutti 900ml","p":2.66,"u":"2,96 €/L","img":"https://fd2-photos.leclercdrive.fr/image.ashx?id=2861737&use=l&cat=p&typeid=i","cat":285435},{"id":104019,"n":"Rhum paille St James 40%vol - 70cl","p":11.37,"u":"16,24 €/L","img":"https://fd2-photos.leclercdrive.fr/image.ashx?id=2970867&use=l&cat=p&typeid=i","cat":284550},{"id":104021,"n":"Arrangé Damoiseau Mangue passion 30D - 70cl","p":24.86,"u":"35,51 €/L","img":"https://fd2-photos.leclercdrive.fr/image.ashx?id=2021220&use=l&cat=p&typeid=i","cat":284551},{"id":104022,"n":"Arrangé Damoiseau Ananas vanille 30° - 70cl","p":25.3,"u":"36,14 €/L","img":"https://fd2-photos.leclercdrive.fr/image.ashx?id=2021217&use=l&cat=p&typeid=i","cat":284551},{"id":104034,"n":"Jus innocent plus  zest défense 750ml","p":2.54,"u":"3,39 €/L","img":"https://fd2-photos.leclercdrive.fr/image.ashx?id=2736574&use=l&cat=p&typeid=i","cat":285435},{"id":104036,"n":"Jus innocent plus  énergie chérie 750ml","p":2.52,"u":"3,36 €/L","img":"https://fd2-photos.leclercdrive.fr/image.ashx?id=2901082&use=l&cat=p&typeid=i","cat":284354},{"id":104062,"n":"Brioches Doowap Harrys X8 -320g Pépites choco sans additif","p":2.54,"u":"7,94 €/KG","img":"https://fd2-photos.leclercdrive.fr/image.ashx?id=2502998&use=l&cat=p&typeid=i","cat":293505},{"id":104073,"n":"100% Pur Jus Jafaden Pamplemousse- 1L","p":1.99,"u":"1,99 €/L","img":"https://fd2-photos.leclercdrive.fr/image.ashx?id=2956771&use=l&cat=p&typeid=i","cat":284914},{"id":104087,"n":"IGP Méditerranée vin rosé Terres Ocrées - 75cl","p":2.75,"u":"3,67 €/L","img":"https://fd2-photos.leclercdrive.fr/image.ashx?id=2894743&use=l&cat=p&typeid=i","cat":289558},{"id":104089,"n":"AOP Champagne Fondateur Vranken Brut - 75cl","p":17.9,"u":"23,87 €/L","img":"https://fd2-photos.leclercdrive.fr/image.ashx?id=2662012&use=l&cat=p&typeid=i","cat":284542},{"id":104090,"n":"Bouillon Cube Bio Maggi Volaille - 80g","p":1.65,"u":"20,63 €/KG","img":"https://fd2-photos.leclercdrive.fr/image.ashx?id=2882923&use=l&cat=p&typeid=i","cat":288379},{"id":104091,"n":"Bouillon Bio Cube Maggi Légumes - 80g","p":1.86,"u":"23,25 €/KG","img":"https://fd2-photos.leclercdrive.fr/image.ashx?id=2737786&use=l&cat=p&typeid=i","cat":288379},{"id":104092,"n":"Tagada Zip Fraîcheur Haribo Sachet bonbons - 220g","p":1.33,"u":"6,05 €/KG","img":"https://fd2-photos.leclercdrive.fr/image.ashx?id=2802359&use=l&cat=p&typeid=i","cat":304250},{"id":104109,"n":"Les Timbales Gourmet Gold Boeuf plet saumon - 12x85g","p":6.45,"u":"6,32 €/KG","img":"https://fd2-photos.leclercdrive.fr/image.ashx?id=2861764&use=l&cat=p&typeid=i","cat":285286},{"id":104110,"n":"Fruits au sirop St Mamet Cocktail de fruits - 4x65g","p":3.09,"u":"11,88 €/KG","img":"https://fd2-photos.leclercdrive.fr/image.ashx?id=2429230&use=l&cat=p&typeid=i","cat":284507},{"id":104113,"n":"Brioches Doowap Harrys X12-480g Pépites choco sans additif","p":3.22,"u":"6,71 €/KG","img":"https://fd2-photos.leclercdrive.fr/image.ashx?id=2503001&use=l&cat=p&typeid=i","cat":293505},{"id":104114,"n":"Brioches Doowap Harrys X8 -320g Pépites choco lait sans additif","p":2.65,"u":"8,28 €/KG","img":"https://fd2-photos.leclercdrive.fr/image.ashx?id=2503004&use=l&cat=p&typeid=i","cat":293505},{"id":104115,"n":"Brioches Doowap Harrys X12-480g Pépites choco lait sans additif","p":3.22,"u":"6,71 €/KG","img":"https://fd2-photos.leclercdrive.fr/image.ashx?id=2503007&use=l&cat=p&typeid=i","cat":293505},{"id":104121,"n":"Noix de cajou Benenuts Grillées à sec -165g","p":4.19,"u":"25,39 €/KG","img":"https://fd2-photos.leclercdrive.fr/image.ashx?id=2391786&use=l&cat=p&typeid=i","cat":284448},{"id":104188,"n":"Chips Tyrrell's Légèrement salées - 150g","p":2.19,"u":"14,60 €/KG","img":"https://fd2-photos.leclercdrive.fr/image.ashx?id=2924731&use=l&cat=p&typeid=i","cat":284447},{"id":104245,"n":"Pizzas Crousti Moelleuse Marie 4 fromages 2+1 offerte 1.530kg","p":7.67,"u":"5,01 €/KG","img":"https://fd2-photos.leclercdrive.fr/image.ashx?id=1876709&use=l&cat=p&typeid=i","cat":284256},{"id":104248,"n":"Pizzas Crousti Moelleuse Marie Extrême Américaine 2+ 1 offerte","p":7.68,"u":"4,83 €/KG","img":"https://fd2-photos.leclercdrive.fr/image.ashx?id=2996659&use=l&cat=p&typeid=i","cat":284256},{"id":104264,"n":"Liqueur Angostura  Aromatic Bitter - 44,7° - 20cl","p":29.7,"u":"148,50 €/L","img":"https://fd2-photos.leclercdrive.fr/image.ashx?id=2018298&use=l&cat=p&typeid=i","cat":286032},{"id":104291,"n":"Pignons de pins Sainte-Lucie Parasol - Sachet 50g","p":3.76,"u":"75,20 €/KG","img":"https://fd2-photos.leclercdrive.fr/image.ashx?id=2774334&use=l&cat=p&typeid=i","cat":284504},{"id":104324,"n":"Pâtes de Fruits GERBLE   -  6 sachets 162g","p":3.16,"u":"19,51 €/KG","img":"https://fd2-photos.leclercdrive.fr/image.ashx?id=2664082&use=l&cat=p&typeid=i","cat":318652},{"id":104349,"n":"AOP Cabernet d'Anjou rosé Plessis-Duval - 3L","p":15.99,"u":"5,33 €/L","img":"https://fd2-photos.leclercdrive.fr/image.ashx?id=2941038&use=l&cat=p&typeid=i","cat":289558},{"id":104412,"n":"Le paté Henaff Bio - 76g","p":1.41,"u":"18,55 €/KG","img":"https://fd2-photos.leclercdrive.fr/image.ashx?id=2432770&use=l&cat=p&typeid=i","cat":305149},{"id":104468,"n":"Fromage apéritif Apéricube Long drink 48 cubes","p":4.17,"u":"16,68 €/KG","img":"https://fd2-photos.leclercdrive.fr/image.ashx?id=2882674&use=l&cat=p&typeid=i","cat":314027},{"id":104471,"n":"Fromage apéritif Apericube  Cocktail 48 cubes","p":3.17,"u":"12,68 €/KG","img":"https://fd2-photos.leclercdrive.fr/image.ashx?id=2882680&use=l&cat=p&typeid=i","cat":314027},{"id":104487,"n":"Tropicana Jus de pomme 90cl","p":2.52,"u":"2,80 €/L","img":"https://fd2-photos.leclercdrive.fr/image.ashx?id=2533526&use=l&cat=p&typeid=i","cat":285435},{"id":104561,"n":"Bâtonnet Yeti parfums fous  x24 - 1.2L","p":3.71,"u":"3,09 €/L","img":"https://fd2-photos.leclercdrive.fr/image.ashx?id=2314107&use=l&cat=p&typeid=i","cat":285250},{"id":104603,"n":"Lamelles kebab Maître Coq 1kg","p":13.54,"u":"13,54 €/KG","img":"https://fd2-photos.leclercdrive.fr/image.ashx?id=2101441&use=l&cat=p&typeid=i","cat":319780},{"id":104616,"n":"Salade thai Pierre Martinet 250g","p":2.66,"u":"10,64 €/KG","img":"https://fd2-photos.leclercdrive.fr/image.ashx?id=2504779&use=l&cat=p&typeid=i","cat":333657},{"id":104617,"n":"Kit plumeau Swiffer XXL déplié + 2 recharges","p":10.99,"img":"https://fd2-photos.leclercdrive.fr/image.ashx?id=2681215&use=l&cat=p&typeid=i","cat":325364},{"id":104669,"n":"Bière blonde Bud 5% - 20x25cl","p":13.79,"u":"2,76 €/L","img":"https://fd2-photos.leclercdrive.fr/image.ashx?id=3009047&use=l&cat=p&typeid=i","cat":334873},{"id":104724,"n":"Escalope de dinde Le Gaulois Fine - Oui c'est bon- x1 - 120g","p":2.6,"u":"21,67 €/KG","img":"https://fd2-photos.leclercdrive.fr/image.ashx?id=2603297&use=l&cat=p&typeid=i","cat":284337},{"id":104731,"n":"Cuisse de dinde Le Gaulois Oui c'est bon - x1 - 650g","p":4.5,"u":"6,92 €/KG","img":"https://fd2-photos.leclercdrive.fr/image.ashx?id=2605583&use=l&cat=p&typeid=i","cat":284337},{"id":104888,"n":"Miettes de Thon Eco + Huile - 104g","p":0.82,"u":"7,88 €/KG","img":"https://fd2-photos.leclercdrive.fr/image.ashx?id=2824241&use=l&cat=p&typeid=i","cat":303867},{"id":105001,"n":"Gel lavant Le Chat  Douceur pure - 500ml","p":2.55,"u":"5,10 €/L","img":"https://fd2-photos.leclercdrive.fr/image.ashx?id=2467195&use=l&cat=p&typeid=i","cat":284597},{"id":105068,"n":"Savon liquide Bio N.A.E Revitalisant - 300ml","p":3.26,"u":"10,87 €/L","img":"https://fd2-photos.leclercdrive.fr/image.ashx?id=1954460&use=l&cat=p&typeid=i","cat":284597},{"id":105117,"n":"Aguacana cachaça 37.5%vol - 70cl","p":13.88,"u":"19,83 €/L","img":"https://fd2-photos.leclercdrive.fr/image.ashx?id=2961801&use=l&cat=p&typeid=i","cat":284550},{"id":105118,"n":"Saucisson La Fine Saint Agaune 120g","p":3.71,"u":"30,92 €/KG","img":"https://fd2-photos.leclercdrive.fr/image.ashx?id=2960936&use=l&cat=p&typeid=i","cat":316006},{"id":105136,"n":"Jambon supérieur Tradilège S/nitrite Découenne - x6 - 210g","p":2.79,"u":"13,29 €/KG","img":"https://fd2-photos.leclercdrive.fr/image.ashx?id=2253081&use=l&cat=p&typeid=i","cat":316009},{"id":105137,"n":"Jambon supérieur Tradilège Sans nitrite x4 - 140g","p":1.85,"u":"13,21 €/KG","img":"https://fd2-photos.leclercdrive.fr/image.ashx?id=2253078&use=l&cat=p&typeid=i","cat":316009},{"id":105139,"n":"Collant Body Touch Dim Opaque noir - Taille 1","p":8.95,"img":"https://fd2-photos.leclercdrive.fr/image.ashx?id=2876089&use=l&cat=p&typeid=i","cat":334130},{"id":105140,"n":"Jambon supérieur Tradilège Découenne S/nitrite - x2 - 70g","p":1.3,"u":"18,57 €/KG","img":"https://fd2-photos.leclercdrive.fr/image.ashx?id=2994378&use=l&cat=p&typeid=i","cat":316009},{"id":105180,"n":"Whisky Bowmore 15ans darkest - 43%vol -  70cl","p":57.21,"u":"81,73 €/L","img":"https://fd2-photos.leclercdrive.fr/image.ashx?id=1733146&use=l&cat=p&typeid=i","cat":284547},{"id":105182,"n":"Crème desserts Délisse Saveur Praline - 4x100g","p":1.99,"u":"4,98 €/KG","img":"https://fd2-photos.leclercdrive.fr/image.ashx?id=2590925&use=l&cat=p&typeid=i","cat":285041},{"id":105183,"n":"Burger Le Chicken Daunat  Poulet Cheddar - 180g","p":3.56,"u":"19,78 €/KG","img":"https://fd2-photos.leclercdrive.fr/image.ashx?id=2967178&use=l&cat=p&typeid=i","cat":333671},{"id":105185,"n":"Compote Charles & Alice Pommes Myrtilles - 4x97g","p":1.8,"u":"4,64 €/KG","img":"https://fd2-photos.leclercdrive.fr/image.ashx?id=2900899&use=l&cat=p&typeid=i","cat":284416},{"id":105196,"n":"Dessert fruitier Fraise Andros En morceaux - 4x100g","p":2.18,"u":"5,45 €/KG","img":"https://fd2-photos.leclercdrive.fr/image.ashx?id=2845467&use=l&cat=p&typeid=i","cat":284416},{"id":105197,"n":"Douceur satinée Délisse Citron - 4x125g","p":1.8,"u":"14,40 €/KG","img":"https://fd2-photos.leclercdrive.fr/image.ashx?id=2486467&use=l&cat=p&typeid=i","cat":314999},{"id":105202,"n":"Collant Body Touch Dim Opaque noir - Taille 2","p":8.95,"img":"https://fd2-photos.leclercdrive.fr/image.ashx?id=2560654&use=l&cat=p&typeid=i","cat":334130},{"id":105203,"n":"Collant Body Touch Dim Opaque noir - Taille 3","p":8.95,"img":"https://fd2-photos.leclercdrive.fr/image.ashx?id=2560657&use=l&cat=p&typeid=i","cat":334130},{"id":105206,"n":"Collant Diam's opaque Dim Jambes fuselées Noir - Taille 1","p":7.99,"img":"https://fd2-photos.leclercdrive.fr/image.ashx?id=2639314&use=l&cat=p&typeid=i","cat":334130},{"id":105208,"n":"Collant Diam's opaque Dim Jambes fuselées noir - Taille 3","p":7.99,"img":"https://fd2-photos.leclercdrive.fr/image.ashx?id=2639320&use=l&cat=p&typeid=i","cat":334130},{"id":105211,"n":"Collant Beauty Resist Dim Opaque noir - Taille 1","p":5.39,"img":"https://fd2-photos.leclercdrive.fr/image.ashx?id=2534953&use=l&cat=p&typeid=i","cat":334130},{"id":105212,"n":"Collant Beauty Resist Dim Opaque noir - Taille 2","p":5.39,"img":"https://fd2-photos.leclercdrive.fr/image.ashx?id=2841006&use=l&cat=p&typeid=i","cat":334130},{"id":105213,"n":"Collant Beauty Resist Dim Opaque noir - Taille 3","p":5.39,"img":"https://fd2-photos.leclercdrive.fr/image.ashx?id=2534959&use=l&cat=p&typeid=i","cat":334130},{"id":105214,"n":"Boulettes Garden Gourmet légumes 200g","p":2.73,"u":"13,65 €/KG","img":"https://fd2-photos.leclercdrive.fr/image.ashx?id=2986903&use=l&cat=p&typeid=i","cat":316036},{"id":105215,"n":"Collant Beauty Resist Dim Opaque noir - Taille 4","p":5.39,"img":"https://fd2-photos.leclercdrive.fr/image.ashx?id=2841009&use=l&cat=p&typeid=i","cat":334130},{"id":105218,"n":"Poêlée de pâtes Coté Table Poulet/Champignon - 900g","p":3.89,"u":"4,32 €/KG","img":"https://fd2-photos.leclercdrive.fr/image.ashx?id=2626979&use=l&cat=p&typeid=i","cat":284254},{"id":105223,"n":"Glaces cônes Eco+ Vanille - x8 - 556g","p":1.95,"u":"3,51 €/KG","img":"https://fd2-photos.leclercdrive.fr/image.ashx?id=2742682&use=l&cat=p&typeid=i","cat":284264},{"id":105224,"n":"Gnocchi à poêler Lustucru Extra Mozzarella Tomate - 280g","p":2.61,"u":"9,32 €/KG","img":"https://fd2-photos.leclercdrive.fr/image.ashx?id=2999994&use=l&cat=p&typeid=i","cat":333682},{"id":106006,"n":"Pur jus de pomme Jafaden 2L","p":2.29,"u":"1,15 €/L","img":"https://fd2-photos.leclercdrive.fr/image.ashx?id=2956774&use=l&cat=p&typeid=i","cat":284522},{"id":106026,"n":"Matière grasse Rustica cuisson et patisserie -500G","p":2.79,"u":"5,58 €/KG","img":"https://fd2-photos.leclercdrive.fr/image.ashx?id=2904586&use=l&cat=p&typeid=i","cat":315229},{"id":106265,"n":"Edulcorant Pure Via Stick x40 - 60g","p":2.9,"u":"48,33 €/KG","img":"https://fd2-photos.leclercdrive.fr/image.ashx?id=2590598&use=l&cat=p&typeid=i","cat":324846},{"id":106269,"n":"Edulcorant Pure Via Boite de 65 morceaux - 130g","p":5.19,"u":"39,92 €/KG","img":"https://fd2-photos.leclercdrive.fr/image.ashx?id=2417291&use=l&cat=p&typeid=i","cat":324846},{"id":106271,"n":"Sucre Doypack Pure Via Poudre cristalisée - 250g","p":5.52,"u":"22,08 €/KG","img":"https://fd2-photos.leclercdrive.fr/image.ashx?id=2805381&use=l&cat=p&typeid=i","cat":324846},{"id":106471,"n":"Plat bébé soir Blédichef 15mois Poireau pomme de terre - 250g","p":1.79,"u":"7,16 €/KG","img":"https://fd2-photos.leclercdrive.fr/image.ashx?id=2143681&use=l&cat=p&typeid=i","cat":312239},{"id":106473,"n":"Repas bébé Blédichef 15 mois Patate légumes poulet - 250g","p":1.85,"u":"7,40 €/KG","img":"https://fd2-photos.leclercdrive.fr/image.ashx?id=2877703&use=l&cat=p&typeid=i","cat":312238},{"id":106474,"n":"Repas bébé Blédichef 15 mois Pdt champignon poulet - 250g","p":1.82,"u":"7,28 €/KG","img":"https://fd2-photos.leclercdrive.fr/image.ashx?id=2479685&use=l&cat=p&typeid=i","cat":312238},{"id":106477,"n":"Repas bébé Blédichef 18 mois  Blanquette de volaille - 250g","p":1.79,"u":"7,16 €/KG","img":"https://fd2-photos.leclercdrive.fr/image.ashx?id=2558861&use=l&cat=p&typeid=i","cat":312238},{"id":106605,"n":"Ravioli Lustucru Selection  Jambon fromage 300g","p":1.93,"u":"6,43 €/KG","img":"https://fd2-photos.leclercdrive.fr/image.ashx?id=2962527&use=l&cat=p&typeid=i","cat":333682},{"id":106614,"n":"Rosette Justin Bridou  19 Tranches - 170g","p":2.49,"u":"14,65 €/KG","img":"https://fd2-photos.leclercdrive.fr/image.ashx?id=2948932&use=l&cat=p&typeid=i","cat":316007},{"id":106625,"n":"Lait lemiel age 1 Célia En poudre - 800g","p":16.94,"u":"21,18 €/KG","img":"https://fd2-photos.leclercdrive.fr/image.ashx?id=2977396&use=l&cat=p&typeid=i","cat":284726},{"id":106627,"n":"Repas bébé Blédichef 15 mois Légumes viandes 2x230g - 2x250g","p":6.95,"u":"7,24 €/KG","img":"https://fd2-photos.leclercdrive.fr/image.ashx?id=2643752&use=l&cat=p&typeid=i","cat":312238},{"id":106640,"n":"Bac gourmand Eskiss Citron meringue - 500g","p":3.66,"u":"7,32 €/KG","img":"https://fd2-photos.leclercdrive.fr/image.ashx?id=2982646&use=l&cat=p&typeid=i","cat":284263},{"id":106690,"n":"Gel douche Bionaïa Abricot bio - 250ml","p":1.43,"u":"5,72 €/L","img":"https://fd2-photos.leclercdrive.fr/image.ashx?id=2512478&use=l&cat=p&typeid=i","cat":284594},{"id":106722,"n":"Bière blonde Abbaye Sant Erwann 7%vol. - 12x25cl","p":10.29,"u":"3,43 €/L","img":"https://fd2-photos.leclercdrive.fr/image.ashx?id=2678068&use=l&cat=p&typeid=i","cat":334873},{"id":106725,"n":"Gants Confort Pro Mapa Latex naturel Taille L - x100","p":10.38,"u":"0,10 €/P","img":"https://fd2-photos.leclercdrive.fr/image.ashx?id=2732446&use=l&cat=p&typeid=i","cat":284668},{"id":106750,"n":"Eau micellaire So Bio Etic Aloe purifiante bio - 500ml","p":6.89,"u":"13,78 €/L","img":"https://fd2-photos.leclercdrive.fr/image.ashx?id=2577009&use=l&cat=p&typeid=i","cat":284603},{"id":106751,"n":"Après-shampooing So Bio Etic Karité Argan bio - 200ml","p":4.09,"u":"20,45 €/L","img":"https://fd2-photos.leclercdrive.fr/image.ashx?id=2787059&use=l&cat=p&typeid=i","cat":284607},{"id":106818,"n":"Les lardons natures Bien élevés - 2x75g","p":2.69,"u":"17,93 €/KG","img":"https://fd2-photos.leclercdrive.fr/image.ashx?id=2480914&use=l&cat=p&typeid=i","cat":316011},{"id":106979,"n":"Crème glacée Häagen-Dazs  Vanille cookie dough - 394g","p":4.26,"u":"10,81 €/KG","img":"https://fd2-photos.leclercdrive.fr/image.ashx?id=2893459&use=l&cat=p&typeid=i","cat":284725},{"id":106985,"n":"Mini pots Häagen-Dazs  Vanille Collection x4 - 321g","p":4.28,"u":"13,33 €/KG","img":"https://fd2-photos.leclercdrive.fr/image.ashx?id=2992858&use=l&cat=p&typeid=i","cat":284725},{"id":106987,"n":"Mini pots Häagen-Dazs Caramel  Beurre salé x4 - 324g","p":4.55,"u":"14,04 €/KG","img":"https://fd2-photos.leclercdrive.fr/image.ashx?id=2992849&use=l&cat=p&typeid=i","cat":284725},{"id":107191,"n":"Cabecou du Périgord Rians 5x35g","p":3.45,"u":"19,71 €/KG","img":"https://fd2-photos.leclercdrive.fr/image.ashx?id=2576214&use=l&cat=p&typeid=i","cat":314031},{"id":107212,"n":"Jus innocent pomme fruits rouges 900ml","p":2.72,"u":"3,02 €/L","img":"https://fd2-photos.leclercdrive.fr/image.ashx?id=2184735&use=l&cat=p&typeid=i","cat":285435},{"id":107384,"n":"Bacon Justin Bridou  16 Tranches - 160g","p":2.49,"u":"15,56 €/KG","img":"https://fd2-photos.leclercdrive.fr/image.ashx?id=2924110&use=l&cat=p&typeid=i","cat":316007},{"id":107653,"n":"Lait de coco bio Jardin Bio Bio - 225ml","p":1.69,"u":"7,51 €/L","img":"https://fd2-photos.leclercdrive.fr/image.ashx?id=2875471&use=l&cat=p&typeid=i","cat":288992},{"id":107763,"n":"Escalope Le Gaulois Cordon bleu Extra - 200g","p":2.61,"u":"13,05 €/KG","img":"https://fd2-photos.leclercdrive.fr/image.ashx?id=2367442&use=l&cat=p&typeid=i","cat":333683},{"id":107764,"n":"Panés Le Gaulois Façon Milanaise citronné - 200g","p":2.46,"u":"12,30 €/KG","img":"https://fd2-photos.leclercdrive.fr/image.ashx?id=2644770&use=l&cat=p&typeid=i","cat":333683},{"id":107789,"n":"Vinaigre balsamique de modène  IGP Bio 50cl","p":4.97,"u":"9,94 €/L","img":"https://fd2-photos.leclercdrive.fr/image.ashx?id=2737468&use=l&cat=p&typeid=i","cat":298543},{"id":107825,"n":"Bac gourmand Eskiss Vanille pécan - 500g","p":3.36,"u":"6,72 €/KG","img":"https://fd2-photos.leclercdrive.fr/image.ashx?id=2092951&use=l&cat=p&typeid=i","cat":284263},{"id":107827,"n":"Bac gourmand Eskiss Vanille caramel - 500g","p":4.11,"u":"8,22 €/KG","img":"https://fd2-photos.leclercdrive.fr/image.ashx?id=2982649&use=l&cat=p&typeid=i","cat":284263},{"id":107841,"n":"Bac gourmand Eskiss Crème brulée - 500g","p":4.36,"u":"8,72 €/KG","img":"https://fd2-photos.leclercdrive.fr/image.ashx?id=2982643&use=l&cat=p&typeid=i","cat":284263},{"id":107847,"n":"Bac gourmand Eskiss Vanille speculoos - 500g","p":3.19,"u":"6,38 €/KG","img":"https://fd2-photos.leclercdrive.fr/image.ashx?id=2982652&use=l&cat=p&typeid=i","cat":284263},{"id":107864,"n":"Bac gourmand Eskiss Café - 500g","p":2.99,"u":"5,98 €/KG","img":"https://fd2-photos.leclercdrive.fr/image.ashx?id=2982655&use=l&cat=p&typeid=i","cat":284263},{"id":108180,"n":"Compotes Pom'Potes Gourdes BIO  Multivariétés - 12x90g","p":6.76,"u":"6,26 €/KG","img":"https://fd2-photos.leclercdrive.fr/image.ashx?id=2926212&use=l&cat=p&typeid=i","cat":284508},{"id":108421,"n":"Matière grasse Primevere 63%MG - oméga 3 - 480g","p":5.34,"u":"11,13 €/KG","img":"https://fd2-photos.leclercdrive.fr/image.ashx?id=2936041&use=l&cat=p&typeid=i","cat":315229},{"id":108422,"n":"Matière grasse Primevere 63%MG - oméga 3 - 240g","p":2.71,"u":"11,29 €/KG","img":"https://fd2-photos.leclercdrive.fr/image.ashx?id=2979060&use=l&cat=p&typeid=i","cat":315229},{"id":108528,"n":"Shampooing Douche Zef Bretagne Trésor Dunes - 200ml","p":4.24,"u":"21,20 €/L","img":"https://fd2-photos.leclercdrive.fr/image.ashx?id=1695432&use=l&cat=p&typeid=i","cat":284594},{"id":108548,"n":"Shampooing Zef Bretagne  Trésor Dunes - 150ml","p":3.02,"u":"20,13 €/L","img":"https://fd2-photos.leclercdrive.fr/image.ashx?id=1695453&use=l&cat=p&typeid=i","cat":284606},{"id":108668,"n":"Bière blonde La Goudale 7.2% vol. - 50cl","p":1.57,"u":"3,14 €/L","img":"https://fd2-photos.leclercdrive.fr/image.ashx?id=2513658&use=l&cat=p&typeid=i","cat":334852},{"id":108695,"n":"Beurre de cacahuètes Menguy's Creamy - 454g","p":4.07,"u":"8,96 €/KG","img":"https://fd2-photos.leclercdrive.fr/image.ashx?id=2844082&use=l&cat=p&typeid=i","cat":284481},{"id":108707,"n":"Filtres à café Uni vert Bruns n°4 - x80","p":1.2,"u":"0,02 €/P","img":"https://fd2-photos.leclercdrive.fr/image.ashx?id=2634878&use=l&cat=p&typeid=i","cat":284751},{"id":108712,"n":"Gel douche Fa Caribbean Wave flacon - 250ml","p":1.56,"u":"6,24 €/L","img":"https://fd2-photos.leclercdrive.fr/image.ashx?id=2110236&use=l&cat=p&typeid=i","cat":284594},{"id":108724,"n":"Thé glacé Bio Village Bio Pêche - 1L","p":1.36,"u":"1,36 €/L","img":"https://fd2-photos.leclercdrive.fr/image.ashx?id=2670392&use=l&cat=p&typeid=i","cat":295019},{"id":108754,"n":"Merguez maison poids  mini 350g  - 6 pièces","p":3.98,"u":"0,66 €/P","img":"https://fd2-photos.leclercdrive.fr/image.ashx?id=2369789&use=l&cat=p&typeid=i","cat":284334},{"id":108799,"n":"Pain Burger Harrys Nature - 300g","p":1.34,"u":"4,47 €/KG","img":"https://fd2-photos.leclercdrive.fr/image.ashx?id=2569476&use=l&cat=p&typeid=i","cat":325067},{"id":108834,"n":"Lait Bio demi-écrémé Lactel UHT Bouteille - 6x25cl","p":4.47,"u":"2,98 €/L","img":"https://fd2-photos.leclercdrive.fr/image.ashx?id=2892790&use=l&cat=p&typeid=i","cat":284377},{"id":108836,"n":"Matin Léger de Lactel Bouteille Sans lactose 1.2% mg - 6x25cl","p":3.98,"u":"2,65 €/L","img":"https://fd2-photos.leclercdrive.fr/image.ashx?id=2883534&use=l&cat=p&typeid=i","cat":317169},{"id":108844,"n":"Plat bébé soir Blédichef 12mois Spaghetti crème légumes -2x230g","p":3.4,"u":"7,39 €/KG","img":"https://fd2-photos.leclercdrive.fr/image.ashx?id=2643494&use=l&cat=p&typeid=i","cat":312239},{"id":108891,"n":"Croccante alla Mozzarella  Galbani - 150g","p":2.96,"u":"19,73 €/KG","img":"https://fd2-photos.leclercdrive.fr/image.ashx?id=2786000&use=l&cat=p&typeid=i","cat":314027},{"id":108936,"n":"AOP Comté Entremont Rapé - 130g","p":2.67,"u":"20,54 €/KG","img":"https://fd2-photos.leclercdrive.fr/image.ashx?id=2983165&use=l&cat=p&typeid=i","cat":314035},{"id":108997,"n":"Crème dessert Danette vanille chocolat -16x115g","p":4.84,"u":"2,63 €/KG","img":"https://fd2-photos.leclercdrive.fr/image.ashx?id=2949850&use=l&cat=p&typeid=i","cat":285041},{"id":108998,"n":"liégeois chocolat danette - 12x100g","p":4.65,"u":"3,88 €/KG","img":"https://fd2-photos.leclercdrive.fr/image.ashx?id=2907842&use=l&cat=p&typeid=i","cat":285042},{"id":109271,"n":"Yaourt à boire Yop Aromatisé Coco - 825g","p":1.76,"u":"2,13 €/KG","img":"https://fd2-photos.leclercdrive.fr/image.ashx?id=2855576&use=l&cat=p&typeid=i","cat":284415},{"id":109274,"n":"Yaourt Enfant Petits Filous Aromatisé à la Fraise - 6x100g","p":2.67,"u":"4,45 €/KG","img":"https://fd2-photos.leclercdrive.fr/image.ashx?id=2748434&use=l&cat=p&typeid=i","cat":284415},{"id":109309,"n":"Bol semoule 8 mois Bio Village Bio Patate douce lait - 2x200g","p":2.49,"u":"6,23 €/KG","img":"https://fd2-photos.leclercdrive.fr/image.ashx?id=2704807&use=l&cat=p&typeid=i","cat":312239},{"id":109310,"n":"Bol Bio Village 6 mois bio Petits pois Riz Maïs - 2x200g","p":2.21,"u":"5,53 €/KG","img":"https://fd2-photos.leclercdrive.fr/image.ashx?id=2704819&use=l&cat=p&typeid=i","cat":312239},{"id":109313,"n":"Chocolat Noir raisins sarrasin Grain de Sail - Bio - 100g","p":3.19,"u":"31,90 €/KG","img":"https://fd2-photos.leclercdrive.fr/image.ashx?id=2400379&use=l&cat=p&typeid=i","cat":284956},{"id":109317,"n":"Bol Bio village 6 mois Bio Ratatouille Quinoa - 2x200g","p":2.45,"u":"6,13 €/KG","img":"https://fd2-photos.leclercdrive.fr/image.ashx?id=2704822&use=l&cat=p&typeid=i","cat":312239},{"id":109322,"n":"Bol legume vert riz Bio Village Saumon bio - 6 mois - 2x200g","p":2.55,"u":"6,38 €/KG","img":"https://fd2-photos.leclercdrive.fr/image.ashx?id=2704792&use=l&cat=p&typeid=i","cat":312235},{"id":109369,"n":"Panaché Falsbourg  <0.5% vol. - 10X25cl","p":2.99,"u":"1,20 €/L","img":"https://fd2-photos.leclercdrive.fr/image.ashx?id=2637967&use=l&cat=p&typeid=i","cat":334877},{"id":109384,"n":"Pur Jus de fruits Tropicana Sanguinello - 90cl","p":3.89,"u":"4,32 €/L","img":"https://fd2-photos.leclercdrive.fr/image.ashx?id=2533535&use=l&cat=p&typeid=i","cat":285435},{"id":109398,"n":"Filet de poulet  La Nouvelle Agriculture x2 260g","p":4.78,"u":"18,38 €/KG","img":"https://fd2-photos.leclercdrive.fr/image.ashx?id=2629079&use=l&cat=p&typeid=i","cat":284336},{"id":109418,"n":"Rillettes de Thon MSC Ronde des Mers - 125g","p":1.69,"u":"13,52 €/KG","img":"https://fd2-photos.leclercdrive.fr/image.ashx?id=2436696&use=l&cat=p&typeid=i","cat":303867},{"id":109437,"n":"Repas bébé Blédichef 12 mois  Couscous - 2x230g","p":3.69,"u":"8,02 €/KG","img":"https://fd2-photos.leclercdrive.fr/image.ashx?id=2479706&use=l&cat=p&typeid=i","cat":312237},{"id":109442,"n":"Vin blanc Domus by UBY Côtes de Gascogne - 3L","p":14.9,"u":"4,97 €/L","img":"https://fd2-photos.leclercdrive.fr/image.ashx?id=2325374&use=l&cat=p&typeid=i","cat":289560},{"id":109451,"n":"Boisson lactée Danao Multivitaminé - 900ml","p":2.43,"u":"2,70 €/L","img":"https://fd2-photos.leclercdrive.fr/image.ashx?id=2637216&use=l&cat=p&typeid=i","cat":285435},{"id":109455,"n":"Boisson lactée Danao Orange Banane Fraise - 900ml","p":2.57,"u":"2,86 €/L","img":"https://fd2-photos.leclercdrive.fr/image.ashx?id=2609908&use=l&cat=p&typeid=i","cat":285435},{"id":109456,"n":"AOP Alsace Sylvaner sec Wolfberger 75 cl","p":6.15,"u":"8,20 €/L","img":"https://fd2-photos.leclercdrive.fr/image.ashx?id=2692329&use=l&cat=p&typeid=i","cat":289557},{"id":109457,"n":"Boisson lactée Danao Pêche Abricot - 900ml","p":2.51,"u":"2,79 €/L","img":"https://fd2-photos.leclercdrive.fr/image.ashx?id=2606367&use=l&cat=p&typeid=i","cat":285435},{"id":109468,"n":"Poulet  La Nouvelle Agriculture Cuisse - x2 - 360g","p":3.2,"u":"8,89 €/KG","img":"https://fd2-photos.leclercdrive.fr/image.ashx?id=2629082&use=l&cat=p&typeid=i","cat":284336},{"id":109474,"n":"Yaourt à boire Yop Dessert Lacté Chocolat - 825g","p":2.17,"u":"2,63 €/KG","img":"https://fd2-photos.leclercdrive.fr/image.ashx?id=2941613&use=l&cat=p&typeid=i","cat":284415},{"id":109482,"n":"AOP Brouilly rouge Maison Jambon - 75cl","p":9.93,"u":"13,24 €/L","img":"https://fd2-photos.leclercdrive.fr/image.ashx?id=1725085&use=l&cat=p&typeid=i","cat":289556},{"id":109499,"n":"crème dessert caramel beurre salé danette - 4x125g","p":1.62,"u":"3,24 €/KG","img":"https://fd2-photos.leclercdrive.fr/image.ashx?id=1987455&use=l&cat=p&typeid=i","cat":285041},{"id":109509,"n":"crème dessert café danette - 4x125g","p":1.63,"u":"3,26 €/KG","img":"https://fd2-photos.leclercdrive.fr/image.ashx?id=2961867&use=l&cat=p&typeid=i","cat":285041},{"id":109548,"n":"Olives vertes bio Bio Village - 160g","p":2.79,"u":"17,44 €/KG","img":"https://fd2-photos.leclercdrive.fr/image.ashx?id=2552448&use=l&cat=p&typeid=i","cat":284450},{"id":109564,"n":"AdBlue Diframa avec flexible 10L","p":10.5,"u":"1,05 €/L","img":"https://fd2-photos.leclercdrive.fr/image.ashx?id=1863624&use=l&cat=p&typeid=i","cat":298253},{"id":109579,"n":"Pain de mie 100% Mie Harrys Nature sans sucre ajouté - 500g","p":2.4,"u":"4,80 €/KG","img":"https://fd2-photos.leclercdrive.fr/image.ashx?id=2517477&use=l&cat=p&typeid=i","cat":284477},{"id":109627,"n":"Crème dessert Danette vanille lit de chocolat -4x125g","p":1.66,"u":"3,32 €/KG","img":"https://fd2-photos.leclercdrive.fr/image.ashx?id=2939187&use=l&cat=p&typeid=i","cat":285041},{"id":109663,"n":"Lait concentré sucré Nestlé Ecrémé sans lactose - 387g","p":2.15,"u":"5,56 €/KG","img":"https://fd2-photos.leclercdrive.fr/image.ashx?id=2301349&use=l&cat=p&typeid=i","cat":299162},{"id":109670,"n":"Compotes Pom'Potes Gourdes  Mix de Pommes - 20x90g","p":7.27,"u":"4,04 €/KG","img":"https://fd2-photos.leclercdrive.fr/image.ashx?id=2563349&use=l&cat=p&typeid=i","cat":284508},{"id":109753,"n":"Sauce crudité Amora Nature - 380ml","p":1.9,"u":"5,00 €/KG","img":"https://fd2-photos.leclercdrive.fr/image.ashx?id=2644995&use=l&cat=p&typeid=i","cat":284456},{"id":109756,"n":"Sauce gourmet Amora Poivre - 188g","p":1.72,"u":"9,15 €/KG","img":"https://fd2-photos.leclercdrive.fr/image.ashx?id=2181056&use=l&cat=p&typeid=i","cat":318430},{"id":109842,"n":"Wings party Maître Coq Barbecue - 400g","p":4.84,"u":"12,10 €/KG","img":"https://fd2-photos.leclercdrive.fr/image.ashx?id=2095620&use=l&cat=p&typeid=i","cat":333685},{"id":109873,"n":"Pur jus de pomme Jafaden Douceur - 1L","p":1.5,"u":"1,50 €/L","img":"https://fd2-photos.leclercdrive.fr/image.ashx?id=2863178&use=l&cat=p&typeid=i","cat":284522},{"id":109892,"n":"Soda Coca-Cola Cherry Bouteille - 1,25L","p":1.79,"u":"1,43 €/L","img":"https://fd2-photos.leclercdrive.fr/image.ashx?id=2678161&use=l&cat=p&typeid=i","cat":284530},{"id":109893,"n":"Soda Coca-Cola Vanille Bouteille - 1,25L","p":1.94,"u":"1,55 €/L","img":"https://fd2-photos.leclercdrive.fr/image.ashx?id=2678164&use=l&cat=p&typeid=i","cat":284530},{"id":109918,"n":"Pur jus clementine Eco+ Orange Raisin - 1L","p":1.83,"u":"1,83 €/L","img":"https://fd2-photos.leclercdrive.fr/image.ashx?id=2869763&use=l&cat=p&typeid=i","cat":284917},{"id":109961,"n":"Boulette de Boeuf et Porc  Bigard x28 - 700g","p":11.28,"u":"16,11 €/KG","img":"https://fd2-photos.leclercdrive.fr/image.ashx?id=2347789&use=l&cat=p&typeid=i","cat":284332},{"id":110000,"n":"Cornichons fins AMORA Bocal - 540g","p":3.85,"u":"7,13 €/KG","img":"https://fd2-photos.leclercdrive.fr/image.ashx?id=2672710&use=l&cat=p&typeid=i","cat":284458},{"id":110009,"n":"Boisson végétale Bio Village Epeautre bio - 1l","p":1.9,"u":"1,90 €/L","img":"https://fd2-photos.leclercdrive.fr/image.ashx?id=2384935&use=l&cat=p&typeid=i","cat":316067},{"id":110048,"n":"Tendres effilés Chats Felix Encore plus de sauce 12x85g","p":4.69,"u":"4,60 €/KG","img":"https://fd2-photos.leclercdrive.fr/image.ashx?id=2957662&use=l&cat=p&typeid=i","cat":285286},{"id":110058,"n":"Crêpe fourrée Whaou Chocolat - x24 - 768g","p":4.05,"u":"5,27 €/KG","img":"https://fd2-photos.leclercdrive.fr/image.ashx?id=2955818&use=l&cat=p&typeid=i","cat":284494},{"id":110066,"n":"Mini Pizza Jambon Fromage Turini x9 - 270g","p":2.15,"u":"7,96 €/KG","img":"https://fd2-photos.leclercdrive.fr/image.ashx?id=1702044&use=l&cat=p&typeid=i","cat":319822},{"id":110083,"n":"Galettes Bio Jarnoux x4 - 280g","p":2.9,"u":"10,36 €/KG","img":"https://fd2-photos.leclercdrive.fr/image.ashx?id=1726619&use=l&cat=p&typeid=i","cat":333672},{"id":110086,"n":"Joker Le Fruit Jus d'orange Et d'agrumes - 1L","p":2.77,"u":"2,77 €/L","img":"https://fd2-photos.leclercdrive.fr/image.ashx?id=2678960&use=l&cat=p&typeid=i","cat":284521},{"id":110087,"n":"Joker Le Fruit Jus multifruits exotiques - 1L","p":2.15,"u":"2,15 €/L","img":"https://fd2-photos.leclercdrive.fr/image.ashx?id=2826864&use=l&cat=p&typeid=i","cat":284917},{"id":110089,"n":"Croquettes chat  One Nature stérilisé boeuf - 1.4kg","p":7.45,"u":"5,32 €/KG","img":"https://fd2-photos.leclercdrive.fr/image.ashx?id=2383907&use=l&cat=p&typeid=i","cat":284680},{"id":110095,"n":"Sauce chinoise 290g","p":1.79,"u":"6,17 €/KG","img":"https://fd2-photos.leclercdrive.fr/image.ashx?id=2458145&use=l&cat=p&typeid=i","cat":318431},{"id":110097,"n":"Café en grains Plantation  Noir - 500g","p":7.95,"u":"15,90 €/KG","img":"https://fd2-photos.leclercdrive.fr/image.ashx?id=1702158&use=l&cat=p&typeid=i","cat":293237},{"id":110101,"n":"Huile d'olive vierge extra 1.5L","p":12.9,"u":"8,60 €/L","img":"https://fd2-photos.leclercdrive.fr/image.ashx?id=2898035&use=l&cat=p&typeid=i","cat":284453},{"id":110121,"n":"Whisky Aberlour 10 ans Forest Single Malt Scotch 40% vol 70cl","p":24.52,"u":"35,03 €/L","img":"https://fd2-photos.leclercdrive.fr/image.ashx?id=3014871&use=l&cat=p&typeid=i","cat":284547},{"id":110123,"n":"Pavé Gourmand Garden Gourmet Fromage Soja et Blé 180g","p":3.83,"u":"21,28 €/KG","img":"https://fd2-photos.leclercdrive.fr/image.ashx?id=3011887&use=l&cat=p&typeid=i","cat":316036},{"id":110130,"n":"Dessert lacté Bio Village Bio - Abricot 6-9 mois 4x100g","p":2.04,"u":"5,10 €/KG","img":"https://fd2-photos.leclercdrive.fr/image.ashx?id=2709752&use=l&cat=p&typeid=i","cat":312392},{"id":110133,"n":"Dessert lacté bio Bio Village Fraise brassé - 6-9 mois 4x100g","p":2.09,"u":"5,23 €/KG","img":"https://fd2-photos.leclercdrive.fr/image.ashx?id=2709755&use=l&cat=p&typeid=i","cat":312392},{"id":110146,"n":"Matière grasse Rustica Tournesol -60%MG -1/2 sel -500G","p":1.75,"u":"3,50 €/KG","img":"https://fd2-photos.leclercdrive.fr/image.ashx?id=2949421&use=l&cat=p&typeid=i","cat":315229},{"id":110150,"n":"Bol légumes  Bio Village Bio Poulet - 8mois - 2x200g","p":2.49,"u":"6,23 €/KG","img":"https://fd2-photos.leclercdrive.fr/image.ashx?id=2704780&use=l&cat=p&typeid=i","cat":312236},{"id":110182,"n":"Bol Spaghetti Bio Village 8mois Bio Bolognaise - 2x200g","p":2.59,"u":"6,48 €/KG","img":"https://fd2-photos.leclercdrive.fr/image.ashx?id=2704828&use=l&cat=p&typeid=i","cat":312236},{"id":110288,"n":"Palet pur beurre Le Glazik 400g","p":3.72,"u":"9,30 €/KG","img":"https://fd2-photos.leclercdrive.fr/image.ashx?id=2509382&use=l&cat=p&typeid=i","cat":284487},{"id":110289,"n":"Madeleine pur beurre Le Glazik 280g","p":2.46,"u":"8,79 €/KG","img":"https://fd2-photos.leclercdrive.fr/image.ashx?id=2509406&use=l&cat=p&typeid=i","cat":284492},{"id":110290,"n":"Gâteau breton Le Glazik Framboise - 400g","p":3.91,"u":"9,78 €/KG","img":"https://fd2-photos.leclercdrive.fr/image.ashx?id=2509400&use=l&cat=p&typeid=i","cat":293600},{"id":110291,"n":"Gâteau breton Le Glazik Pruneaux - 400g","p":3.96,"u":"9,90 €/KG","img":"https://fd2-photos.leclercdrive.fr/image.ashx?id=2509403&use=l&cat=p&typeid=i","cat":293600},{"id":110292,"n":"Quatre-quart  Le Glazik Pur beurre - 500g","p":3.87,"u":"7,74 €/KG","img":"https://fd2-photos.leclercdrive.fr/image.ashx?id=2507961&use=l&cat=p&typeid=i","cat":294776},{"id":110293,"n":"Gâteau breton nature Le Glazik Pur beurre - 500g","p":4.87,"u":"9,74 €/KG","img":"https://fd2-photos.leclercdrive.fr/image.ashx?id=2509373&use=l&cat=p&typeid=i","cat":293600},{"id":110294,"n":"Galettes/Palets Le Glazik Boite métal - 2x200g","p":7.34,"u":"18,35 €/KG","img":"https://fd2-photos.leclercdrive.fr/image.ashx?id=2509397&use=l&cat=p&typeid=i","cat":284487},{"id":110440,"n":"Viande hachée tradition Charal Prêt à cuisiner 5%mg - 500g","p":10.14,"u":"20,28 €/KG","img":"https://fd2-photos.leclercdrive.fr/image.ashx?id=2014385&use=l&cat=p&typeid=i","cat":284332},{"id":110490,"n":"Crevette d'équateur Escal King Size - ASC - 250g","p":7.5,"u":"30,00 €/KG","img":"https://fd2-photos.leclercdrive.fr/image.ashx?id=2407223&use=l&cat=p&typeid=i","cat":319787},{"id":110556,"n":"Jus innocent plus  infatigableu 750ml","p":2.8,"u":"3,73 €/L","img":"https://fd2-photos.leclercdrive.fr/image.ashx?id=2862874&use=l&cat=p&typeid=i","cat":285435},{"id":110575,"n":"Dentifrice Bionaïa Coco Aloe Vera bio - 75ml","p":1.99,"u":"26,53 €/L","img":"https://fd2-photos.leclercdrive.fr/image.ashx?id=2529549&use=l&cat=p&typeid=i","cat":284612},{"id":110595,"n":"Gel Lave-Vaisselle Sun Tout-en-1 Expert Plus 52 Lavage","p":7.9,"u":"8,78 €/L","img":"https://fd2-photos.leclercdrive.fr/image.ashx?id=2835580&use=l&cat=p&typeid=i","cat":284656},{"id":110596,"n":"Poudre Lave Vaisselle Sun Classique 90 Lavages","p":8.75,"u":"3,07 €/KG","img":"https://fd2-photos.leclercdrive.fr/image.ashx?id=2866172&use=l&cat=p&typeid=i","cat":284656},{"id":110597,"n":"Tielles de Sète Pêcheries Sétoises 4 x 110g","p":4.99,"u":"11,34 €/KG","img":"https://fd2-photos.leclercdrive.fr/image.ashx?id=2149052&use=l&cat=p&typeid=i","cat":285094},{"id":110598,"n":"Solution 2 en 1 pour Mycose Ongles Pieds - 3,8 ml","p":12.81,"img":"https://fd2-photos.leclercdrive.fr/image.ashx?id=2990955&use=l&cat=p&typeid=i","cat":325354},{"id":110643,"n":"Yaourt à la Grecque Délisse Caramel beurre salé - 4x150g","p":2.59,"u":"4,32 €/KG","img":"https://fd2-photos.leclercdrive.fr/image.ashx?id=2953278&use=l&cat=p&typeid=i","cat":314999},{"id":110696,"n":"Yaourt à boire Yop Aromatisé Tropical - 825g","p":2.54,"u":"3,08 €/KG","img":"https://fd2-photos.leclercdrive.fr/image.ashx?id=2855582&use=l&cat=p&typeid=i","cat":284415},{"id":110707,"n":"Beurre gastronomique Les Croisé Doux - 82% MG - 250g","p":2.49,"u":"9,96 €/KG","img":"https://fd2-photos.leclercdrive.fr/image.ashx?id=2833005&use=l&cat=p&typeid=i","cat":284379},{"id":110708,"n":"Beurre Les Croisés Demi-sel - 80% MG - 250g","p":2.49,"u":"9,96 €/KG","img":"https://fd2-photos.leclercdrive.fr/image.ashx?id=2778084&use=l&cat=p&typeid=i","cat":284379},{"id":110712,"n":"Boisson lacté Délisse Vanille - 6x20cl","p":2.22,"u":"1,85 €/L","img":"https://fd2-photos.leclercdrive.fr/image.ashx?id=2994821&use=l&cat=p&typeid=i","cat":295246},{"id":110775,"n":"Cocktail de fruit de mer 800g","p":10.81,"u":"13,51 €/KG","img":"https://fd2-photos.leclercdrive.fr/image.ashx?id=2800528&use=l&cat=p&typeid=i","cat":319787},{"id":110827,"n":"Jus pour bébé Naturnes Bio Pomme mangue 6M+ 20cl","p":0.74,"u":"3,70 €/L","img":"https://fd2-photos.leclercdrive.fr/image.ashx?id=2406235&use=l&cat=p&typeid=i","cat":312388},{"id":110845,"n":"Huile végétale So'Bio Etic Amande douce bio - 50ml","p":4.89,"u":"97,80 €/L","img":"https://fd2-photos.leclercdrive.fr/image.ashx?id=2827956&use=l&cat=p&typeid=i","cat":325349},{"id":110846,"n":"Huile végétale So'Bio Etic de ricin bio - 50ml","p":4.88,"u":"97,60 €/L","img":"https://fd2-photos.leclercdrive.fr/image.ashx?id=2752465&use=l&cat=p&typeid=i","cat":325349},{"id":110847,"n":"Huile végétale So'Bio Etic Coco bio - 50ml","p":4.39,"u":"87,80 €/L","img":"https://fd2-photos.leclercdrive.fr/image.ashx?id=2827959&use=l&cat=p&typeid=i","cat":325349},{"id":110849,"n":"Dentifrice Bionaïa Charbon bio - 75ml","p":1.99,"u":"26,53 €/L","img":"https://fd2-photos.leclercdrive.fr/image.ashx?id=2529546&use=l&cat=p&typeid=i","cat":284612},{"id":110856,"n":"Pack bières blondes 8.6 8.6%vol - 4x50cl","p":5.15,"u":"2,58 €/L","img":"https://fd2-photos.leclercdrive.fr/image.ashx?id=2841601&use=l&cat=p&typeid=i","cat":334853},{"id":110858,"n":"Jus pour bébé Naturnes 6 mois Poire Banane Bio - 200ml","p":0.83,"u":"4,15 €/L","img":"https://fd2-photos.leclercdrive.fr/image.ashx?id=2406238&use=l&cat=p&typeid=i","cat":312388},{"id":110866,"n":"Cheesecake Gü Caramel salé - 2x90g","p":3.28,"u":"17,83 €/KG","img":"https://fd2-photos.leclercdrive.fr/image.ashx?id=3012664&use=l&cat=p&typeid=i","cat":284419},{"id":111207,"n":"Jenlain ambrée 75cl","p":2.87,"u":"3,83 €/L","img":"https://fd2-photos.leclercdrive.fr/image.ashx?id=2732848&use=l&cat=p&typeid=i","cat":334852},{"id":111211,"n":"Pain de mie La Boulangère Seigle graines - 500g","p":1.96,"u":"3,92 €/KG","img":"https://fd2-photos.leclercdrive.fr/image.ashx?id=2912425&use=l&cat=p&typeid=i","cat":284477},{"id":111314,"n":"Sacs à Crottes Clean& Fresh Résistant - 3x20 sachets","p":5.67,"u":"0,09 €/P","img":"https://fd2-photos.leclercdrive.fr/image.ashx?id=2021022&use=l&cat=p&typeid=i","cat":285161},{"id":111377,"n":"Piles Alcalines Energizer Max  plus AAA LR03 1.5V - x4","p":6.1,"u":"1,53 €/P","img":"https://fd2-photos.leclercdrive.fr/image.ashx?id=1709427&use=l&cat=p&typeid=i","cat":300572},{"id":111385,"n":"Croquette chat stérilisé Ultima Boeuf - 1.5kg","p":6.72,"u":"4,48 €/KG","img":"https://fd2-photos.leclercdrive.fr/image.ashx?id=2921903&use=l&cat=p&typeid=i","cat":284680},{"id":111414,"n":"Repas bébé Blédichef 12 mois  Spaghetti bolognaise - 230g","p":1.73,"u":"7,52 €/KG","img":"https://fd2-photos.leclercdrive.fr/image.ashx?id=2643491&use=l&cat=p&typeid=i","cat":312237},{"id":111415,"n":"Repas bébé Blédichef 12 mois Purée épinards saumon - 230g","p":1.66,"u":"6,64 €/KG","img":"https://fd2-photos.leclercdrive.fr/image.ashx?id=1710731&use=l&cat=p&typeid=i","cat":312237},{"id":111419,"n":"Repas bébé Blédichef 24 mois  Macaroni carotte boeuf - 250g","p":1.93,"u":"7,72 €/KG","img":"https://fd2-photos.leclercdrive.fr/image.ashx?id=2951593&use=l&cat=p&typeid=i","cat":312238},{"id":111420,"n":"Compotes Materne Coupelles  Pomme Nature - 12x100g","p":4.25,"u":"3,54 €/KG","img":"https://fd2-photos.leclercdrive.fr/image.ashx?id=3010867&use=l&cat=p&typeid=i","cat":284508},{"id":111422,"n":"Compotes Pom'Potes Gourdes  Pomm P. Frais P. Framb - 32x90g","p":12.3,"u":"4,27 €/KG","img":"https://fd2-photos.leclercdrive.fr/image.ashx?id=2870182&use=l&cat=p&typeid=i","cat":284508},{"id":111423,"n":"Compotes Materne Coupelles  Multivariétés Jaunes - 12x100g","p":4.39,"u":"3,66 €/KG","img":"https://fd2-photos.leclercdrive.fr/image.ashx?id=3012191&use=l&cat=p&typeid=i","cat":284508},{"id":111424,"n":"Repas bébé Blédichef 12 mois  Hachis parmentier - 230g","p":1.65,"u":"7,17 €/KG","img":"https://fd2-photos.leclercdrive.fr/image.ashx?id=2478571&use=l&cat=p&typeid=i","cat":312237},{"id":111425,"n":"Chips lentilles Vico Fines herbes - 85g","p":1.69,"u":"19,88 €/KG","img":"https://fd2-photos.leclercdrive.fr/image.ashx?id=3000096&use=l&cat=p&typeid=i","cat":284447},{"id":111426,"n":"Chips lentille Vico Tomate mozzarella - 85g","p":1.79,"u":"21,06 €/KG","img":"https://fd2-photos.leclercdrive.fr/image.ashx?id=2989255&use=l&cat=p&typeid=i","cat":284447},{"id":111430,"n":"Compotes Materne Coupelles  Multivariétés Rouges - 12x100g","p":4.36,"u":"3,63 €/KG","img":"https://fd2-photos.leclercdrive.fr/image.ashx?id=3010870&use=l&cat=p&typeid=i","cat":284508},{"id":111432,"n":"Plat bébé soir Blédichef 15mois Pomme de terre chou fleur -250g","p":1.87,"u":"7,48 €/KG","img":"https://fd2-photos.leclercdrive.fr/image.ashx?id=2479018&use=l&cat=p&typeid=i","cat":312239},{"id":111433,"n":"Repas bébé Blédichef 18 mois  Paëlla - 250g","p":1.85,"u":"7,40 €/KG","img":"https://fd2-photos.leclercdrive.fr/image.ashx?id=2951587&use=l&cat=p&typeid=i","cat":312238},{"id":111587,"n":"Café dosettes Tassimo L'Or XL Classique x16","p":4.8,"u":"35,29 €/KG","img":"https://fd2-photos.leclercdrive.fr/image.ashx?id=2100308&use=l&cat=p&typeid=i","cat":293240},{"id":111590,"n":"Capsules café L'Or Espresso Lungo Mattinata N°5 x10","p":3.45,"u":"66,35 €/KG","img":"https://fd2-photos.leclercdrive.fr/image.ashx?id=3002309&use=l&cat=p&typeid=i","cat":284749},{"id":111645,"n":"Nectar de pomme Bio Village Bio - 1.5L","p":1.81,"u":"1,21 €/L","img":"https://fd2-photos.leclercdrive.fr/image.ashx?id=2954133&use=l&cat=p&typeid=i","cat":284522},{"id":111709,"n":"Aiguillettes de poulet blanc 1kg","p":13.2,"u":"13,20 €/KG","img":"https://fd2-photos.leclercdrive.fr/image.ashx?id=2831981&use=l&cat=p&typeid=i","cat":284336},{"id":111729,"n":"Tomate ronde  1P","p":0.32,"img":"https://fd2-photos.leclercdrive.fr/image.ashx?id=1633361&use=l&cat=p&typeid=i","cat":284352},{"id":111785,"n":"Soda Pepsi Cola cerise sans sucres - 1.5L","p":1.64,"u":"1,09 €/L","img":"https://fd2-photos.leclercdrive.fr/image.ashx?id=2734924&use=l&cat=p&typeid=i","cat":284530},{"id":111828,"n":"Compote Charles & Alice Pommes Framboises - 4x100g","p":1.49,"u":"3,73 €/KG","img":"https://fd2-photos.leclercdrive.fr/image.ashx?id=2757341&use=l&cat=p&typeid=i","cat":284416},{"id":111829,"n":"Compote Charles & Alice Pommes Fraises - 4x100g","p":1.47,"u":"3,68 €/KG","img":"https://fd2-photos.leclercdrive.fr/image.ashx?id=2757338&use=l&cat=p&typeid=i","cat":284416},{"id":111906,"n":"Déodorant compressé Ushuaïa Grenade - 100ml","p":3.44,"u":"34,40 €/L","img":"https://fd2-photos.leclercdrive.fr/image.ashx?id=2474608&use=l&cat=p&typeid=i","cat":284595},{"id":111911,"n":"Crème anti-rides Bionaïa Bio - 50ml","p":5.59,"u":"111,80 €/L","img":"https://fd2-photos.leclercdrive.fr/image.ashx?id=2436702&use=l&cat=p&typeid=i","cat":325345},{"id":111914,"n":"Bière ambrée Grimbergen 6,5° - 12x25cl","p":9.91,"u":"3,30 €/L","img":"https://fd2-photos.leclercdrive.fr/image.ashx?id=2294378&use=l&cat=p&typeid=i","cat":334852},{"id":111921,"n":"Dessert végétal soja Alpro Mangue sans sucres - 400g","p":2.11,"u":"5,28 €/KG","img":"https://fd2-photos.leclercdrive.fr/image.ashx?id=2976086&use=l&cat=p&typeid=i","cat":316071},{"id":111938,"n":"Bière blonde Affligem  Sans alcool - 6x25cl","p":5.15,"u":"3,43 €/L","img":"https://fd2-photos.leclercdrive.fr/image.ashx?id=2979695&use=l&cat=p&typeid=i","cat":334877},{"id":111957,"n":"Baguette La Tradi Breizh 250g","p":1.1,"u":"4,40 €/KG","img":"https://fd2-photos.leclercdrive.fr/image.ashx?id=2062867&use=l&cat=p&typeid=i","cat":284359},{"id":111972,"n":"Serviettes Discreet Tena Lady Extra Plus - x16","p":5.56,"u":"0,35 €/P","img":"https://fd2-photos.leclercdrive.fr/image.ashx?id=2597250&use=l&cat=p&typeid=i","cat":284628},{"id":111987,"n":"Repas bébé Blédichef 18 mois  Pâtes boeuf bourguignon - 250g","p":1.95,"u":"7,80 €/KG","img":"https://fd2-photos.leclercdrive.fr/image.ashx?id=2643746&use=l&cat=p&typeid=i","cat":312238},{"id":111988,"n":"Plat bébé soir Blédichef 18mois Pâtes carotte - 250g","p":1.66,"u":"6,64 €/KG","img":"https://fd2-photos.leclercdrive.fr/image.ashx?id=2479024&use=l&cat=p&typeid=i","cat":312239},{"id":111989,"n":"Plat bébé soir Blédichef 12mois Semoule carotte - 230g","p":1.82,"u":"7,91 €/KG","img":"https://fd2-photos.leclercdrive.fr/image.ashx?id=2852363&use=l&cat=p&typeid=i","cat":312239},{"id":111990,"n":"Plat bébé soir Blédichef 18mois Pâtes épinards carotte - 250g","p":1.63,"u":"6,52 €/KG","img":"https://fd2-photos.leclercdrive.fr/image.ashx?id=2479027&use=l&cat=p&typeid=i","cat":312239},{"id":112001,"n":"Recharge Power Tabs Rubson Aero Neutre - Lot de 6","p":29.9,"img":"https://fd2-photos.leclercdrive.fr/image.ashx?id=1971368&use=l&cat=p&typeid=i","cat":300576},{"id":112033,"n":"Sauce Charal Figue et sauterne - 120g","p":2.0,"pp":1.7,"u":"14,17 €/KG","img":"https://fd2-photos.leclercdrive.fr/image.ashx?id=2144284&use=l&cat=p&typeid=i","cat":327293},{"id":112038,"n":"Piles Duracell 2016 - x2","p":5.93,"u":"2,97 €/P","img":"https://fd2-photos.leclercdrive.fr/image.ashx?id=2831396&use=l&cat=p&typeid=i","cat":300572},{"id":112070,"n":"Galettes bio St Michel Au bon beurre - 130g","p":1.24,"u":"9,54 €/KG","img":"https://fd2-photos.leclercdrive.fr/image.ashx?id=2936236&use=l&cat=p&typeid=i","cat":284487},{"id":112126,"n":"Crème rose jour So'Bio Etic Précieux Argan bio - 50ml","p":10.85,"u":"217,00 €/L","img":"https://fd2-photos.leclercdrive.fr/image.ashx?id=2792687&use=l&cat=p&typeid=i","cat":325345},{"id":112150,"n":"Graisse à Frire Vegétaline 100% végétale - 1kg","p":6.1,"u":"6,10 €/KG","img":"https://fd2-photos.leclercdrive.fr/image.ashx?id=1928297&use=l&cat=p&typeid=i","cat":315229},{"id":112153,"n":"Planta Fin Cuisson 79%MG - 500ml","p":2.12,"u":"4,24 €/L","img":"https://fd2-photos.leclercdrive.fr/image.ashx?id=2793083&use=l&cat=p&typeid=i","cat":315229},{"id":112201,"n":"Matière grasse St Hubert  Oméga 3 52%MG - 600g","p":5.08,"u":"8,47 €/KG","img":"https://fd2-photos.leclercdrive.fr/image.ashx?id=2734102&use=l&cat=p&typeid=i","cat":315229},{"id":112210,"n":"Bière blonde Affligem 6x25cl","p":5.37,"u":"3,58 €/L","img":"https://fd2-photos.leclercdrive.fr/image.ashx?id=2530323&use=l&cat=p&typeid=i","cat":334852},{"id":112284,"n":"Terreau Beaux Jours Rempotage - 20L","p":5.99,"u":"0,30 €/L","img":"https://fd2-photos.leclercdrive.fr/image.ashx?id=1723036&use=l&cat=p&typeid=i","cat":335919},{"id":112288,"n":"Coton Bocoton bio Maxi ovales - x40","p":1.81,"u":"0,05 €/P","img":"https://fd2-photos.leclercdrive.fr/image.ashx?id=2480307&use=l&cat=p&typeid=i","cat":284636},{"id":112291,"n":"Yaourt protéiné Hipro Myrtille 0%mg - 2x160g","p":2.39,"u":"7,47 €/KG","img":"https://fd2-photos.leclercdrive.fr/image.ashx?id=2800285&use=l&cat=p&typeid=i","cat":315000},{"id":112292,"n":"Yaourt protéiné Hipro Citron 0%mg - 2x160g","p":2.43,"u":"7,59 €/KG","img":"https://fd2-photos.leclercdrive.fr/image.ashx?id=2945415&use=l&cat=p&typeid=i","cat":315000},{"id":112293,"n":"Yaourt à boire protéiné Hipro Vanille cookie 0%mg - 300g","p":1.97,"u":"6,57 €/KG","img":"https://fd2-photos.leclercdrive.fr/image.ashx?id=2329753&use=l&cat=p&typeid=i","cat":315000},{"id":112330,"n":"Sauce soja sucre Kikkoman Carafe - 150ml","p":4.31,"u":"28,73 €/L","img":"https://fd2-photos.leclercdrive.fr/image.ashx?id=2536293&use=l&cat=p&typeid=i","cat":288992},{"id":112374,"n":"Matière grasse Saint Hubert Sans sel - 50mg omega 3 - 250g","p":2.19,"u":"8,76 €/KG","img":"https://fd2-photos.leclercdrive.fr/image.ashx?id=3000120&use=l&cat=p&typeid=i","cat":315229},{"id":112471,"n":"Mousse Danette  Chocolat - 4x60g","p":1.7,"u":"7,08 €/KG","img":"https://fd2-photos.leclercdrive.fr/image.ashx?id=2964923&use=l&cat=p&typeid=i","cat":284417},{"id":112474,"n":"Mousse Danette  Caramel - 4x60g","p":1.67,"u":"6,96 €/KG","img":"https://fd2-photos.leclercdrive.fr/image.ashx?id=2939184&use=l&cat=p&typeid=i","cat":284417},{"id":112503,"n":"Baume de nuit La Provençale Bio Anti-Âge regénérant - 50ml","p":7.72,"u":"154,40 €/L","img":"https://fd2-photos.leclercdrive.fr/image.ashx?id=2950360&use=l&cat=p&typeid=i","cat":325345},{"id":112522,"n":"Calvados Père Magloire Fine 40%vol - 70cl","p":18.35,"u":"26,21 €/L","img":"https://fd2-photos.leclercdrive.fr/image.ashx?id=1973195&use=l&cat=p&typeid=i","cat":286032},{"id":112557,"n":"Gnocchi à poêler Lustucru Fromage - 2x300g+ 300g offerts","p":3.19,"u":"3,54 €/KG","img":"https://fd2-photos.leclercdrive.fr/image.ashx?id=2192398&use=l&cat=p&typeid=i","cat":333682},{"id":112621,"n":"Riz au lait La Laitière Vanille - 4x115g","p":1.6,"u":"3,48 €/KG","img":"https://fd2-photos.leclercdrive.fr/image.ashx?id=2661151&use=l&cat=p&typeid=i","cat":284418},{"id":112623,"n":"Riz au lait La Laitière Vanille - 8x115g","p":3.12,"u":"3,39 €/KG","img":"https://fd2-photos.leclercdrive.fr/image.ashx?id=2610783&use=l&cat=p&typeid=i","cat":284418},{"id":112624,"n":"Semoule au lait La Laitière Vanille - 4x115g","p":1.67,"u":"3,63 €/KG","img":"https://fd2-photos.leclercdrive.fr/image.ashx?id=2654578&use=l&cat=p&typeid=i","cat":284418},{"id":112679,"n":"Coffret Artisan Provençal 9 marrons - 160g","p":14.73,"u":"92,06 €/KG","img":"https://fd2-photos.leclercdrive.fr/image.ashx?id=1911453&use=l&cat=p&typeid=i","cat":327603},{"id":112696,"n":"Tournedos magret du Périgord Coeur de foie gras NRT - 280g","p":9.99,"u":"35,68 €/KG","img":"https://fd2-photos.leclercdrive.fr/image.ashx?id=2988966&use=l&cat=p&typeid=i","cat":284339},{"id":112699,"n":"yaourt bifidus activia muesli framboise chia - 170g","p":1.77,"u":"10,41 €/KG","img":"https://fd2-photos.leclercdrive.fr/image.ashx?id=2965888&use=l&cat=p&typeid=i","cat":315000},{"id":112761,"n":"Kid Smile McCain 850g","p":2.65,"u":"3,12 €/KG","img":"https://fd2-photos.leclercdrive.fr/image.ashx?id=2745802&use=l&cat=p&typeid=i","cat":319792},{"id":112764,"n":"Potatoes aux herbes McCain Country Potatoes - 780g","p":2.59,"u":"3,32 €/KG","img":"https://fd2-photos.leclercdrive.fr/image.ashx?id=2973342&use=l&cat=p&typeid=i","cat":319791},{"id":112807,"n":"Soupe liquide Liebig  Légumes et vermicelles - 2x30cl","p":1.79,"u":"2,98 €/L","img":"https://fd2-photos.leclercdrive.fr/image.ashx?id=2164075&use=l&cat=p&typeid=i","cat":284462},{"id":112808,"n":"Soupe liquide Liebig légumes Et vermicelles - Brique 1L","p":2.25,"u":"2,25 €/L","img":"https://fd2-photos.leclercdrive.fr/image.ashx?id=2892142&use=l&cat=p&typeid=i","cat":284462},{"id":113108,"n":"Tartine Grilletine de Pasquier Froment - x18 - 242g","p":1.64,"u":"6,78 €/KG","img":"https://fd2-photos.leclercdrive.fr/image.ashx?id=2333060&use=l&cat=p&typeid=i","cat":284479},{"id":113110,"n":"Tartine Grilletine de Pasquier Blé complet - x18 - 242g","p":1.88,"u":"7,77 €/KG","img":"https://fd2-photos.leclercdrive.fr/image.ashx?id=2333063&use=l&cat=p&typeid=i","cat":284479},{"id":113118,"n":"Dès de meule Les Croisés Fruitée - 150g","p":2.75,"u":"18,33 €/KG","img":"https://fd2-photos.leclercdrive.fr/image.ashx?id=1864494&use=l&cat=p&typeid=i","cat":314027},{"id":113120,"n":"Dès de chèvre Les Croisés 150g","p":2.89,"u":"19,27 €/KG","img":"https://fd2-photos.leclercdrive.fr/image.ashx?id=1728732&use=l&cat=p&typeid=i","cat":314027},{"id":113221,"n":"Crème Fleurette Légère 12% MG - 38cl","p":1.41,"u":"3,71 €/L","img":"https://fd2-photos.leclercdrive.fr/image.ashx?id=2733661&use=l&cat=p&typeid=i","cat":284381},{"id":113287,"n":"Bière Ambree Jenlain 6x25cl","p":5.55,"u":"3,70 €/L","img":"https://fd2-photos.leclercdrive.fr/image.ashx?id=2504677&use=l&cat=p&typeid=i","cat":334852},{"id":113292,"n":"Boisson énergisante Monster Energy Punch Pipeline - 50CL","p":1.88,"u":"3,76 €/L","img":"https://fd2-photos.leclercdrive.fr/image.ashx?id=2207436&use=l&cat=p&typeid=i","cat":284533},{"id":113503,"n":"AOP Saint-Emilion Grand Cru Côtes Rocheuses - 75cl","p":15.5,"pp":12.5,"u":"16,67 €/L","img":"https://fd2-photos.leclercdrive.fr/image.ashx?id=2921115&use=l&cat=p&typeid=i","cat":289556},{"id":113628,"n":"Cabillaud à l'oseille Marie 400g","p":4.99,"u":"12,48 €/KG","img":"https://fd2-photos.leclercdrive.fr/image.ashx?id=2996743&use=l&cat=p&typeid=i","cat":319786},{"id":113632,"n":"Piles Duracell LR44 - x4","p":4.95,"u":"1,24 €/P","img":"https://fd2-photos.leclercdrive.fr/image.ashx?id=2328631&use=l&cat=p&typeid=i","cat":300572},{"id":113654,"n":"Xtrem Box Sodebo Radiatori Bœuf Poivre - 400g","p":3.52,"u":"8,80 €/KG","img":"https://fd2-photos.leclercdrive.fr/image.ashx?id=2643998&use=l&cat=p&typeid=i","cat":334983},{"id":113676,"n":"Dessert P'tit Brassé Nestlé bio Nature - dès 6 mois - 4x90g","p":2.23,"u":"6,19 €/KG","img":"https://fd2-photos.leclercdrive.fr/image.ashx?id=2674225&use=l&cat=p&typeid=i","cat":312392},{"id":113680,"n":"Brioche tressée Nature Harrys Sucre perlé sans additif - 500g","p":2.94,"u":"5,88 €/KG","img":"https://fd2-photos.leclercdrive.fr/image.ashx?id=2503013&use=l&cat=p&typeid=i","cat":284478},{"id":113709,"n":"Crème dessert La Laitière Pot de crème caramel - 4x100g","p":2.35,"u":"5,88 €/KG","img":"https://fd2-photos.leclercdrive.fr/image.ashx?id=2849683&use=l&cat=p&typeid=i","cat":285041},{"id":113711,"n":"Filets de cabillaud Findus MSC - 600g","p":13.84,"u":"23,07 €/KG","img":"https://fd2-photos.leclercdrive.fr/image.ashx?id=2735350&use=l&cat=p&typeid=i","cat":319786},{"id":113716,"n":"Saumon fumé Norvège Delpierre 6 tranches - 180g","p":10.84,"u":"60,22 €/KG","img":"https://fd2-photos.leclercdrive.fr/image.ashx?id=2921465&use=l&cat=p&typeid=i","cat":285188},{"id":113717,"n":"Saumon fumé d'Ecosse Delpierre 6 tranches - 180g","p":10.77,"u":"59,83 €/KG","img":"https://fd2-photos.leclercdrive.fr/image.ashx?id=2921471&use=l&cat=p&typeid=i","cat":285188},{"id":113743,"n":"Tenders Maître Coq Filet de poulet crusty - 380g","p":6.57,"u":"17,29 €/KG","img":"https://fd2-photos.leclercdrive.fr/image.ashx?id=2773412&use=l&cat=p&typeid=i","cat":333684},{"id":113754,"n":"Crème fraîche Yoplait Légère -12% matière grasse 450g","p":1.4,"u":"3,11 €/KG","img":"https://fd2-photos.leclercdrive.fr/image.ashx?id=2811032&use=l&cat=p&typeid=i","cat":284381},{"id":113756,"n":"Fromage blanc Calin Nature - 3,2%MG - 1kg","p":2.68,"u":"2,68 €/KG","img":"https://fd2-photos.leclercdrive.fr/image.ashx?id=2973727&use=l&cat=p&typeid=i","cat":284409},{"id":113760,"n":"Sirop la maison Guiot Pastèque - 70cl","p":3.45,"u":"4,93 €/L","img":"https://fd2-photos.leclercdrive.fr/image.ashx?id=2857144&use=l&cat=p&typeid=i","cat":295020},{"id":113773,"n":"Tagliatelle Gayelord Hauser Sans rinçage, Konjac - 160g","p":1.89,"u":"11,81 €/KG","img":"https://fd2-photos.leclercdrive.fr/image.ashx?id=2827086&use=l&cat=p&typeid=i","cat":318652},{"id":113774,"n":"Assiette riz Bio Village Bio Légumes vert  12 mois 230g","p":1.45,"u":"6,30 €/KG","img":"https://fd2-photos.leclercdrive.fr/image.ashx?id=2900205&use=l&cat=p&typeid=i","cat":312237},{"id":113786,"n":"Assiette Tajine Bio Village Bio  15 mois 250g","p":1.85,"u":"7,40 €/KG","img":"https://fd2-photos.leclercdrive.fr/image.ashx?id=2878756&use=l&cat=p&typeid=i","cat":312238},{"id":113790,"n":"Assiette 12 mois Bio Village Spaghetti bolognaise bio - 230g","p":1.59,"u":"6,91 €/KG","img":"https://fd2-photos.leclercdrive.fr/image.ashx?id=2900238&use=l&cat=p&typeid=i","cat":312237},{"id":113792,"n":"Assiette bio 15mois Bio Village Legumes volaille basquaise 250g","p":1.79,"u":"7,16 €/KG","img":"https://fd2-photos.leclercdrive.fr/image.ashx?id=2900244&use=l&cat=p&typeid=i","cat":312238},{"id":113803,"n":"IGP Terres du midi vin rosé  Prieur Barsanne 12% vol - 75cl","p":2.99,"u":"3,99 €/L","img":"https://fd2-photos.leclercdrive.fr/image.ashx?id=2905925&use=l&cat=p&typeid=i","cat":289558},{"id":113806,"n":"Omelette norvégienne L'Angelys Vanille - 360g","p":15.42,"u":"42,83 €/KG","img":"https://fd2-photos.leclercdrive.fr/image.ashx?id=2921987&use=l&cat=p&typeid=i","cat":284266},{"id":113808,"n":"Crème dessert La Laitière Pot de crème vanille - 4x100g","p":2.2,"u":"5,50 €/KG","img":"https://fd2-photos.leclercdrive.fr/image.ashx?id=2875969&use=l&cat=p&typeid=i","cat":285041},{"id":113811,"n":"Crème dessert La Laitière Pot de crème chocolat - 4x100g","p":2.24,"u":"5,60 €/KG","img":"https://fd2-photos.leclercdrive.fr/image.ashx?id=2875966&use=l&cat=p&typeid=i","cat":285041},{"id":113813,"n":"Crème dessert La Laitière Pot de crème café - 4x100g","p":2.39,"u":"5,98 €/KG","img":"https://fd2-photos.leclercdrive.fr/image.ashx?id=2875963&use=l&cat=p&typeid=i","cat":285041},{"id":113839,"n":"AOC Coteaux Varois en Provence Rosé Bio Terres Ocrées - 75cl","p":4.99,"u":"6,65 €/L","img":"https://fd2-photos.leclercdrive.fr/image.ashx?id=2877490&use=l&cat=p&typeid=i","cat":289558},{"id":113851,"n":"100% pur Jus bio Bio Village Petit-déjeuner  - 1L","p":2.87,"u":"2,87 €/L","img":"https://fd2-photos.leclercdrive.fr/image.ashx?id=2901566&use=l&cat=p&typeid=i","cat":284521},{"id":113854,"n":"Panaché Millbrau <0.5%vol - 10x25cl","p":2.46,"u":"0,98 €/L","img":"https://fd2-photos.leclercdrive.fr/image.ashx?id=2059071&use=l&cat=p&typeid=i","cat":334877},{"id":113855,"n":"Boisson thé Fresh Tea Pêche abricot - 1.5L","p":1.82,"u":"1,21 €/L","img":"https://fd2-photos.leclercdrive.fr/image.ashx?id=2622281&use=l&cat=p&typeid=i","cat":295019},{"id":113858,"n":"Yaourt à la grecque YAOS Nature - 8x125g","p":3.38,"u":"3,38 €/KG","img":"https://fd2-photos.leclercdrive.fr/image.ashx?id=2418462&use=l&cat=p&typeid=i","cat":314999},{"id":113969,"n":"Thon Albacore Le Savoureux Entier à l'Huile d'Olive - 80g","p":1.71,"u":"21,38 €/KG","img":"https://fd2-photos.leclercdrive.fr/image.ashx?id=2167919&use=l&cat=p&typeid=i","cat":303867},{"id":113998,"n":"Girasoli Lustucru Selection  Ricotta Epinard - 250g","p":2.24,"u":"8,96 €/KG","img":"https://fd2-photos.leclercdrive.fr/image.ashx?id=2974351&use=l&cat=p&typeid=i","cat":333682},{"id":114017,"n":"Bière blonde Heineken 5%vol - 12x33cl","p":9.1,"u":"2,30 €/L","img":"https://fd2-photos.leclercdrive.fr/image.ashx?id=3008125&use=l&cat=p&typeid=i","cat":334853},{"id":114018,"n":"Bière blonde Heineken 5%vol - Boite 4x50cl","p":4.4,"u":"2,20 €/L","img":"https://fd2-photos.leclercdrive.fr/image.ashx?id=3008122&use=l&cat=p&typeid=i","cat":334853},{"id":114020,"n":"Bière aromatisée  Desperados 5.9%vol - Boite 50cl","p":1.66,"u":"3,32 €/L","img":"https://fd2-photos.leclercdrive.fr/image.ashx?id=2977303&use=l&cat=p&typeid=i","cat":334853},{"id":114023,"n":"Thon au naturel Petit Navire Démarche Responsable - 280g","p":4.33,"u":"15,46 €/KG","img":"https://fd2-photos.leclercdrive.fr/image.ashx?id=2909974&use=l&cat=p&typeid=i","cat":303867},{"id":114040,"n":"Bûchettes crunch Nestlé x4 - 326g","p":5.69,"u":"17,45 €/KG","img":"https://fd2-photos.leclercdrive.fr/image.ashx?id=2584533&use=l&cat=p&typeid=i","cat":284266},{"id":114047,"n":"Plat bébé soir Blédichef 12mois Macaroni courgette - 2x230g","p":3.45,"u":"7,50 €/KG","img":"https://fd2-photos.leclercdrive.fr/image.ashx?id=2560690&use=l&cat=p&typeid=i","cat":312239},{"id":114091,"n":"Lait corps satinant Inell 250ml","p":2.5,"u":"10,00 €/L","img":"https://fd2-photos.leclercdrive.fr/image.ashx?id=2691697&use=l&cat=p&typeid=i","cat":325349},{"id":114092,"n":"Brosse à dents bambou Dentamyl Médium - 1 pièce","p":1.95,"img":"https://fd2-photos.leclercdrive.fr/image.ashx?id=2783495&use=l&cat=p&typeid=i","cat":284614},{"id":114093,"n":"Brosse à dents bambou Dentamyl Souple - 1 pièce","p":1.95,"img":"https://fd2-photos.leclercdrive.fr/image.ashx?id=2790997&use=l&cat=p&typeid=i","cat":284614},{"id":114095,"n":"Mouchoirs blancs 3 plis Caresse Boîte - x150","p":1.65,"u":"0,01 €/P","img":"https://fd2-photos.leclercdrive.fr/image.ashx?id=2779298&use=l&cat=p&typeid=i","cat":284638},{"id":114096,"n":"Culotte Chorys Taille XL - x10","p":10.31,"u":"1,03 €/P","img":"https://fd2-photos.leclercdrive.fr/image.ashx?id=2160417&use=l&cat=p&typeid=i","cat":284628},{"id":114101,"n":"Culottes Mots d'enfants T4 : 8/15kg - x42","p":9.75,"u":"0,23 €/P","img":"https://fd2-photos.leclercdrive.fr/image.ashx?id=2907234&use=l&cat=p&typeid=i","cat":290633},{"id":114102,"n":"Change culottes Mots d'enfants T5 : 12/18kg - x40","p":9.75,"u":"0,24 €/P","img":"https://fd2-photos.leclercdrive.fr/image.ashx?id=2907237&use=l&cat=p&typeid=i","cat":290633},{"id":114103,"n":"Change culottes Mots d'enfants T6 : +16kg - x36","p":9.75,"u":"0,27 €/P","img":"https://fd2-photos.leclercdrive.fr/image.ashx?id=2907240&use=l&cat=p&typeid=i","cat":290633},{"id":114169,"n":"Père Noël Milka Lait - 90g","p":3.69,"u":"41,00 €/KG","img":"https://fd2-photos.leclercdrive.fr/image.ashx?id=2488106&use=l&cat=p&typeid=i","cat":327592},{"id":114170,"n":"Père Noël Milka Noisettes - 95g","p":3.9,"u":"41,05 €/KG","img":"https://fd2-photos.leclercdrive.fr/image.ashx?id=2881503&use=l&cat=p&typeid=i","cat":327592},{"id":114172,"n":"Bonbons de Noël Milka Lait - 86g","p":3.12,"u":"36,28 €/KG","img":"https://fd2-photos.leclercdrive.fr/image.ashx?id=2937995&use=l&cat=p&typeid=i","cat":327592},{"id":114175,"n":"Bonbons de Noël Milka Oréo - 86g","p":3.12,"u":"36,28 €/KG","img":"https://fd2-photos.leclercdrive.fr/image.ashx?id=2834005&use=l&cat=p&typeid=i","cat":327592},{"id":114190,"n":"Chocolat Mon Chéri cerise Etui Noël - 262g","p":10.1,"u":"38,55 €/KG","img":"https://fd2-photos.leclercdrive.fr/image.ashx?id=2940501&use=l&cat=p&typeid=i","cat":327601},{"id":114238,"n":"Yaourt gourde Délisse Vanille/framboise - 6x90g","p":2.97,"u":"33,00 €/KG","img":"https://fd2-photos.leclercdrive.fr/image.ashx?id=2705089&use=l&cat=p&typeid=i","cat":284415},{"id":114242,"n":"Taboulé Oriental Pierre Martinet - 510g","p":1.95,"u":"3,82 €/KG","img":"https://fd2-photos.leclercdrive.fr/image.ashx?id=2684491&use=l&cat=p&typeid=i","cat":333657},{"id":114245,"n":"Fromage Beaufort NRT AOP  200g","p":4.99,"u":"24,95 €/KG","img":"https://fd2-photos.leclercdrive.fr/image.ashx?id=2271969&use=l&cat=p&typeid=i","cat":329184},{"id":114273,"n":"Cassolette Gourmande  Aux St-Jacques - 300g","p":6.84,"pp":4.79,"u":"15,97 €/KG","img":"https://fd2-photos.leclercdrive.fr/image.ashx?id=1752220&use=l&cat=p&typeid=i","cat":319775},{"id":114345,"n":"AOC Chateaumeillant Vin rouge La Gouillarde - 75cl","p":8.98,"u":"11,97 €/L","img":"https://fd2-photos.leclercdrive.fr/image.ashx?id=1743797&use=l&cat=p&typeid=i","cat":289556},{"id":114346,"n":"AOP Cheverny Vin rouge Le Petit Salvard - 75cl","p":7.57,"u":"10,09 €/L","img":"https://fd2-photos.leclercdrive.fr/image.ashx?id=1743794&use=l&cat=p&typeid=i","cat":289556},{"id":114347,"n":"AOC Chinon - Vieilles vignes Domaine Suard - 75cl","p":9.23,"u":"12,31 €/L","img":"https://fd2-photos.leclercdrive.fr/image.ashx?id=1743890&use=l&cat=p&typeid=i","cat":289556},{"id":114353,"n":"AOP Valençay Vin rouge Domaine Malet - 75cl","p":6.25,"u":"8,33 €/L","img":"https://fd2-photos.leclercdrive.fr/image.ashx?id=1743905&use=l&cat=p&typeid=i","cat":289556},{"id":114358,"n":"AOP Crémant de Loire rosé Brut Mlle Ladubay - 75cl","p":6.7,"u":"8,93 €/L","img":"https://fd2-photos.leclercdrive.fr/image.ashx?id=2246647&use=l&cat=p&typeid=i","cat":284545},{"id":114406,"n":"Taboulé Pierre Martinet Oriental à l'huile d'olive 310g","p":1.35,"u":"4,35 €/KG","img":"https://fd2-photos.leclercdrive.fr/image.ashx?id=2432241&use=l&cat=p&typeid=i","cat":333657},{"id":114411,"n":"Dès de cheddar  Les Croisés 150g","p":2.19,"u":"14,60 €/KG","img":"https://fd2-photos.leclercdrive.fr/image.ashx?id=2422553&use=l&cat=p&typeid=i","cat":314027},{"id":114486,"n":"Boisson énergisante Crazy Tiger 1.5L","p":2.98,"u":"1,99 €/L","img":"https://fd2-photos.leclercdrive.fr/image.ashx?id=2735968&use=l&cat=p&typeid=i","cat":284533},{"id":114522,"n":"Bière blonde Leffe Triple 8,5% - 12x25cl","p":10.87,"u":"3,62 €/L","img":"https://fd2-photos.leclercdrive.fr/image.ashx?id=2548294&use=l&cat=p&typeid=i","cat":334852},{"id":114652,"n":"Mouchoirs blanc 2 plis Caresse Boîte mouchoirs papier - x180","p":1.69,"u":"0,01 €/P","img":"https://fd2-photos.leclercdrive.fr/image.ashx?id=2752640&use=l&cat=p&typeid=i","cat":284638},{"id":114784,"n":"Comté fromage bloc Les Croisés 350g","p":4.75,"u":"13,57 €/KG","img":"https://fd2-photos.leclercdrive.fr/image.ashx?id=2856636&use=l&cat=p&typeid=i","cat":314034},{"id":114805,"n":"Coeur Coulant Bonne Maman Chocolat - 2x80g","p":2.79,"u":"17,44 €/KG","img":"https://fd2-photos.leclercdrive.fr/image.ashx?id=2912326&use=l&cat=p&typeid=i","cat":284419},{"id":114807,"n":"Dessert Fruitier Andros Poire Williams morceaux 4x100g","p":2.76,"u":"6,90 €/KG","img":"https://fd2-photos.leclercdrive.fr/image.ashx?id=2908198&use=l&cat=p&typeid=i","cat":284416},{"id":114865,"n":"Père Noel Smarties Orange - 85g","p":3.43,"u":"40,35 €/KG","img":"https://fd2-photos.leclercdrive.fr/image.ashx?id=1985742&use=l&cat=p&typeid=i","cat":284958},{"id":114869,"n":"Coeur de laitue Bonduelle  280g + 34% offert","p":2.35,"u":"5,54 €/KG","img":"https://fd2-photos.leclercdrive.fr/image.ashx?id=2172872&use=l&cat=p&typeid=i","cat":284353},{"id":114890,"n":"Fromage Comté NRT AOP 15 mois 200g","p":4.44,"u":"22,20 €/KG","img":"https://fd2-photos.leclercdrive.fr/image.ashx?id=2272030&use=l&cat=p&typeid=i","cat":314034},{"id":114901,"n":"Plat bébé Blédina 12 mois  Artichaut dinde - 2x200g","p":2.59,"u":"6,48 €/KG","img":"https://fd2-photos.leclercdrive.fr/image.ashx?id=2975089&use=l&cat=p&typeid=i","cat":312237},{"id":114934,"n":"Pizza del gusto chorizo Mix - 380g","p":4.51,"u":"11,87 €/KG","img":"https://fd2-photos.leclercdrive.fr/image.ashx?id=2579056&use=l&cat=p&typeid=i","cat":333679},{"id":114939,"n":"Pizza del gusto chèvre miel Mix 380g","p":5.27,"u":"13,87 €/KG","img":"https://fd2-photos.leclercdrive.fr/image.ashx?id=2579062&use=l&cat=p&typeid=i","cat":333679},{"id":114955,"n":"Danao mangue Sans sucre ajouté 2x900ml","p":6.06,"u":"3,37 €/L","img":"https://fd2-photos.leclercdrive.fr/image.ashx?id=2489662&use=l&cat=p&typeid=i","cat":293269},{"id":114960,"n":"Wrap Le Chicken Daunat Poulet - 190g","p":2.33,"u":"12,26 €/KG","img":"https://fd2-photos.leclercdrive.fr/image.ashx?id=2243416&use=l&cat=p&typeid=i","cat":333658},{"id":115055,"n":"Brioche La Fournée Dorée Tranchée pépites choco - 500g","p":2.57,"u":"5,14 €/KG","img":"https://fd2-photos.leclercdrive.fr/image.ashx?id=2415353&use=l&cat=p&typeid=i","cat":284478},{"id":115072,"n":"Girasoli Lustucru Selection  Cèpes Ricotta - 250g","p":2.58,"u":"10,32 €/KG","img":"https://fd2-photos.leclercdrive.fr/image.ashx?id=2974599&use=l&cat=p&typeid=i","cat":333682},{"id":115078,"n":"Penne poulet pesto Marie 280g","p":2.52,"u":"9,00 €/KG","img":"https://fd2-photos.leclercdrive.fr/image.ashx?id=2796752&use=l&cat=p&typeid=i","cat":333665},{"id":115113,"n":"Tirlibibi Haribo Boîte bonbons - 750g","p":4.43,"u":"5,91 €/KG","img":"https://fd2-photos.leclercdrive.fr/image.ashx?id=2806922&use=l&cat=p&typeid=i","cat":304250},{"id":115114,"n":"Polka Haribo Sachet bonbons - 300g","p":1.38,"u":"4,60 €/KG","img":"https://fd2-photos.leclercdrive.fr/image.ashx?id=2982414&use=l&cat=p&typeid=i","cat":304250},{"id":115115,"n":"Les Schtroumpfs Haribo Sachet bonbons - 300g","p":1.43,"u":"4,77 €/KG","img":"https://fd2-photos.leclercdrive.fr/image.ashx?id=2788475&use=l&cat=p&typeid=i","cat":304250},{"id":115116,"n":"Chamallows Haribo Guimauves   - 300g","p":1.42,"u":"4,73 €/KG","img":"https://fd2-photos.leclercdrive.fr/image.ashx?id=2984937&use=l&cat=p&typeid=i","cat":304250},{"id":115123,"n":"Terrine chien Bio Boeuf - 300g","p":1.69,"u":"5,63 €/KG","img":"https://fd2-photos.leclercdrive.fr/image.ashx?id=2333805&use=l&cat=p&typeid=i","cat":284673},{"id":115124,"n":"Terrine chien Bio Poulet légume - 300g","p":1.62,"u":"5,40 €/KG","img":"https://fd2-photos.leclercdrive.fr/image.ashx?id=2333808&use=l&cat=p&typeid=i","cat":284673},{"id":115127,"n":"Pain burger Epi d'Or Brioché x4 - 300g","p":1.38,"u":"4,60 €/KG","img":"https://fd2-photos.leclercdrive.fr/image.ashx?id=1958880&use=l&cat=p&typeid=i","cat":325067},{"id":115128,"n":"Pain de mie Epi d'Or Grandes tranches nature - 550g","p":1.31,"u":"2,38 €/KG","img":"https://fd2-photos.leclercdrive.fr/image.ashx?id=2860775&use=l&cat=p&typeid=i","cat":284477},{"id":115130,"n":"Pain de mie Epi d'Or Sans croute - 500g","p":1.56,"u":"3,12 €/KG","img":"https://fd2-photos.leclercdrive.fr/image.ashx?id=3012872&use=l&cat=p&typeid=i","cat":284477},{"id":115152,"n":"Eau florale Bio Naïa Rose bio - 200ml","p":3.95,"u":"19,75 €/L","img":"https://fd2-photos.leclercdrive.fr/image.ashx?id=2610253&use=l&cat=p&typeid=i","cat":325345},{"id":115158,"n":"Gelée bio Bio Naïa A l'aloe vera bio - 200ml","p":3.99,"u":"19,95 €/L","img":"https://fd2-photos.leclercdrive.fr/image.ashx?id=2436699&use=l&cat=p&typeid=i","cat":325350},{"id":115251,"n":"Déodorant compressé Ushuaïa Vanille - 100ml","p":3.07,"u":"30,70 €/L","img":"https://fd2-photos.leclercdrive.fr/image.ashx?id=2555715&use=l&cat=p&typeid=i","cat":284595},{"id":115252,"n":"Soin yeux La Provençale Bio  Anti-Âge Hydratant - 15ml","p":8.5,"u":"566,67 €/L","img":"https://fd2-photos.leclercdrive.fr/image.ashx?id=3014560&use=l&cat=p&typeid=i","cat":325345},{"id":115269,"n":"Sandwich Mega Club Sodebo  Pain Vien. Thon Œuf Mayo - 230g","p":1.57,"u":"6,83 €/KG","img":"https://fd2-photos.leclercdrive.fr/image.ashx?id=2960294&use=l&cat=p&typeid=i","cat":333658},{"id":115274,"n":"Masque tissu Inell Coup d'éclat - 1 pièce","p":1.82,"img":"https://fd2-photos.leclercdrive.fr/image.ashx?id=2691691&use=l&cat=p&typeid=i","cat":325346},{"id":115276,"n":"Crèmes main Inell Anti-taches - 75ml","p":2.99,"u":"39,87 €/L","img":"https://fd2-photos.leclercdrive.fr/image.ashx?id=1755952&use=l&cat=p&typeid=i","cat":325354},{"id":115280,"n":"Gressins Florelli Au Sésame Artesani - 300g","p":2.15,"u":"7,17 €/KG","img":"https://fd2-photos.leclercdrive.fr/image.ashx?id=2475858&use=l&cat=p&typeid=i","cat":289010},{"id":115320,"n":"Capsules café Plantation Equilibré n°6 - x10 - 52g","p":2.19,"u":"42,12 €/KG","img":"https://fd2-photos.leclercdrive.fr/image.ashx?id=2418101&use=l&cat=p&typeid=i","cat":284749},{"id":115321,"n":"Capsules café Plantation Intense n°10 - x10 - 52g","p":2.19,"u":"42,12 €/KG","img":"https://fd2-photos.leclercdrive.fr/image.ashx?id=2418104&use=l&cat=p&typeid=i","cat":284749},{"id":115324,"n":"Capsules café Plantation Décaféiné n°5 -  x10 - 52g","p":2.39,"u":"45,96 €/KG","img":"https://fd2-photos.leclercdrive.fr/image.ashx?id=2441423&use=l&cat=p&typeid=i","cat":284749},{"id":115332,"n":"Capsules café Plantation Brésil n°7 - x10 - 52g","p":2.39,"u":"45,96 €/KG","img":"https://fd2-photos.leclercdrive.fr/image.ashx?id=2418122&use=l&cat=p&typeid=i","cat":284749},{"id":115345,"n":"Capsules café Plantation Café vanille n°6 - x10 - 52g","p":2.39,"u":"45,96 €/KG","img":"https://fd2-photos.leclercdrive.fr/image.ashx?id=2418128&use=l&cat=p&typeid=i","cat":284749},{"id":115348,"n":"Capsules café Plantation Noisette n°7 - x10 - 52g","p":2.39,"u":"45,96 €/KG","img":"https://fd2-photos.leclercdrive.fr/image.ashx?id=2418134&use=l&cat=p&typeid=i","cat":284749},{"id":115349,"n":"Capsules café Plantation Intense n°10 - x30 - 156g","p":5.19,"u":"33,27 €/KG","img":"https://fd2-photos.leclercdrive.fr/image.ashx?id=2865095&use=l&cat=p&typeid=i","cat":284749},{"id":115350,"n":"Capsules café Plantation Equilibré N°6 - x30 - 156g","p":5.19,"u":"33,27 €/KG","img":"https://fd2-photos.leclercdrive.fr/image.ashx?id=2852249&use=l&cat=p&typeid=i","cat":284749},{"id":115357,"n":"Tablette De Chocolat A Patisser Pralinoise Praline - 180g","p":2.95,"u":"16,39 €/KG","img":"https://fd2-photos.leclercdrive.fr/image.ashx?id=2890265&use=l&cat=p&typeid=i","cat":285562},{"id":115363,"n":"Lait bébé en poudre Blédilait 1er âge 0-6 mois 900g","p":14.75,"u":"16,39 €/KG","img":"https://fd2-photos.leclercdrive.fr/image.ashx?id=2855052&use=l&cat=p&typeid=i","cat":284726},{"id":115364,"n":"Lait bébé en poudre Blédilait 2e âge 6-12 mois 900g","p":13.49,"u":"14,99 €/KG","img":"https://fd2-photos.leclercdrive.fr/image.ashx?id=2616853&use=l&cat=p&typeid=i","cat":284727},{"id":115367,"n":"Biscuits roses de Reims NRT 200g","p":3.69,"u":"18,45 €/KG","img":"https://fd2-photos.leclercdrive.fr/image.ashx?id=2663860&use=l&cat=p&typeid=i","cat":284487},{"id":115409,"n":"Confit de canard Monfort Cuisses - 400g","p":7.37,"u":"18,43 €/KG","img":"https://fd2-photos.leclercdrive.fr/image.ashx?id=2324585&use=l&cat=p&typeid=i","cat":284339},{"id":115457,"n":"Frites de Patate Douce McCain 500g","p":4.44,"u":"8,88 €/KG","img":"https://fd2-photos.leclercdrive.fr/image.ashx?id=2840632&use=l&cat=p&typeid=i","cat":319791},{"id":115463,"n":"Litière chats Tranquille Carbonite - 7.1kg","p":6.39,"u":"0,90 €/KG","img":"https://fd2-photos.leclercdrive.fr/image.ashx?id=2421871&use=l&cat=p&typeid=i","cat":284683},{"id":115492,"n":"Bière blonde 1664 5,5° - 6x25cl","p":4.14,"u":"2,76 €/L","img":"https://fd2-photos.leclercdrive.fr/image.ashx?id=2215572&use=l&cat=p&typeid=i","cat":334873},{"id":115505,"n":"Fromage Fourme d'Ambert NRT  AOP - 250g","p":3.23,"u":"12,92 €/KG","img":"https://fd2-photos.leclercdrive.fr/image.ashx?id=2459397&use=l&cat=p&typeid=i","cat":314032},{"id":115507,"n":"Mini Samoussas Table du Monde Boeuf poulet - 220g","p":3.31,"u":"15,05 €/KG","img":"https://fd2-photos.leclercdrive.fr/image.ashx?id=2947350&use=l&cat=p&typeid=i","cat":333673},{"id":115521,"n":"Gants de ménage Eco+ Réutilisable taille M - x2","p":1.19,"u":"0,60 €/P","img":"https://fd2-photos.leclercdrive.fr/image.ashx?id=1759090&use=l&cat=p&typeid=i","cat":284668},{"id":115523,"n":"Gants de ménage Eco+ Réutilisables - Taille L - x2","p":1.19,"u":"0,60 €/P","img":"https://fd2-photos.leclercdrive.fr/image.ashx?id=2466196&use=l&cat=p&typeid=i","cat":284668},{"id":115529,"n":"Bloc WC Uni Vert Ball - 55g","p":1.99,"u":"36,18 €/KG","img":"https://fd2-photos.leclercdrive.fr/image.ashx?id=2568801&use=l&cat=p&typeid=i","cat":284662},{"id":115689,"n":"La Grillée Garden Gourmet Soja et Blé 150g","p":2.83,"u":"18,87 €/KG","img":"https://fd2-photos.leclercdrive.fr/image.ashx?id=2988689&use=l&cat=p&typeid=i","cat":316036},{"id":115761,"n":"Tablette de chocolat Lindt Noir 100% Cacao - 50g","p":2.59,"u":"51,80 €/KG","img":"https://fd2-photos.leclercdrive.fr/image.ashx?id=2397773&use=l&cat=p&typeid=i","cat":284956},{"id":115771,"n":"Lait bébé en poudre Gallia Calisma 2e âge 6-12mois 2x600g","p":20.25,"u":"16,88 €/KG","img":"https://fd2-photos.leclercdrive.fr/image.ashx?id=2935750&use=l&cat=p&typeid=i","cat":284727},{"id":115772,"n":"Pâte à tartiner Bio Village Aux noisette bio - 600g","p":4.16,"u":"6,93 €/KG","img":"https://fd2-photos.leclercdrive.fr/image.ashx?id=2977201&use=l&cat=p&typeid=i","cat":284481},{"id":115773,"n":"Lait bébé en poudre Gallia Calisma 1er âge 0-6 mois 2x600g","p":23.42,"u":"19,52 €/KG","img":"https://fd2-photos.leclercdrive.fr/image.ashx?id=2953755&use=l&cat=p&typeid=i","cat":284726},{"id":115787,"n":"AOC Coteaux d'Aix-en-Provence vin rosé Terres Ocrées - 75cl","p":4.49,"u":"5,99 €/L","img":"https://fd2-photos.leclercdrive.fr/image.ashx?id=2747758&use=l&cat=p&typeid=i","cat":289558},{"id":115788,"n":"AOC Crémant de Loire brut rosé Les Caractères - 75cl","p":5.35,"u":"7,13 €/L","img":"https://fd2-photos.leclercdrive.fr/image.ashx?id=2895792&use=l&cat=p&typeid=i","cat":284545},{"id":115850,"n":"Compote Charles & Alice Pommes Passion - 4x97g","p":1.47,"u":"3,79 €/KG","img":"https://fd2-photos.leclercdrive.fr/image.ashx?id=2757692&use=l&cat=p&typeid=i","cat":284416},{"id":115906,"n":"Yaourt aromatisé Perle de Lait sur Lit de Framboise - 4x125g","p":2.0,"u":"4,35 €/P","img":"https://fd2-photos.leclercdrive.fr/image.ashx?id=2989207&use=l&cat=p&typeid=i","cat":314999},{"id":115907,"n":"Yaourt aromatisé Perle de Lait sur Lit de Caramel - 4x125g","p":2.2,"u":"4,40 €/KG","img":"https://fd2-photos.leclercdrive.fr/image.ashx?id=2989216&use=l&cat=p&typeid=i","cat":314999},{"id":115910,"n":"Yaourt brassé Perle de Lait Vanille - 8x125g","p":3.32,"u":"3,32 €/KG","img":"https://fd2-photos.leclercdrive.fr/image.ashx?id=2990568&use=l&cat=p&typeid=i","cat":314999},{"id":115958,"n":"Poelée de cèpes Magda Au beurre persillé - 300g","p":3.98,"pp":2.63,"u":"8,77 €/KG","img":"https://fd2-photos.leclercdrive.fr/image.ashx?id=2790015&use=l&cat=p&typeid=i","cat":319823},{"id":115965,"n":"Pavés de boeuf Socopa Rumsteck foie gras - 300g","p":6.45,"u":"21,50 €/KG","img":"https://fd2-photos.leclercdrive.fr/image.ashx?id=2414630&use=l&cat=p&typeid=i","cat":284328},{"id":115970,"n":"Girolles à la crème Magda 300g","p":3.98,"pp":2.63,"u":"8,77 €/KG","img":"https://fd2-photos.leclercdrive.fr/image.ashx?id=2411117&use=l&cat=p&typeid=i","cat":319805},{"id":115986,"n":"Pain surprise de campagne Côté Table x32 - 460g","p":8.5,"u":"18,48 €/KG","img":"https://fd2-photos.leclercdrive.fr/image.ashx?id=2270060&use=l&cat=p&typeid=i","cat":319774},{"id":115991,"n":"Squidgies Haribo Sachet bonbons - 200g","p":1.63,"u":"8,15 €/KG","img":"https://fd2-photos.leclercdrive.fr/image.ashx?id=2984934&use=l&cat=p&typeid=i","cat":304250},{"id":116002,"n":"Porto Cruz Blanc - 18%vol - 75cl","p":7.7,"u":"10,27 €/L","img":"https://fd2-photos.leclercdrive.fr/image.ashx?id=2535822&use=l&cat=p&typeid=i","cat":284913},{"id":116010,"n":"Biscotte Pasquier Blé sans sucre ajoutés - 300g","p":1.78,"u":"5,93 €/KG","img":"https://fd2-photos.leclercdrive.fr/image.ashx?id=2507952&use=l&cat=p&typeid=i","cat":284479},{"id":116054,"n":"Pops filet de Poulet Maître Coq Box crunchy - 380g","p":6.51,"u":"17,13 €/KG","img":"https://fd2-photos.leclercdrive.fr/image.ashx?id=2773409&use=l&cat=p&typeid=i","cat":333684},{"id":116096,"n":"Shampooing douche Petit Manava Fraise cerise - 250ml","p":1.35,"u":"5,40 €/L","img":"https://fd2-photos.leclercdrive.fr/image.ashx?id=1763207&use=l&cat=p&typeid=i","cat":284606},{"id":116114,"n":"Shampooing douche Petit Manava Pêche banane - 250ml","p":1.35,"u":"5,40 €/L","img":"https://fd2-photos.leclercdrive.fr/image.ashx?id=2440458&use=l&cat=p&typeid=i","cat":284606},{"id":116160,"n":"Masque détox bio Bionaïa 100ml","p":2.95,"u":"29,50 €/L","img":"https://fd2-photos.leclercdrive.fr/image.ashx?id=2482899&use=l&cat=p&typeid=i","cat":325346},{"id":116166,"n":"Adoucissant concentré Hyperdou Rosée du matin x60 - 1.5L","p":3.95,"u":"2,63 €/L","img":"https://fd2-photos.leclercdrive.fr/image.ashx?id=2602916&use=l&cat=p&typeid=i","cat":284650},{"id":116167,"n":"Adoucissant concentré Hyperdou Rêve merveille x60 - 1.5L","p":3.95,"u":"2,63 €/L","img":"https://fd2-photos.leclercdrive.fr/image.ashx?id=2602925&use=l&cat=p&typeid=i","cat":284650},{"id":116168,"n":"Adoucissant concentré Hyperdou Fraîcheur fleurie x60 - 1.5L","p":3.95,"u":"2,63 €/L","img":"https://fd2-photos.leclercdrive.fr/image.ashx?id=2602931&use=l&cat=p&typeid=i","cat":284650},{"id":116170,"n":"Adoucissant concentré Hyperdou Fraîcheur x75 - 1.95L","p":3.61,"u":"1,85 €/L","img":"https://fd2-photos.leclercdrive.fr/image.ashx?id=2602949&use=l&cat=p&typeid=i","cat":284650},{"id":116171,"n":"Adoucissant concentré Hyperdou Pur Caresse x75 - 1.95L","p":3.65,"u":"1,87 €/L","img":"https://fd2-photos.leclercdrive.fr/image.ashx?id=2614512&use=l&cat=p&typeid=i","cat":284650},{"id":116199,"n":"Vin blanc pétillant Roche Mazet Brut Chardonnay - 75cl","p":5.28,"pp":3.48,"u":"4,64 €/L","img":"https://fd2-photos.leclercdrive.fr/image.ashx?id=2475615&use=l&cat=p&typeid=i","cat":284544},{"id":116224,"n":"Porto Tawny Cruz 18%vol - 75cl","p":7.08,"u":"9,44 €/L","img":"https://fd2-photos.leclercdrive.fr/image.ashx?id=2536373&use=l&cat=p&typeid=i","cat":284913},{"id":116257,"n":"Lait bébé en poudre Calisma Bio Gallia 2e âge 6-12 mois 800g","p":18.37,"u":"22,96 €/KG","img":"https://fd2-photos.leclercdrive.fr/image.ashx?id=2760328&use=l&cat=p&typeid=i","cat":284727},{"id":116321,"n":"Soupe liquide Liebig tomates  Et vermicelles - Brique 1L","p":2.01,"u":"2,01 €/L","img":"https://fd2-photos.leclercdrive.fr/image.ashx?id=2941481&use=l&cat=p&typeid=i","cat":284462},{"id":116387,"n":"Pâte à tartiner Poulain  Cacao noisette - 400g","p":2.85,"u":"7,13 €/KG","img":"https://fd2-photos.leclercdrive.fr/image.ashx?id=2806354&use=l&cat=p&typeid=i","cat":284481},{"id":116430,"n":"Tagliatelles Fleury Michon à l'Italienne et poulet - 300g","p":4.36,"u":"14,53 €/KG","img":"https://fd2-photos.leclercdrive.fr/image.ashx?id=2260767&use=l&cat=p&typeid=i","cat":333665},{"id":116431,"n":"Parmentier de boeuf Charolais Fleury Michon - 300g","p":3.0,"u":"10,00 €/KG","img":"https://fd2-photos.leclercdrive.fr/image.ashx?id=2662346&use=l&cat=p&typeid=i","cat":333665},{"id":116432,"n":"Parmentier de saumon Fleury Michon - 300g","p":2.99,"u":"9,97 €/KG","img":"https://fd2-photos.leclercdrive.fr/image.ashx?id=2662349&use=l&cat=p&typeid=i","cat":333665},{"id":116434,"n":"Tartiflette Fleury Michon au reblochon AOP - 300g","p":4.3,"u":"14,33 €/KG","img":"https://fd2-photos.leclercdrive.fr/image.ashx?id=2277221&use=l&cat=p&typeid=i","cat":333665},{"id":116436,"n":"Rougail saucisses Fleury Michon riz créole - 300g","p":3.3,"u":"11,00 €/KG","img":"https://fd2-photos.leclercdrive.fr/image.ashx?id=2680152&use=l&cat=p&typeid=i","cat":333665},{"id":116442,"n":"Yaourt brassé Perle de Lait Framboise Passion - 4x125g","p":2.04,"u":"4,08 €/KG","img":"https://fd2-photos.leclercdrive.fr/image.ashx?id=2939667&use=l&cat=p&typeid=i","cat":314999},{"id":116581,"n":"Frites au four Bio Bio Village - 600g","p":1.99,"u":"3,32 €/KG","img":"https://fd2-photos.leclercdrive.fr/image.ashx?id=2436329&use=l&cat=p&typeid=i","cat":319791},{"id":116583,"n":"Pâte a tartiner Bio Village Aux noisettes bio - 350g","p":2.45,"u":"7,00 €/KG","img":"https://fd2-photos.leclercdrive.fr/image.ashx?id=2977198&use=l&cat=p&typeid=i","cat":284481},{"id":116584,"n":"Confiture extra bio Bio Village Framboises - 370g","p":2.79,"u":"7,54 €/KG","img":"https://fd2-photos.leclercdrive.fr/image.ashx?id=2965635&use=l&cat=p&typeid=i","cat":284480},{"id":116607,"n":"Gourmandises de volaille  Maître Coq - Marrons - 380g","p":7.7,"u":"20,26 €/KG","img":"https://fd2-photos.leclercdrive.fr/image.ashx?id=2962494&use=l&cat=p&typeid=i","cat":327289},{"id":116659,"n":"Travers de bœuf Bigard 400g","p":8.18,"u":"20,45 €/KG","img":"https://fd2-photos.leclercdrive.fr/image.ashx?id=2208354&use=l&cat=p&typeid=i","cat":284328},{"id":116673,"n":"Fond de veau Bigard Sauce aux morilles et vin 500g","p":16.17,"u":"32,34 €/KG","img":"https://fd2-photos.leclercdrive.fr/image.ashx?id=1776548&use=l&cat=p&typeid=i","cat":327289},{"id":116717,"n":"Sardines à l'huile d'olive La Quiberonnaise - 115g","p":5.46,"u":"47,48 €/KG","img":"https://fd2-photos.leclercdrive.fr/image.ashx?id=2873363&use=l&cat=p&typeid=i","cat":305146},{"id":116720,"n":"Tarte citron meringuée  Bonne Maman - 2x90g","p":1.68,"u":"9,33 €/KG","img":"https://fd2-photos.leclercdrive.fr/image.ashx?id=2878777&use=l&cat=p&typeid=i","cat":284419},{"id":116875,"n":"Salade & Cie Sodebo Palerme Jambon Speck Chèvre Pâtes 320g","p":4.66,"u":"14,56 €/KG","img":"https://fd2-photos.leclercdrive.fr/image.ashx?id=2771933&use=l&cat=p&typeid=i","cat":333657},{"id":116967,"n":"Carottes filière  Panier du Primeur - 1kg","p":1.49,"u":"1,49 €/KG","img":"https://fd2-photos.leclercdrive.fr/image.ashx?id=2920226&use=l&cat=p&typeid=i","cat":284352},{"id":116985,"n":"Parmesan Râpé Giovanni Ferrari  22 mois AOP - 60g","p":1.76,"u":"29,33 €/KG","img":"https://fd2-photos.leclercdrive.fr/image.ashx?id=3002297&use=l&cat=p&typeid=i","cat":314035},{"id":117225,"n":"Sirop Moulin de Valdonne Grenadine - 70cl","p":2.92,"u":"4,17 €/L","img":"https://fd2-photos.leclercdrive.fr/image.ashx?id=2170610&use=l&cat=p&typeid=i","cat":295020},{"id":117235,"n":"Sirop Moulin de Valdonne Pêche abricot - 70cl","p":3.46,"u":"4,94 €/L","img":"https://fd2-photos.leclercdrive.fr/image.ashx?id=2170613&use=l&cat=p&typeid=i","cat":295020},{"id":117248,"n":"Biscuits Gerblé Bio Amande cranberry - 132g","p":2.31,"u":"17,50 €/KG","img":"https://fd2-photos.leclercdrive.fr/image.ashx?id=2662868&use=l&cat=p&typeid=i","cat":318651},{"id":117252,"n":"Mouliné Régal Soupe Légumes d'autrefois - 1L","p":1.65,"u":"1,65 €/L","img":"https://fd2-photos.leclercdrive.fr/image.ashx?id=2607590&use=l&cat=p&typeid=i","cat":284462},{"id":117297,"n":"Haricots verts Notre Jardin Sans sel ajouté - 225g","p":0.88,"u":"3,91 €/KG","img":"https://fd2-photos.leclercdrive.fr/image.ashx?id=3002644&use=l&cat=p&typeid=i","cat":312606},{"id":117330,"n":"Champignon Notre Jardin Emincé Sans sel ajouté - 230g","p":1.18,"u":"5,13 €/KG","img":"https://fd2-photos.leclercdrive.fr/image.ashx?id=1792507&use=l&cat=p&typeid=i","cat":312610},{"id":117400,"n":"Yaourt Grec Delta 10% MG Nature - 1kg","p":5.43,"u":"5,43 €/KG","img":"https://fd2-photos.leclercdrive.fr/image.ashx?id=2532189&use=l&cat=p&typeid=i","cat":314999},{"id":117570,"n":"Galettes de riz Tables du monde Sachet - 100g","p":2.25,"u":"22,50 €/KG","img":"https://fd2-photos.leclercdrive.fr/image.ashx?id=2920223&use=l&cat=p&typeid=i","cat":288992},{"id":117639,"n":"Bière blonde Heineken 50cl","p":1.15,"u":"2,30 €/L","img":"https://fd2-photos.leclercdrive.fr/image.ashx?id=3008116&use=l&cat=p&typeid=i","cat":334853},{"id":117675,"n":"Bisque hormard bleu NRT 490g","p":3.41,"u":"6,96 €/KG","img":"https://fd2-photos.leclercdrive.fr/image.ashx?id=2954160&use=l&cat=p&typeid=i","cat":285192},{"id":117721,"n":"Truite Fumée  Ronde des Mers  4 tranches - 120g","p":4.3,"u":"35,83 €/KG","img":"https://fd2-photos.leclercdrive.fr/image.ashx?id=2084096&use=l&cat=p&typeid=i","cat":285188},{"id":117745,"n":"Bloc foie gras Maison Montfort 30% grande selection - 450g","p":34.16,"u":"75,91 €/KG","img":"https://fd2-photos.leclercdrive.fr/image.ashx?id=2731003&use=l&cat=p&typeid=i","cat":316008},{"id":117907,"n":"Oeufs De Nos Villages Poule sol moyen - x12","p":2.45,"u":"0,20 €/P","img":"https://fd2-photos.leclercdrive.fr/image.ashx?id=2531931&use=l&cat=p&typeid=i","cat":284378},{"id":118058,"n":"Paleron de boeuf  Bigard Jus à la vigneronne - 400g","p":8.71,"u":"21,78 €/KG","img":"https://fd2-photos.leclercdrive.fr/image.ashx?id=2386665&use=l&cat=p&typeid=i","cat":284328},{"id":118073,"n":"Jarret de porc  cuit Bigard Jus échalote romarin - 400g","p":5.96,"u":"14,90 €/KG","img":"https://fd2-photos.leclercdrive.fr/image.ashx?id=2014973&use=l&cat=p&typeid=i","cat":284331},{"id":118077,"n":"Joue de boeuf fondante Bigard  - 400g","p":9.23,"u":"23,08 €/KG","img":"https://fd2-photos.leclercdrive.fr/image.ashx?id=2208357&use=l&cat=p&typeid=i","cat":284328},{"id":118113,"n":"Sauce soja Bio Village Bio - 150ml","p":1.99,"u":"13,27 €/L","img":"https://fd2-photos.leclercdrive.fr/image.ashx?id=2913772&use=l&cat=p&typeid=i","cat":288992},{"id":118193,"n":"Beurre Bocage Doux - 60%MG - 250g","p":2.21,"u":"8,84 €/KG","img":"https://fd2-photos.leclercdrive.fr/image.ashx?id=2752891&use=l&cat=p&typeid=i","cat":284379},{"id":118210,"n":"Coquilles Saint-Jacques Tipiak à la Bretonne - 10x90g","p":17.26,"u":"19,18 €/KG","img":"https://fd2-photos.leclercdrive.fr/image.ashx?id=2614092&use=l&cat=p&typeid=i","cat":319775},{"id":118212,"n":"Coquille Saint Jacques Tipiak Fondue de poireaux - 10x90g","p":14.38,"u":"15,98 €/KG","img":"https://fd2-photos.leclercdrive.fr/image.ashx?id=2613444&use=l&cat=p&typeid=i","cat":319775},{"id":118257,"n":"Boeuf bourguignon Charal 300g","p":6.31,"u":"21,03 €/KG","img":"https://fd2-photos.leclercdrive.fr/image.ashx?id=2175135&use=l&cat=p&typeid=i","cat":284328},{"id":118282,"n":"Cordon bleu Marie Coquillettes - 280g","p":2.97,"u":"10,61 €/KG","img":"https://fd2-photos.leclercdrive.fr/image.ashx?id=2317495&use=l&cat=p&typeid=i","cat":333665},{"id":118289,"n":"Canard confit Marie Ecrasé de pomme de terre 300g","p":3.37,"u":"11,23 €/KG","img":"https://fd2-photos.leclercdrive.fr/image.ashx?id=2799886&use=l&cat=p&typeid=i","cat":333665},{"id":118408,"n":"Lait bébé en poudre Galliagest 1er âge 0-6 mois 820g","p":19.0,"u":"23,17 €/KG","img":"https://fd2-photos.leclercdrive.fr/image.ashx?id=2983054&use=l&cat=p&typeid=i","cat":284726},{"id":118412,"n":"Lait bébé en poudre Galliagest 2 âge 6-12 mois 820g","p":18.39,"u":"22,43 €/KG","img":"https://fd2-photos.leclercdrive.fr/image.ashx?id=2771666&use=l&cat=p&typeid=i","cat":284727},{"id":118414,"n":"Lait bébé en poudre Blédilait 1er âge 0-6 mois 820g","p":15.45,"u":"18,84 €/KG","img":"https://fd2-photos.leclercdrive.fr/image.ashx?id=2500051&use=l&cat=p&typeid=i","cat":284726},{"id":118426,"n":"Lait bébé en poudre Blédilait 2e âge 6-12 mois 820g","p":15.01,"u":"18,30 €/KG","img":"https://fd2-photos.leclercdrive.fr/image.ashx?id=2500054&use=l&cat=p&typeid=i","cat":284727},{"id":118442,"n":"Bonbons Tic Tac Menthe extra fraîche x100 - 49g","p":1.89,"u":"38,57 €/KG","img":"https://fd2-photos.leclercdrive.fr/image.ashx?id=2737243&use=l&cat=p&typeid=i","cat":304256},{"id":118447,"n":"Soupe deshydratée Knorr Tomate mozzarella - 75cl","p":1.51,"u":"2,01 €/L","img":"https://fd2-photos.leclercdrive.fr/image.ashx?id=2788919&use=l&cat=p&typeid=i","cat":284463},{"id":118612,"n":"Crêpes fourrées  Whaou Chocolat au lait  - x8 - 256g","p":1.96,"u":"7,66 €/KG","img":"https://fd2-photos.leclercdrive.fr/image.ashx?id=2960171&use=l&cat=p&typeid=i","cat":284494},{"id":118820,"n":"Chocolats Ferrero Collection Assortiments x48 - 518g","p":18.0,"u":"34,75 €/KG","img":"https://fd2-photos.leclercdrive.fr/image.ashx?id=2940510&use=l&cat=p&typeid=i","cat":327595},{"id":118973,"n":"La Fermière Mousse au Chocolat au lait Vietnam - 2x85g","p":3.44,"u":"20,24 €/KG","img":"https://fd2-photos.leclercdrive.fr/image.ashx?id=2187490&use=l&cat=p&typeid=i","cat":284417},{"id":119007,"n":"Whisky Sir Edward's Smoky 40%vol. - 70cl","p":14.37,"u":"20,53 €/L","img":"https://fd2-photos.leclercdrive.fr/image.ashx?id=2543984&use=l&cat=p&typeid=i","cat":284547},{"id":119091,"n":"Fine cuisine papillotte Marie Cabillaud - 300g","p":3.92,"u":"13,07 €/KG","img":"https://fd2-photos.leclercdrive.fr/image.ashx?id=2993364&use=l&cat=p&typeid=i","cat":284254},{"id":119136,"n":"Fromage de tête au jambon VPF L'Atelier Charcuterie - 170g","p":2.59,"u":"15,24 €/KG","img":"https://fd2-photos.leclercdrive.fr/image.ashx?id=2999556&use=l&cat=p&typeid=i","cat":316008},{"id":119229,"n":"Fondant de boeuf Marie Sauce à la basquaise - 300g","p":4.34,"u":"14,47 €/P","img":"https://fd2-photos.leclercdrive.fr/image.ashx?id=2300161&use=l&cat=p&typeid=i","cat":333665},{"id":119262,"n":"Sauce bolognaise Panzani 100% Pur Bœuf - 400G","p":2.21,"u":"5,53 €/KG","img":"https://fd2-photos.leclercdrive.fr/image.ashx?id=2984754&use=l&cat=p&typeid=i","cat":287599},{"id":119264,"n":"Sauce Bolognaise Panzani 100% Pur Bœuf - 650G","p":3.42,"u":"5,26 €/KG","img":"https://fd2-photos.leclercdrive.fr/image.ashx?id=2977933&use=l&cat=p&typeid=i","cat":287599},{"id":119271,"n":"Haricots rouge Notre Jardin 3x125g","p":1.91,"u":"5,09 €/KG","img":"https://fd2-photos.leclercdrive.fr/image.ashx?id=2988111&use=l&cat=p&typeid=i","cat":312606},{"id":119275,"n":"Haricots blancs Notre Jardin 3x125g","p":1.99,"u":"5,31 €/KG","img":"https://fd2-photos.leclercdrive.fr/image.ashx?id=3002632&use=l&cat=p&typeid=i","cat":312606},{"id":119287,"n":"Protège lingerie bio Tadam Dermo-sensitif normal - x24","p":2.4,"img":"https://fd2-photos.leclercdrive.fr/image.ashx?id=2754764&use=l&cat=p&typeid=i","cat":284625},{"id":119432,"n":"Capsules Café Royal  Espresso - x36 - 190g","p":9.94,"u":"52,32 €/KG","img":"https://fd2-photos.leclercdrive.fr/image.ashx?id=2787815&use=l&cat=p&typeid=i","cat":284749},{"id":119559,"n":"Compotes Materne Coupelles  Multivariétés Rouges - 16x100g","p":4.89,"u":"3,06 €/KG","img":"https://fd2-photos.leclercdrive.fr/image.ashx?id=3010843&use=l&cat=p&typeid=i","cat":284508},{"id":119560,"n":"Compotes Materne Coupelles  Multivariétés Jaunes - 16x100g","p":4.75,"u":"2,97 €/KG","img":"https://fd2-photos.leclercdrive.fr/image.ashx?id=3010846&use=l&cat=p&typeid=i","cat":284508},{"id":119571,"n":"Douceur de Brebis vanille 4x100g - Le Petit Basque","p":2.45,"u":"6,13 €/KG","img":"https://fd2-photos.leclercdrive.fr/image.ashx?id=2248093&use=l&cat=p&typeid=i","cat":314998},{"id":119709,"n":"Fromage Persillée Saint Agur  125g","p":2.28,"u":"18,24 €/KG","img":"https://fd2-photos.leclercdrive.fr/image.ashx?id=2981515&use=l&cat=p&typeid=i","cat":314032},{"id":119767,"n":"Eau micellaire bio Bionaïa 400ml","p":3.73,"u":"9,33 €/L","img":"https://fd2-photos.leclercdrive.fr/image.ashx?id=2376055&use=l&cat=p&typeid=i","cat":284603},{"id":119797,"n":"Comté fromage bloc Les Croisés 200g","p":2.85,"u":"14,25 €/KG","img":"https://fd2-photos.leclercdrive.fr/image.ashx?id=2856585&use=l&cat=p&typeid=i","cat":314034},{"id":119800,"n":"Yaourt Enfant Petits Filous Aromatisé à la Vanille - 6x100g","p":2.46,"u":"4,10 €/KG","img":"https://fd2-photos.leclercdrive.fr/image.ashx?id=2748431&use=l&cat=p&typeid=i","cat":284415},{"id":119893,"n":"Skyr Nature Délisse 450g","p":1.89,"u":"4,20 €/KG","img":"https://fd2-photos.leclercdrive.fr/image.ashx?id=2992549&use=l&cat=p&typeid=i","cat":315000},{"id":119914,"n":"Lasagnes de thon Maison Briau 850g","p":8.59,"u":"10,11 €/KG","img":"https://fd2-photos.leclercdrive.fr/image.ashx?id=2853224&use=l&cat=p&typeid=i","cat":333666},{"id":119928,"n":"Cannellonis aux crevettes Maison Briau - 750g","p":8.95,"u":"11,93 €/KG","img":"https://fd2-photos.leclercdrive.fr/image.ashx?id=2842765&use=l&cat=p&typeid=i","cat":285340},{"id":119941,"n":"Fromage à Tartiner Tartare Ail et Fines Herbes 10P - 160g","p":2.11,"u":"13,19 €/KG","img":"https://fd2-photos.leclercdrive.fr/image.ashx?id=2867410&use=l&cat=p&typeid=i","cat":314029},{"id":119956,"n":"Filets de limande du Nord MSC L'Atelier Poissonnerie x2 200g","p":3.39,"u":"16,95 €/KG","img":"https://fd2-photos.leclercdrive.fr/image.ashx?id=2652101&use=l&cat=p&typeid=i","cat":284344},{"id":119960,"n":"Filets de colin pané d'Alaska MSC sans arrêtes x2 - 220g","p":2.99,"u":"13,59 €/KG","img":"https://fd2-photos.leclercdrive.fr/image.ashx?id=2652110&use=l&cat=p&typeid=i","cat":284344},{"id":119963,"n":"Pavés de saumon de Norvège ASC L'Atelier Poissonnerie x2 250g","p":5.99,"u":"23,96 €/KG","img":"https://fd2-photos.leclercdrive.fr/image.ashx?id=2340590&use=l&cat=p&typeid=i","cat":284342},{"id":120017,"n":"Panés Le Gaulois Milanaise au parmesan - 200g","p":2.81,"u":"14,05 €/KG","img":"https://fd2-photos.leclercdrive.fr/image.ashx?id=2504638&use=l&cat=p&typeid=i","cat":333683},{"id":120212,"n":"Nouilles soba Cup Nissin Classique - 90g","p":1.88,"u":"20,89 €/KG","img":"https://fd2-photos.leclercdrive.fr/image.ashx?id=2433512&use=l&cat=p&typeid=i","cat":288992},{"id":120225,"n":"Percarbonate de sodium Clair 500g","p":2.99,"u":"5,98 €/KG","img":"https://fd2-photos.leclercdrive.fr/image.ashx?id=1874054&use=l&cat=p&typeid=i","cat":325365},{"id":120261,"n":"Lessive liquide Epsil Anti-transfert - 40 lavages 2L","p":5.99,"u":"3,00 €/L","img":"https://fd2-photos.leclercdrive.fr/image.ashx?id=2838936&use=l&cat=p&typeid=i","cat":284640},{"id":120349,"n":"Purée 4 mois Bio Village Pomme Abricot bio - 4x100g","p":1.89,"u":"4,73 €/KG","img":"https://fd2-photos.leclercdrive.fr/image.ashx?id=2704690&use=l&cat=p&typeid=i","cat":312387},{"id":120401,"n":"Boisson aux fruits Oasis Tropical - 4x2L","p":9.08,"u":"1,14 €/L","img":"https://fd2-photos.leclercdrive.fr/image.ashx?id=3011089&use=l&cat=p&typeid=i","cat":295018},{"id":120403,"n":"Adoucissant L'Arbre Vert Souffle de pureté x53 - 800ml","p":2.69,"u":"3,36 €/L","img":"https://fd2-photos.leclercdrive.fr/image.ashx?id=3001386&use=l&cat=p&typeid=i","cat":284650},{"id":120422,"n":"Lait de coco uht Real Thai 200ml","p":1.55,"u":"7,75 €/L","img":"https://fd2-photos.leclercdrive.fr/image.ashx?id=2872249&use=l&cat=p&typeid=i","cat":288992},{"id":120482,"n":"Planta fin cuisine facile 750ml - Format familial","p":2.9,"u":"3,87 €/L","img":"https://fd2-photos.leclercdrive.fr/image.ashx?id=2440091&use=l&cat=p&typeid=i","cat":284453},{"id":120492,"n":"Céréales fourrées P'tit Déli Chocolat noisette - 450g","p":2.19,"u":"4,87 €/KG","img":"https://fd2-photos.leclercdrive.fr/image.ashx?id=2819636&use=l&cat=p&typeid=i","cat":309513},{"id":120499,"n":"Pavés truite arc en ciel Atelier Poissonnerie x2 - 250g","p":5.91,"u":"23,64 €/KG","img":"https://fd2-photos.leclercdrive.fr/image.ashx?id=2927875&use=l&cat=p&typeid=i","cat":284342},{"id":120679,"n":"Petits pots bébé P'TIT SOUPER Petits pois pâtes 12M+ - 2x200g","p":1.68,"u":"4,20 €/KG","img":"https://fd2-photos.leclercdrive.fr/image.ashx?id=2526517&use=l&cat=p&typeid=i","cat":312239},{"id":120681,"n":"Petits pots bébé P'TIT SOUPER Légumes Pâtes 8M+ - 2x200g","p":2.09,"u":"5,23 €/KG","img":"https://fd2-photos.leclercdrive.fr/image.ashx?id=2526520&use=l&cat=p&typeid=i","cat":312239},{"id":120683,"n":"Petits pots bébé P'TITE RECETTE Bœuf bourguignon 12M+ - 2x200g","p":2.23,"u":"5,58 €/KG","img":"https://fd2-photos.leclercdrive.fr/image.ashx?id=2525714&use=l&cat=p&typeid=i","cat":312237},{"id":120688,"n":"Gel douche argan So Bio Etic Nutrition bio - 650ml","p":5.89,"u":"9,06 €/L","img":"https://fd2-photos.leclercdrive.fr/image.ashx?id=2891583&use=l&cat=p&typeid=i","cat":284594},{"id":120690,"n":"Shampoing Nateïs Cheveux fragiles - 250ml","p":1.27,"u":"5,08 €/L","img":"https://fd2-photos.leclercdrive.fr/image.ashx?id=2626838&use=l&cat=p&typeid=i","cat":284606},{"id":120692,"n":"Pur jus d'orange Bio Village Bio - 2L","p":4.75,"u":"2,38 €/L","img":"https://fd2-photos.leclercdrive.fr/image.ashx?id=2751922&use=l&cat=p&typeid=i","cat":284521},{"id":120694,"n":"Jus de pomme bio Bio Village 1L","p":1.29,"u":"1,29 €/L","img":"https://fd2-photos.leclercdrive.fr/image.ashx?id=2958783&use=l&cat=p&typeid=i","cat":284522},{"id":120741,"n":"Jus d'orange Bio Village Bio A base de concentré - 1L","p":2.19,"u":"2,19 €/L","img":"https://fd2-photos.leclercdrive.fr/image.ashx?id=2958777&use=l&cat=p&typeid=i","cat":284521},{"id":120820,"n":"Pastis Eperon 43%vol 1L","p":16.01,"u":"16,01 €/L","img":"https://fd2-photos.leclercdrive.fr/image.ashx?id=1879561&use=l&cat=p&typeid=i","cat":284548},{"id":120852,"n":"Bonbon arlequin Lutti Acidulé aux fruits - 320g","p":2.89,"u":"9,03 €/KG","img":"https://fd2-photos.leclercdrive.fr/image.ashx?id=2817431&use=l&cat=p&typeid=i","cat":304250},{"id":120853,"n":"Bonbons Lutti Scoubifizz Piquants Fruits - 180g","p":1.56,"u":"8,67 €/KG","img":"https://fd2-photos.leclercdrive.fr/image.ashx?id=2964837&use=l&cat=p&typeid=i","cat":304250},{"id":120864,"n":"Bonbons Lutti Flexifizz Piquants Fraise - 225g","p":1.48,"u":"6,58 €/KG","img":"https://fd2-photos.leclercdrive.fr/image.ashx?id=2806396&use=l&cat=p&typeid=i","cat":304250},{"id":120906,"n":"Crevette cuite 60/80 Equat ASC L'Atelier Poissonnerie - 500g","p":4.99,"u":"9,98 €/KG","img":"https://fd2-photos.leclercdrive.fr/image.ashx?id=2652116&use=l&cat=p&typeid=i","cat":284343},{"id":120908,"n":"Crevettes entières, cuites ASC L'Atelier Poissonnerie - 500g","p":4.99,"u":"9,98 €/KG","img":"https://fd2-photos.leclercdrive.fr/image.ashx?id=2325326&use=l&cat=p&typeid=i","cat":327284},{"id":121053,"n":"Purée Lucien Georgelin Pomme abricot - 560g","p":3.94,"u":"7,04 €/KG","img":"https://fd2-photos.leclercdrive.fr/image.ashx?id=2126130&use=l&cat=p&typeid=i","cat":284508},{"id":121157,"n":"Foie gras de canard Delpeyrat Entier - 270g","p":51.86,"u":"192,07 €/KG","img":"https://fd2-photos.leclercdrive.fr/image.ashx?id=2906082&use=l&cat=p&typeid=i","cat":316008},{"id":121241,"n":"Pizza 5 formaggi Turini 380g","p":3.19,"u":"8,39 €/KG","img":"https://fd2-photos.leclercdrive.fr/image.ashx?id=2888950&use=l&cat=p&typeid=i","cat":333679},{"id":121244,"n":"Pizza regina Turini 400g","p":3.34,"u":"8,35 €/KG","img":"https://fd2-photos.leclercdrive.fr/image.ashx?id=2900175&use=l&cat=p&typeid=i","cat":333679},{"id":121268,"n":"Miel d'acacia Lune de miel 500g","p":6.6,"u":"13,20 €/KG","img":"https://fd2-photos.leclercdrive.fr/image.ashx?id=3004837&use=l&cat=p&typeid=i","cat":287643},{"id":121315,"n":"Haché Happy Family Charal 20x80g - 1,6kg","p":17.73,"u":"11,08 €/KG","img":"https://fd2-photos.leclercdrive.fr/image.ashx?id=2739776&use=l&cat=p&typeid=i","cat":319778},{"id":121387,"n":"Lingettes Mots d'Enfants Toilettes bio - x60","p":2.17,"u":"0,04 €/P","img":"https://fd2-photos.leclercdrive.fr/image.ashx?id=2856579&use=l&cat=p&typeid=i","cat":284738},{"id":121388,"n":"Sacs poubelle 20L Elembal Poignées coulissantes - x20","p":2.05,"u":"0,10 €/P","img":"https://fd2-photos.leclercdrive.fr/image.ashx?id=2958753&use=l&cat=p&typeid=i","cat":285168},{"id":121417,"n":"Couches écologiques Biolane Jumbo T3 - x52","p":15.39,"u":"0,30 €/P","img":"https://fd2-photos.leclercdrive.fr/image.ashx?id=2876521&use=l&cat=p&typeid=i","cat":284737},{"id":121418,"n":"Couches écologiques Biolane Jumbo T4 - x44","p":13.19,"u":"0,30 €/P","img":"https://fd2-photos.leclercdrive.fr/image.ashx?id=2876524&use=l&cat=p&typeid=i","cat":284737},{"id":121419,"n":"Couches écologiques Biolane Single T2 - x28","p":8.84,"u":"0,32 €/P","img":"https://fd2-photos.leclercdrive.fr/image.ashx?id=2876530&use=l&cat=p&typeid=i","cat":284737},{"id":121446,"n":"Peaches Haribo  Sachet bonbons - 250g","p":1.92,"u":"7,68 €/KG","img":"https://fd2-photos.leclercdrive.fr/image.ashx?id=2984925&use=l&cat=p&typeid=i","cat":304250},{"id":121447,"n":"Flanbolo Haribo Sachet bonbons - 200g","p":1.8,"u":"9,00 €/KG","img":"https://fd2-photos.leclercdrive.fr/image.ashx?id=2806117&use=l&cat=p&typeid=i","cat":304250},{"id":121482,"n":"Bière Blanche Hermine 6x25cl","p":5.56,"u":"3,71 €/L","img":"https://fd2-photos.leclercdrive.fr/image.ashx?id=2107850&use=l&cat=p&typeid=i","cat":334878},{"id":121491,"n":"Bière Lancelot IPA bio 6x25cl","p":6.04,"u":"4,03 €/L","img":"https://fd2-photos.leclercdrive.fr/image.ashx?id=1878437&use=l&cat=p&typeid=i","cat":334872},{"id":121492,"n":"Mini shampooing voyage Nateïs Tilleul Pomme - 100ml","p":1.09,"u":"10,90 €/L","img":"https://fd2-photos.leclercdrive.fr/image.ashx?id=1905503&use=l&cat=p&typeid=i","cat":284606},{"id":121708,"n":"Céréales fourrées P'tit Déli Chocolat noisette - 650g","p":3.08,"u":"4,74 €/KG","img":"https://fd2-photos.leclercdrive.fr/image.ashx?id=2840740&use=l&cat=p&typeid=i","cat":309513},{"id":121755,"n":"Dinosaure goût Ketchup 125g","p":1.41,"u":"11,28 €/KG","img":"https://fd2-photos.leclercdrive.fr/image.ashx?id=1879194&use=l&cat=p&typeid=i","cat":284449},{"id":121766,"n":"Les Arrangés du Rhum Breiz'Ile Passion Ananas - 70cl - 28°","p":23.89,"u":"34,13 €/L","img":"https://fd2-photos.leclercdrive.fr/image.ashx?id=1879735&use=l&cat=p&typeid=i","cat":284551},{"id":121777,"n":"Noix de cajou Tokapi Miel & sel - 125g","p":2.28,"u":"18,24 €/KG","img":"https://fd2-photos.leclercdrive.fr/image.ashx?id=2793899&use=l&cat=p&typeid=i","cat":284448},{"id":121799,"n":"Bière blonde Melen Britt - 6x25cl","p":5.05,"u":"3,37 €/L","img":"https://fd2-photos.leclercdrive.fr/image.ashx?id=2108732&use=l&cat=p&typeid=i","cat":334873},{"id":121803,"n":"Bière rousse Dremmwel bio 6x25cl","p":5.42,"u":"3,61 €/L","img":"https://fd2-photos.leclercdrive.fr/image.ashx?id=2678089&use=l&cat=p&typeid=i","cat":334852},{"id":121864,"n":"Thé Earl Grey Yaté x25- 45g","p":0.82,"u":"18,22 €/KG","img":"https://fd2-photos.leclercdrive.fr/image.ashx?id=2684748&use=l&cat=p&typeid=i","cat":293233},{"id":121992,"n":"Secret de mousse La laitière Chocolat Lait et Blanc - 4x59 g","p":1.57,"u":"6,65 €/KG","img":"https://fd2-photos.leclercdrive.fr/image.ashx?id=2729782&use=l&cat=p&typeid=i","cat":284417},{"id":122035,"n":"Vinaigre de ménage 14° Briochin Ecocert - 1L","p":3.36,"u":"3,36 €/L","img":"https://fd2-photos.leclercdrive.fr/image.ashx?id=3000734&use=l&cat=p&typeid=i","cat":325365},{"id":122094,"n":"Barre bio Bio village Chocolat coeur au lait - 125g","p":3.35,"u":"26,80 €/KG","img":"https://fd2-photos.leclercdrive.fr/image.ashx?id=2176095&use=l&cat=p&typeid=i","cat":284488},{"id":122113,"n":"Veau *** à mijoter  Blanquette - 500GR","p":9.48,"u":"18,96 €/KG","img":"https://fd2-photos.leclercdrive.fr/image.ashx?id=618998&use=l&cat=p&typeid=i","cat":284329},{"id":122221,"n":"Concentré Sodastream Pepsi - 440ml","p":5.99,"pp":4.99,"u":"11,34 €/L","img":"https://fd2-photos.leclercdrive.fr/image.ashx?id=2665532&use=l&cat=p&typeid=i","cat":295020},{"id":122222,"n":"Concentré Sodastream Pepsi Max- 440ml","p":5.99,"pp":4.99,"u":"11,34 €/L","img":"https://fd2-photos.leclercdrive.fr/image.ashx?id=2665535&use=l&cat=p&typeid=i","cat":295020},{"id":122223,"n":"Concentré Sodastream 7UP - 440ml","p":5.99,"pp":4.99,"u":"11,34 €/L","img":"https://fd2-photos.leclercdrive.fr/image.ashx?id=2814211&use=l&cat=p&typeid=i","cat":295020},{"id":122230,"n":"Jambon supérieur Bio Village Découenné 2 Tranches bio - 70g","p":2.58,"u":"36,86 €/KG","img":"https://fd2-photos.leclercdrive.fr/image.ashx?id=2275400&use=l&cat=p&typeid=i","cat":316009},{"id":122231,"n":"Jambon supérieur Bio Village découenné 4 Tranches bio - 140g","p":4.02,"u":"28,71 €/KG","img":"https://fd2-photos.leclercdrive.fr/image.ashx?id=2974876&use=l&cat=p&typeid=i","cat":316009},{"id":122254,"n":"Verrines St-Jacques carottes Pommes fondantes x4 - 160g","p":3.9,"pp":2.73,"u":"17,06 €/KG","img":"https://fd2-photos.leclercdrive.fr/image.ashx?id=2504728&use=l&cat=p&typeid=i","cat":327280},{"id":122340,"n":"Douche Volcano FA Men 250ml","p":2.14,"u":"8,56 €/L","img":"https://fd2-photos.leclercdrive.fr/image.ashx?id=2371915&use=l&cat=p&typeid=i","cat":284594},{"id":122346,"n":"Babybio Optima croissance 3 Bio 800g","p":14.6,"u":"18,25 €/KG","img":"https://fd2-photos.leclercdrive.fr/image.ashx?id=2944029&use=l&cat=p&typeid=i","cat":290219},{"id":122347,"n":"Lait Primea 2 Bio Babybio 800g","p":17.49,"u":"21,86 €/KG","img":"https://fd2-photos.leclercdrive.fr/image.ashx?id=2962824&use=l&cat=p&typeid=i","cat":284727},{"id":122348,"n":"Lait Primea 3 Bio Babybio 800g","p":14.53,"u":"18,16 €/KG","img":"https://fd2-photos.leclercdrive.fr/image.ashx?id=2944026&use=l&cat=p&typeid=i","cat":290219},{"id":122419,"n":"Skyr Siggi's  Nature 0% MG - 2x140g","p":1.92,"u":"6,86 €/KG","img":"https://fd2-photos.leclercdrive.fr/image.ashx?id=2372412&use=l&cat=p&typeid=i","cat":315000},{"id":122420,"n":"Skyr Siggi's  Vanille - 2x140g","p":1.97,"u":"7,04 €/KG","img":"https://fd2-photos.leclercdrive.fr/image.ashx?id=2646119&use=l&cat=p&typeid=i","cat":315000},{"id":122435,"n":"Lardons supérieurs Bio Village bio Fumés - 2x60g","p":1.75,"u":"14,58 €/KG","img":"https://fd2-photos.leclercdrive.fr/image.ashx?id=2761983&use=l&cat=p&typeid=i","cat":316011},{"id":122437,"n":"Verrines saumon fromage Concombre x4 - 160g","p":3.5,"u":"21,88 €/KG","img":"https://fd2-photos.leclercdrive.fr/image.ashx?id=2519615&use=l&cat=p&typeid=i","cat":316003},{"id":122528,"n":"Skyr Siggi's  Framboise - 2x140g","p":2.08,"u":"7,43 €/KG","img":"https://fd2-photos.leclercdrive.fr/image.ashx?id=2692095&use=l&cat=p&typeid=i","cat":315000},{"id":122529,"n":"Skyr Siggi's  Myrtille - 2x140g","p":1.92,"u":"6,86 €/KG","img":"https://fd2-photos.leclercdrive.fr/image.ashx?id=2692098&use=l&cat=p&typeid=i","cat":315000},{"id":122553,"n":"Compote bio Bio Village Bocal pomme vanille - 625g","p":2.02,"u":"3,23 €/KG","img":"https://fd2-photos.leclercdrive.fr/image.ashx?id=1948045&use=l&cat=p&typeid=i","cat":284508},{"id":122554,"n":"Fromage blanc Bio Vrai Chèvre - 400g","p":2.55,"u":"6,38 €/KG","img":"https://fd2-photos.leclercdrive.fr/image.ashx?id=2388616&use=l&cat=p&typeid=i","cat":314998},{"id":122676,"n":"Dentifrice Email Diamant Le Charbon - 75ml","p":3.09,"u":"41,20 €/L","img":"https://fd2-photos.leclercdrive.fr/image.ashx?id=2975960&use=l&cat=p&typeid=i","cat":284612},{"id":122790,"n":"Chips Tuiles Pringles Hot Spicy - 175g","p":1.71,"u":"9,77 €/KG","img":"https://fd2-photos.leclercdrive.fr/image.ashx?id=2902295&use=l&cat=p&typeid=i","cat":287899},{"id":122792,"n":"Chips Tuiles Pringles Crème et Oignon - 175g","p":1.7,"u":"9,71 €/KG","img":"https://fd2-photos.leclercdrive.fr/image.ashx?id=2902292&use=l&cat=p&typeid=i","cat":287899},{"id":122825,"n":"Sauce au poivre Rustica 245g","p":1.19,"u":"4,86 €/KG","img":"https://fd2-photos.leclercdrive.fr/image.ashx?id=2558829&use=l&cat=p&typeid=i","cat":318431},{"id":122895,"n":"Chips Tuiles Pringles Original - 175g","p":1.62,"u":"9,26 €/KG","img":"https://fd2-photos.leclercdrive.fr/image.ashx?id=2902298&use=l&cat=p&typeid=i","cat":287899},{"id":122905,"n":"Shampooing antipelliculaire Vitanove cheveux normaux -250ml","p":1.66,"u":"6,64 €/L","img":"https://fd2-photos.leclercdrive.fr/image.ashx?id=1909525&use=l&cat=p&typeid=i","cat":284606},{"id":122906,"n":"Chlore multiactions 5kg","p":21.9,"u":"4,38 €/KG","img":"https://fd2-photos.leclercdrive.fr/image.ashx?id=1919423&use=l&cat=p&typeid=i","cat":335918},{"id":122911,"n":"Chlore choc Granulés - 5kg","p":29.9,"u":"5,98 €/KG","img":"https://fd2-photos.leclercdrive.fr/image.ashx?id=1919438&use=l&cat=p&typeid=i","cat":335918},{"id":122915,"n":"Poudre PH Plus 5kg","p":9.9,"u":"1,98 €/KG","img":"https://fd2-photos.leclercdrive.fr/image.ashx?id=1919435&use=l&cat=p&typeid=i","cat":335918},{"id":122928,"n":"Sauce apéritif Old El Paso Mexicanita medium - 335g","p":2.69,"u":"8,03 €/KG","img":"https://fd2-photos.leclercdrive.fr/image.ashx?id=2737609&use=l&cat=p&typeid=i","cat":288993},{"id":122973,"n":"Jambon de Paris Tradilège Découenné - 2 tranches - 80g","p":1.2,"u":"15,00 €/KG","img":"https://fd2-photos.leclercdrive.fr/image.ashx?id=2994384&use=l&cat=p&typeid=i","cat":316009},{"id":122991,"n":"Protection extra Tena Discreet x20","p":6.36,"u":"0,32 €/P","img":"https://fd2-photos.leclercdrive.fr/image.ashx?id=2597247&use=l&cat=p&typeid=i","cat":284628},{"id":123025,"n":"Lait demi-écrémé UHT Lactel Slim bons matins - 8x1L","p":9.84,"u":"1,23 €/L","img":"https://fd2-photos.leclercdrive.fr/image.ashx?id=1888041&use=l&cat=p&typeid=i","cat":284377},{"id":123029,"n":"Poisson pané Colin Findus Extra croustillant - x2 250g","p":2.65,"u":"10,60 €/KG","img":"https://fd2-photos.leclercdrive.fr/image.ashx?id=3014548&use=l&cat=p&typeid=i","cat":319788},{"id":123062,"n":"Jambon de Paris Tradilège A l'étouffé - 160g","p":1.69,"u":"10,56 €/KG","img":"https://fd2-photos.leclercdrive.fr/image.ashx?id=2951143&use=l&cat=p&typeid=i","cat":316009},{"id":123063,"n":"Jambon de Paris Tradilège Découenné dégraissé x6 - 240g","p":2.39,"u":"9,96 €/KG","img":"https://fd2-photos.leclercdrive.fr/image.ashx?id=2951146&use=l&cat=p&typeid=i","cat":316009},{"id":123065,"n":"Jambon de Paris Tradilège À l'étouffée x8 - 320g","p":3.13,"u":"9,78 €/KG","img":"https://fd2-photos.leclercdrive.fr/image.ashx?id=2994387&use=l&cat=p&typeid=i","cat":316009},{"id":123069,"n":"Jambon de Paris Tradilège -25% de sel - 2 tranches - 70g","p":1.11,"u":"15,86 €/KG","img":"https://fd2-photos.leclercdrive.fr/image.ashx?id=2208606&use=l&cat=p&typeid=i","cat":316009},{"id":123070,"n":"Jambon de Paris Tradilège -25% de sel - 4 tranches - 140g","p":2.05,"u":"14,64 €/KG","img":"https://fd2-photos.leclercdrive.fr/image.ashx?id=2991527&use=l&cat=p&typeid=i","cat":316009},{"id":123071,"n":"Jambon de Paris Tradilège -25% de sel - 6 tranches - 210g","p":2.49,"u":"11,86 €/KG","img":"https://fd2-photos.leclercdrive.fr/image.ashx?id=2994390&use=l&cat=p&typeid=i","cat":316009},{"id":123073,"n":"Jambon supérieur Tradilège Découenné - 2 tranches - 80g","p":1.25,"u":"15,63 €/KG","img":"https://fd2-photos.leclercdrive.fr/image.ashx?id=2943689&use=l&cat=p&typeid=i","cat":316009},{"id":123074,"n":"Jambon supérieur Tradilège Découenné dégraissé x4 - 160g","p":2.21,"u":"13,81 €/KG","img":"https://fd2-photos.leclercdrive.fr/image.ashx?id=2984194&use=l&cat=p&typeid=i","cat":316009},{"id":123076,"n":"Jambon supérieur Tradilège Découenné dégraissé x6 - 240g","p":3.25,"u":"13,54 €/KG","img":"https://fd2-photos.leclercdrive.fr/image.ashx?id=2974879&use=l&cat=p&typeid=i","cat":316009},{"id":123103,"n":"Jambon supérieur Tradilège Sans couenne x8 - 320g","p":4.29,"u":"13,41 €/KG","img":"https://fd2-photos.leclercdrive.fr/image.ashx?id=2943692&use=l&cat=p&typeid=i","cat":316009},{"id":123105,"n":"Jambon supérieur Tradilège Avec couenne 4 tranches - 160g","p":2.06,"u":"12,88 €/KG","img":"https://fd2-photos.leclercdrive.fr/image.ashx?id=2925756&use=l&cat=p&typeid=i","cat":316009},{"id":123106,"n":"Jambon supérieur Tradilège Avec couenne 6 tranches - 240g","p":3.08,"u":"12,83 €/KG","img":"https://fd2-photos.leclercdrive.fr/image.ashx?id=2970593&use=l&cat=p&typeid=i","cat":316009},{"id":123110,"n":"Jambon supérieur Tradilège Avec couenne -2 tranches - 80g","p":1.39,"u":"17,38 €/KG","img":"https://fd2-photos.leclercdrive.fr/image.ashx?id=2943695&use=l&cat=p&typeid=i","cat":316009},{"id":123121,"n":"Oeufs Marque rèpere De Nos Régions - x20","p":4.29,"u":"0,21 €/P","img":"https://fd2-photos.leclercdrive.fr/image.ashx?id=2969812&use=l&cat=p&typeid=i","cat":284378},{"id":123171,"n":"Feuilleté chèvre miel Qualité Traiteur x2 - 200g","p":4.49,"u":"22,45 €/KG","img":"https://fd2-photos.leclercdrive.fr/image.ashx?id=1893014&use=l&cat=p&typeid=i","cat":333671},{"id":123173,"n":"Feuilleté Jambon Fromage Qualité Traiteur x2 - 200g","p":3.94,"u":"19,70 €/KG","img":"https://fd2-photos.leclercdrive.fr/image.ashx?id=2793557&use=l&cat=p&typeid=i","cat":333680},{"id":123216,"n":"Jambon Réserva 12 mois clean label - 80g","p":3.99,"u":"49,88 €/KG","img":"https://fd2-photos.leclercdrive.fr/image.ashx?id=2216821&use=l&cat=p&typeid=i","cat":316007},{"id":123257,"n":"Capsules café Plantation Lungo forte n°7 - x16 - 105g","p":3.35,"u":"31,90 €/KG","img":"https://fd2-photos.leclercdrive.fr/image.ashx?id=2649744&use=l&cat=p&typeid=i","cat":293239},{"id":123360,"n":"Pétales Tables du Monde A la crevette ASC - 50g","p":0.65,"u":"13,00 €/KG","img":"https://fd2-photos.leclercdrive.fr/image.ashx?id=2920220&use=l&cat=p&typeid=i","cat":288992},{"id":123368,"n":"Brume d'eau Mot d'enfant 200ml","p":1.99,"u":"9,95 €/L","img":"https://fd2-photos.leclercdrive.fr/image.ashx?id=3015123&use=l&cat=p&typeid=i","cat":284741},{"id":123372,"n":"Huile barbe longue Carré Homme 50ml","p":4.57,"u":"91,40 €/L","img":"https://fd2-photos.leclercdrive.fr/image.ashx?id=1895380&use=l&cat=p&typeid=i","cat":284622},{"id":123397,"n":"Bière sans alcool Tourtel Twist Framboise 0,0° - 6x27,5cl","p":4.14,"u":"2,51 €/L","img":"https://fd2-photos.leclercdrive.fr/image.ashx?id=2886705&use=l&cat=p&typeid=i","cat":334877},{"id":123400,"n":"Cire corps Laurence Dumont Bandes - x20","p":3.33,"u":"0,17 €/P","img":"https://fd2-photos.leclercdrive.fr/image.ashx?id=2606358&use=l&cat=p&typeid=i","cat":325351},{"id":123407,"n":"Bière sans alcool Tourtel Twist Citron 0,0° - 6x27,5cl","p":3.7,"u":"2,24 €/L","img":"https://fd2-photos.leclercdrive.fr/image.ashx?id=2886702&use=l&cat=p&typeid=i","cat":334877},{"id":123418,"n":"Bière blonde Leffe sans alcool 0,0% - 6x25cl","p":4.67,"u":"3,11 €/L","img":"https://fd2-photos.leclercdrive.fr/image.ashx?id=2548303&use=l&cat=p&typeid=i","cat":334877},{"id":123422,"n":"Soda Coca-Cola Sans Sucres Bouteille - 1,75L","p":1.7,"u":"0,97 €/L","img":"https://fd2-photos.leclercdrive.fr/image.ashx?id=2971748&use=l&cat=p&typeid=i","cat":284530},{"id":123434,"n":"Soda Schweppes Indian Tonic Zero - 6x33cl","p":3.6,"u":"1,82 €/L","img":"https://fd2-photos.leclercdrive.fr/image.ashx?id=2852420&use=l&cat=p&typeid=i","cat":284531},{"id":123437,"n":"Boisson Fruit shoot Teisseire Multivamine - 6x20cl","p":2.65,"u":"2,21 €/L","img":"https://fd2-photos.leclercdrive.fr/image.ashx?id=2858201&use=l&cat=p&typeid=i","cat":295018},{"id":123463,"n":"AOP Saint-Pourçain rouge Loire Domaine Chérillat - 75cl","p":8.47,"u":"11,29 €/L","img":"https://fd2-photos.leclercdrive.fr/image.ashx?id=2020353&use=l&cat=p&typeid=i","cat":289556},{"id":123473,"n":"Croissants Jambon Emmental Qualité Traiteur x2 - 260g","p":5.6,"u":"21,54 €/KG","img":"https://fd2-photos.leclercdrive.fr/image.ashx?id=2793566&use=l&cat=p&typeid=i","cat":333671},{"id":123478,"n":"AOP Côtes du Rhône rouge La Chapelle Pied Vaurias -75cl","p":3.64,"u":"4,85 €/L","img":"https://fd2-photos.leclercdrive.fr/image.ashx?id=1948772&use=l&cat=p&typeid=i","cat":289556},{"id":123491,"n":"Crêpe fourrée Whaou Chocolat - x8 - 256g","p":2.08,"u":"8,13 €/KG","img":"https://fd2-photos.leclercdrive.fr/image.ashx?id=2962863&use=l&cat=p&typeid=i","cat":284494},{"id":123492,"n":"Crêpes Whaou! Chocolat x15 - 480g","p":3.72,"u":"7,75 €/KG","img":"https://fd2-photos.leclercdrive.fr/image.ashx?id=2986449&use=l&cat=p&typeid=i","cat":284494},{"id":123503,"n":"Yaourt fjord fromage blanc Nature - 4x125g","p":2.08,"u":"4,16 €/KG","img":"https://fd2-photos.leclercdrive.fr/image.ashx?id=2956993&use=l&cat=p&typeid=i","cat":284409},{"id":123504,"n":"Yaourt fjord fromage blanc Nature - 8x125g","p":3.33,"u":"3,33 €/KG","img":"https://fd2-photos.leclercdrive.fr/image.ashx?id=2653222&use=l&cat=p&typeid=i","cat":284409},{"id":123528,"n":"Soucoupes Copains Copines Acides - 39g","p":0.99,"u":"25,38 €/KG","img":"https://fd2-photos.leclercdrive.fr/image.ashx?id=1891237&use=l&cat=p&typeid=i","cat":304250},{"id":123542,"n":"Eau minérale naturelle Evian  6x50cl","p":2.36,"u":"0,79 €/L","img":"https://fd2-photos.leclercdrive.fr/image.ashx?id=2969022&use=l&cat=p&typeid=i","cat":284535},{"id":123545,"n":"Quiche lorraine Marie Pur beurre - 400g","p":3.33,"u":"8,33 €/KG","img":"https://fd2-photos.leclercdrive.fr/image.ashx?id=2318546&use=l&cat=p&typeid=i","cat":333680},{"id":123546,"n":"Tarte noix St-Jacques Marie Pur beurre - 350g","p":3.23,"u":"9,23 €/KG","img":"https://fd2-photos.leclercdrive.fr/image.ashx?id=2318555&use=l&cat=p&typeid=i","cat":333680},{"id":123547,"n":"Tarte poireaux Marie Pur beurre - 400g","p":3.02,"u":"7,55 €/KG","img":"https://fd2-photos.leclercdrive.fr/image.ashx?id=2318549&use=l&cat=p&typeid=i","cat":333680},{"id":123551,"n":"Yaourt aux fruits brassés Velouté fruix Danone - 12x125g","p":3.91,"u":"2,61 €/KG","img":"https://fd2-photos.leclercdrive.fr/image.ashx?id=2912929&use=l&cat=p&typeid=i","cat":284410},{"id":123552,"n":"Yaourt fruits rouges brassés Velouté fruix Danone - 8x125g","p":2.71,"u":"2,71 €/KG","img":"https://fd2-photos.leclercdrive.fr/image.ashx?id=2912932&use=l&cat=p&typeid=i","cat":284410},{"id":123555,"n":"Yaourt fruits jaunes brassés Velouté fruix Danone - 8x125g","p":2.71,"u":"2,71 €/KG","img":"https://fd2-photos.leclercdrive.fr/image.ashx?id=2912926&use=l&cat=p&typeid=i","cat":284410},{"id":123603,"n":"Kit Distributeur Savon Mains Dettol Citron 250ml","p":7.24,"u":"28,96 €/L","img":"https://fd2-photos.leclercdrive.fr/image.ashx?id=2975134&use=l&cat=p&typeid=i","cat":284597},{"id":123622,"n":"Lait poudre Optima 2 Babybio  Bio 6 mois à 1an - 800g","p":16.77,"u":"20,96 €/KG","img":"https://fd2-photos.leclercdrive.fr/image.ashx?id=2988436&use=l&cat=p&typeid=i","cat":284727},{"id":123687,"n":"Lait de croissance Bio BabyBio 6x1L","p":13.06,"u":"2,18 €/L","img":"https://fd2-photos.leclercdrive.fr/image.ashx?id=2953875&use=l&cat=p&typeid=i","cat":284728},{"id":123693,"n":"Pâtes Eco+ Vermicelles - 1kg","p":1.34,"u":"1,34 €/KG","img":"https://fd2-photos.leclercdrive.fr/image.ashx?id=2535247&use=l&cat=p&typeid=i","cat":284427},{"id":123697,"n":"Lait Caprea 2 Bio Babybio Bio 800g","p":25.79,"u":"32,24 €/KG","img":"https://fd2-photos.leclercdrive.fr/image.ashx?id=2733340&use=l&cat=p&typeid=i","cat":284727},{"id":123883,"n":"Thon Alba Connetable Naturel Label Rouge - 112g","p":3.12,"u":"27,86 €/KG","img":"https://fd2-photos.leclercdrive.fr/image.ashx?id=2674128&use=l&cat=p&typeid=i","cat":303867},{"id":123898,"n":"Tablette gourmande Poulain Chocolat au lait - 100g","p":2.03,"u":"20,30 €/KG","img":"https://fd2-photos.leclercdrive.fr/image.ashx?id=2867128&use=l&cat=p&typeid=i","cat":284497},{"id":123924,"n":"Barres choco caram biscuit 348g","p":1.97,"u":"5,66 €/KG","img":"https://fd2-photos.leclercdrive.fr/image.ashx?id=2739721&use=l&cat=p&typeid=i","cat":284498},{"id":123960,"n":"Bière sans alcool Desperados Virgin - Agrumes 3x33cl","p":3.75,"u":"3,79 €/L","img":"https://fd2-photos.leclercdrive.fr/image.ashx?id=2977966&use=l&cat=p&typeid=i","cat":334877},{"id":124035,"n":"Jus de raisin ABC Eco+ 1L","p":0.98,"u":"0,98 €/L","img":"https://fd2-photos.leclercdrive.fr/image.ashx?id=2802275&use=l&cat=p&typeid=i","cat":284915},{"id":124226,"n":"AOP Bordeaux rosé Château Labatut Rosé - 75cl","p":4.77,"u":"6,36 €/L","img":"https://fd2-photos.leclercdrive.fr/image.ashx?id=2921283&use=l&cat=p&typeid=i","cat":289558},{"id":124271,"n":"Morceaux de thon Eco+ A l'huile de tournesol - 130g","p":1.33,"u":"10,23 €/KG","img":"https://fd2-photos.leclercdrive.fr/image.ashx?id=2678529&use=l&cat=p&typeid=i","cat":303867},{"id":124272,"n":"Thon nature entier Saupiquet MSC - 140g","p":2.37,"u":"16,93 €/KG","img":"https://fd2-photos.leclercdrive.fr/image.ashx?id=2731540&use=l&cat=p&typeid=i","cat":303867},{"id":124469,"n":"Vin d'Espagne rouge Merlot Bio Adrien Champaud - BIB 3L","p":8.99,"u":"3,00 €/L","img":"https://fd2-photos.leclercdrive.fr/image.ashx?id=2960562&use=l&cat=p&typeid=i","cat":289556},{"id":124473,"n":"Cabillaud MSC citron Côté Table Riz - 290g","p":2.99,"u":"10,31 €/KG","img":"https://fd2-photos.leclercdrive.fr/image.ashx?id=2672954&use=l&cat=p&typeid=i","cat":333665},{"id":124478,"n":"IGP Méditérranée rosé Les Calandières - 75cl","p":3.83,"u":"5,11 €/L","img":"https://fd2-photos.leclercdrive.fr/image.ashx?id=2996608&use=l&cat=p&typeid=i","cat":289558},{"id":124496,"n":"Crème glacée Ben & Jerry's Choco Fudge Brownie - 408g","p":3.67,"u":"9,00 €/KG","img":"https://fd2-photos.leclercdrive.fr/image.ashx?id=2738050&use=l&cat=p&typeid=i","cat":284725},{"id":124498,"n":"Glace en Pot BEN & JERRY'S Cookie Dough - 465ml","p":3.4,"u":"8,37 €/KG","img":"https://fd2-photos.leclercdrive.fr/image.ashx?id=2738056&use=l&cat=p&typeid=i","cat":284725},{"id":124499,"n":"Glace en Pot BEN & JERRY'S Vanilla Pecan Blondie - 465ml","p":4.28,"u":"10,34 €/KG","img":"https://fd2-photos.leclercdrive.fr/image.ashx?id=2832548&use=l&cat=p&typeid=i","cat":284725},{"id":124500,"n":"Crème glacée Ben & Jerry's Peanut butter - 425g","p":3.8,"u":"8,94 €/KG","img":"https://fd2-photos.leclercdrive.fr/image.ashx?id=3001524&use=l&cat=p&typeid=i","cat":284725},{"id":124533,"n":"Confiture extra bio Bio Village Rhubarbe - 370g","p":2.59,"u":"7,00 €/KG","img":"https://fd2-photos.leclercdrive.fr/image.ashx?id=2482514&use=l&cat=p&typeid=i","cat":284480},{"id":124594,"n":"Capsules Nescafé Dolce Gusto Espresso - x16","p":4.26,"u":"48,41 €/KG","img":"https://fd2-photos.leclercdrive.fr/image.ashx?id=2952025&use=l&cat=p&typeid=i","cat":293239},{"id":124652,"n":"Sorbet Eskiss Cassis - 650g","p":3.56,"u":"5,48 €/KG","img":"https://fd2-photos.leclercdrive.fr/image.ashx?id=2983823&use=l&cat=p&typeid=i","cat":284263},{"id":124654,"n":"Bac crème glacée Eskiss Caramel - 500g","p":3.89,"u":"7,78 €/KG","img":"https://fd2-photos.leclercdrive.fr/image.ashx?id=2982676&use=l&cat=p&typeid=i","cat":284263},{"id":124655,"n":"Bac sorbet Eskiss Mangue - 650g","p":2.49,"u":"3,83 €/KG","img":"https://fd2-photos.leclercdrive.fr/image.ashx?id=2982673&use=l&cat=p&typeid=i","cat":284263},{"id":124670,"n":"Pain de mie complet Jacquet Maxi - Sans sucre ajouté - 550g","p":1.61,"u":"2,93 €/KG","img":"https://fd2-photos.leclercdrive.fr/image.ashx?id=2935708&use=l&cat=p&typeid=i","cat":284477},{"id":124671,"n":"Pain de mie Sans croûte Jacquet Sans sucre ajouté - 475g","p":1.7,"u":"3,58 €/KG","img":"https://fd2-photos.leclercdrive.fr/image.ashx?id=2919754&use=l&cat=p&typeid=i","cat":284477},{"id":124694,"n":"Saucisson Mini Justin Bridou  Bâton de Berger nature - 160g","p":3.25,"u":"20,31 €/KG","img":"https://fd2-photos.leclercdrive.fr/image.ashx?id=2921786&use=l&cat=p&typeid=i","cat":316006},{"id":124723,"n":"Champignon Bonduelle Emincé - 3x115g","p":2.73,"u":"7,91 €/KG","img":"https://fd2-photos.leclercdrive.fr/image.ashx?id=2913121&use=l&cat=p&typeid=i","cat":312610},{"id":124741,"n":"Boite distributrice gants Mapa Latex naturel Taille M - x100","p":10.44,"u":"0,10 €/P","img":"https://fd2-photos.leclercdrive.fr/image.ashx?id=2973006&use=l&cat=p&typeid=i","cat":284668},{"id":124743,"n":"Gratte éponge Spontex anti bactérien - x2","p":1.75,"u":"0,88 €/P","img":"https://fd2-photos.leclercdrive.fr/image.ashx?id=2973081&use=l&cat=p&typeid=i","cat":284667},{"id":124744,"n":"Gratte éponge Spontex x3","p":2.27,"u":"0,76 €/P","img":"https://fd2-photos.leclercdrive.fr/image.ashx?id=2973084&use=l&cat=p&typeid=i","cat":284667},{"id":124748,"n":"Laque Cheveux L'Oréal Paris Elnett Fixation Forte - 300ml","p":6.59,"u":"21,97 €/L","img":"https://fd2-photos.leclercdrive.fr/image.ashx?id=2382024&use=l&cat=p&typeid=i","cat":284609},{"id":124795,"n":"Protège lingerie Nana Extra long - x24","p":1.75,"u":"0,07 €/P","img":"https://fd2-photos.leclercdrive.fr/image.ashx?id=2968499&use=l&cat=p&typeid=i","cat":284625},{"id":124874,"n":"Crème glacée Ben & Jerry's  Caramel Brownie Party - 405g","p":3.65,"u":"9,01 €/KG","img":"https://fd2-photos.leclercdrive.fr/image.ashx?id=2773889&use=l&cat=p&typeid=i","cat":284725},{"id":124901,"n":"Pâte à tartiner Nutella 630g","p":4.79,"u":"7,60 €/KG","img":"https://fd2-photos.leclercdrive.fr/image.ashx?id=2968841&use=l&cat=p&typeid=i","cat":284481},{"id":124902,"n":"Eponges végétales Eco+ x2","p":0.46,"u":"0,23 €/P","img":"https://fd2-photos.leclercdrive.fr/image.ashx?id=2770242&use=l&cat=p&typeid=i","cat":284667},{"id":124903,"n":"Laque fixation forte Eco+ 400ml","p":1.11,"u":"2,78 €/L","img":"https://fd2-photos.leclercdrive.fr/image.ashx?id=2270223&use=l&cat=p&typeid=i","cat":284609},{"id":124909,"n":"Culotte Enuresie Mots d'Enfants 4-7 ans -17-30 kg - x15","p":9.49,"u":"0,63 €/P","img":"https://fd2-photos.leclercdrive.fr/image.ashx?id=2704496&use=l&cat=p&typeid=i","cat":290633},{"id":124912,"n":"Insecticide Insectivor Anti-acariens puce- 400ml","p":4.99,"u":"12,48 €/L","img":"https://fd2-photos.leclercdrive.fr/image.ashx?id=1901710&use=l&cat=p&typeid=i","cat":298368},{"id":124913,"n":"Insecticide Insectivor Volant/rampant - 400ml","p":3.95,"u":"9,88 €/L","img":"https://fd2-photos.leclercdrive.fr/image.ashx?id=2582990&use=l&cat=p&typeid=i","cat":298368},{"id":124926,"n":"Sacs poubelle container Elembal 120L - x10","p":3.99,"u":"0,40 €/P","img":"https://fd2-photos.leclercdrive.fr/image.ashx?id=1901891&use=l&cat=p&typeid=i","cat":285168},{"id":124927,"n":"Sacs gravats Elembal 50L - X5","p":4.24,"u":"0,02 €/L","img":"https://fd2-photos.leclercdrive.fr/image.ashx?id=1959208&use=l&cat=p&typeid=i","cat":285168},{"id":124928,"n":"Sacs poubelle Elembal 240L - x10","p":4.56,"u":"0,46 €/P","img":"https://fd2-photos.leclercdrive.fr/image.ashx?id=1901894&use=l&cat=p&typeid=i","cat":285168},{"id":124929,"n":"Insecticide Insectivor Antivolant végétal - 400ml","p":2.71,"u":"6,78 €/L","img":"https://fd2-photos.leclercdrive.fr/image.ashx?id=2673999&use=l&cat=p&typeid=i","cat":298368},{"id":124930,"n":"Sacs poubelle Elembal Coulissants spécial tri 50L-x10","p":2.19,"u":"0,22 €/P","img":"https://fd2-photos.leclercdrive.fr/image.ashx?id=2958756&use=l&cat=p&typeid=i","cat":285168},{"id":124935,"n":"Tampons à récurer Eco+ x5","p":1.01,"u":"0,20 €/P","img":"https://fd2-photos.leclercdrive.fr/image.ashx?id=2593336&use=l&cat=p&typeid=i","cat":284667},{"id":124953,"n":"Shampooing réparateur Eco+ 300ml","p":1.08,"u":"3,60 €/L","img":"https://fd2-photos.leclercdrive.fr/image.ashx?id=1901870&use=l&cat=p&typeid=i","cat":284606},{"id":124954,"n":"Shampoing voluminateur Eco+ 300ml","p":1.08,"u":"3,60 €/L","img":"https://fd2-photos.leclercdrive.fr/image.ashx?id=1901873&use=l&cat=p&typeid=i","cat":284606},{"id":124961,"n":"Shampoing sec Nateis 150ml","p":1.87,"u":"12,47 €/L","img":"https://fd2-photos.leclercdrive.fr/image.ashx?id=2751919&use=l&cat=p&typeid=i","cat":289143},{"id":125216,"n":"Cacahuètes Eco+ Grillées à sec - 150g","p":0.46,"u":"3,07 €/KG","img":"https://fd2-photos.leclercdrive.fr/image.ashx?id=2780710&use=l&cat=p&typeid=i","cat":284448},{"id":125218,"n":"Cacahuètes Eco  Grillées et salées - 250g","p":0.7,"u":"2,80 €/KG","img":"https://fd2-photos.leclercdrive.fr/image.ashx?id=1946078&use=l&cat=p&typeid=i","cat":284448},{"id":125223,"n":"Pistaches grillées à sec Eco+ 200g","p":2.58,"u":"12,90 €/KG","img":"https://fd2-photos.leclercdrive.fr/image.ashx?id=2746784&use=l&cat=p&typeid=i","cat":284448},{"id":125225,"n":"Chips nature Eco+ 6x30g","p":1.23,"u":"6,83 €/KG","img":"https://fd2-photos.leclercdrive.fr/image.ashx?id=2609541&use=l&cat=p&typeid=i","cat":284447},{"id":125227,"n":"Mini cookies P'tit Déli 160g","p":1.49,"u":"9,31 €/KG","img":"https://fd2-photos.leclercdrive.fr/image.ashx?id=2932426&use=l&cat=p&typeid=i","cat":325066},{"id":125238,"n":"Cookies P'tit Déli Chocolat noisette - 200g","p":1.69,"u":"8,45 €/KG","img":"https://fd2-photos.leclercdrive.fr/image.ashx?id=1943253&use=l&cat=p&typeid=i","cat":325066},{"id":125315,"n":"Farine bio Jardin Bio Semi-complète T80 - 1kg","p":2.21,"u":"2,21 €/KG","img":"https://fd2-photos.leclercdrive.fr/image.ashx?id=2944834&use=l&cat=p&typeid=i","cat":284503},{"id":125328,"n":"Ketchup Rustica Nature - 560g","p":1.25,"u":"2,23 €/KG","img":"https://fd2-photos.leclercdrive.fr/image.ashx?id=2954385&use=l&cat=p&typeid=i","cat":284455},{"id":125383,"n":"Comté fromage râpé Les Croisés 130g","p":1.95,"u":"15,00 €/KG","img":"https://fd2-photos.leclercdrive.fr/image.ashx?id=2897820&use=l&cat=p&typeid=i","cat":314035},{"id":125571,"n":"Yaourt bifidus Activia muesli Chocolat noisette - 170g","p":1.73,"img":"https://fd2-photos.leclercdrive.fr/image.ashx?id=2965891&use=l&cat=p&typeid=i","cat":315000},{"id":125656,"n":"AOP Alsace Pinot Noir rouge Wolfberger - 75cl","p":8.69,"u":"11,59 €/L","img":"https://fd2-photos.leclercdrive.fr/image.ashx?id=2403800&use=l&cat=p&typeid=i","cat":289556},{"id":125723,"n":"Céréales fourées P'tit Déli Tout chocolat - 650g","p":2.89,"u":"4,45 €/KG","img":"https://fd2-photos.leclercdrive.fr/image.ashx?id=2878603&use=l&cat=p&typeid=i","cat":309513},{"id":125864,"n":"Cacahuètes Benenuts-Twinuts Mexicaine - 150g","p":1.22,"u":"8,13 €/KG","img":"https://fd2-photos.leclercdrive.fr/image.ashx?id=2952550&use=l&cat=p&typeid=i","cat":284448},{"id":125914,"n":"Fromages frais Pat'patrouille Yoplait goûts fruits - 12x50g","p":1.57,"u":"2,62 €/KG","img":"https://fd2-photos.leclercdrive.fr/image.ashx?id=2733685&use=l&cat=p&typeid=i","cat":284414},{"id":125915,"n":"Yaourts allégés Sveltesse   Caramel - 4x125g","p":1.53,"u":"3,06 €/KG","img":"https://fd2-photos.leclercdrive.fr/image.ashx?id=2561601&use=l&cat=p&typeid=i","cat":315000},{"id":125916,"n":"Fromages frais Pat'Patrouille Yoplait goûts fruits - 24x50g","p":3.35,"u":"2,79 €/KG","img":"https://fd2-photos.leclercdrive.fr/image.ashx?id=2733688&use=l&cat=p&typeid=i","cat":284414},{"id":125958,"n":"Chips Bret's Saveur vinaigre - 125g","p":1.19,"u":"9,52 €/KG","img":"https://fd2-photos.leclercdrive.fr/image.ashx?id=1925081&use=l&cat=p&typeid=i","cat":284447},{"id":126093,"n":"Madeleines marbrées Le Glazik - 224g","p":2.67,"u":"11,92 €/KG","img":"https://fd2-photos.leclercdrive.fr/image.ashx?id=2509394&use=l&cat=p&typeid=i","cat":284492},{"id":126152,"n":"Chips Tortilla Doritos Goût paprika - 170g","p":1.89,"u":"11,12 €/KG","img":"https://fd2-photos.leclercdrive.fr/image.ashx?id=2367310&use=l&cat=p&typeid=i","cat":287899},{"id":126178,"n":"Riz long thaï Eco+ 1kg","p":1.61,"u":"1,61 €/KG","img":"https://fd2-photos.leclercdrive.fr/image.ashx?id=2799751&use=l&cat=p&typeid=i","cat":284428},{"id":126183,"n":"Biscuits Lotus Biscoff Fourré  Crème saveur speculoos - 150g","p":1.88,"u":"12,53 €/KG","img":"https://fd2-photos.leclercdrive.fr/image.ashx?id=2694968&use=l&cat=p&typeid=i","cat":284487},{"id":126186,"n":"Riz rond Eco+ 1kg","p":1.77,"u":"1,77 €/KG","img":"https://fd2-photos.leclercdrive.fr/image.ashx?id=2704594&use=l&cat=p&typeid=i","cat":284428},{"id":126189,"n":"Biscuits Lotus Biscoff Fourré  Crème saveur vanille - 150g","p":1.63,"u":"10,87 €/KG","img":"https://fd2-photos.leclercdrive.fr/image.ashx?id=2685315&use=l&cat=p&typeid=i","cat":284487},{"id":126396,"n":"Bière sans alcool Kronenbourg Pur Malt 0,4° - 12x25cl","p":5.07,"u":"1,69 €/L","img":"https://fd2-photos.leclercdrive.fr/image.ashx?id=2992756&use=l&cat=p&typeid=i","cat":334877},{"id":126421,"n":"Biscuits Figolu LU Figue - 192g","p":1.37,"u":"7,14 €/KG","img":"https://fd2-photos.leclercdrive.fr/image.ashx?id=2967950&use=l&cat=p&typeid=i","cat":284489},{"id":126424,"n":"Biscuits Sprits sablés Delacre Chocolat au lait - 200g","p":1.58,"u":"7,90 €/KG","img":"https://fd2-photos.leclercdrive.fr/image.ashx?id=2855873&use=l&cat=p&typeid=i","cat":284488},{"id":126430,"n":"Dosettes café Senseo Milka x8","p":2.8,"u":"25,00 €/KG","img":"https://fd2-photos.leclercdrive.fr/image.ashx?id=2127012&use=l&cat=p&typeid=i","cat":293238},{"id":126519,"n":"Bloc WC Bref Color Activ+  Marine toilettes - 50g x1","p":1.96,"u":"392,00 €/KG","img":"https://fd2-photos.leclercdrive.fr/image.ashx?id=2890112&use=l&cat=p&typeid=i","cat":284662},{"id":126540,"n":"Citron jaune Eco+  Filet 500g","p":0.99,"u":"1,98 €/KG","img":"https://fd2-photos.leclercdrive.fr/image.ashx?id=2619807&use=l&cat=p&typeid=i","cat":284356},{"id":126548,"n":"Pomelo rose 1p","p":0.75,"img":"https://fd2-photos.leclercdrive.fr/image.ashx?id=1636262&use=l&cat=p&typeid=i","cat":284356},{"id":126570,"n":"Soda Sprite Original  Bouteille  - 1.25L","p":1.23,"u":"0,98 €/L","img":"https://fd2-photos.leclercdrive.fr/image.ashx?id=2796989&use=l&cat=p&typeid=i","cat":284531},{"id":126586,"n":"Tomate cerise Eco+ Barquette 250g","p":0.99,"u":"3,96 €/KG","img":"https://fd2-photos.leclercdrive.fr/image.ashx?id=2968067&use=l&cat=p&typeid=i","cat":284352},{"id":126612,"n":"La Poêlée du Marché Bonduelle 750g","p":3.56,"u":"4,75 €/KG","img":"https://fd2-photos.leclercdrive.fr/image.ashx?id=3008071&use=l&cat=p&typeid=i","cat":319823},{"id":126654,"n":"Fromage de Chèvre Saint Loup  Bûche Affinée - 180g","p":2.17,"u":"12,06 €/KG","img":"https://fd2-photos.leclercdrive.fr/image.ashx?id=2763322&use=l&cat=p&typeid=i","cat":314031},{"id":126655,"n":"Rillettes de thon aux olives  Ronde des Mers - 125g","p":1.58,"u":"12,64 €/KG","img":"https://fd2-photos.leclercdrive.fr/image.ashx?id=2436705&use=l&cat=p&typeid=i","cat":303867},{"id":126658,"n":"Poisson pané Colin Alaska  Findus MSC herbes ail x2 - 225g","p":3.52,"u":"15,64 €/KG","img":"https://fd2-photos.leclercdrive.fr/image.ashx?id=2650699&use=l&cat=p&typeid=i","cat":319788},{"id":126659,"n":"Fromage fondu Eco+ 24 portions - 400g","p":2.45,"u":"6,13 €/KG","img":"https://fd2-photos.leclercdrive.fr/image.ashx?id=2415746&use=l&cat=p&typeid=i","cat":314030},{"id":126697,"n":"Boisson a base de vin blanc Pêche - 75cl","p":3.03,"u":"4,04 €/L","img":"https://fd2-photos.leclercdrive.fr/image.ashx?id=2159133&use=l&cat=p&typeid=i","cat":304569},{"id":126814,"n":"Filet de poulet Le Gaulois Non OGM Cuisson express 280g","p":5.1,"u":"18,21 €/KG","img":"https://fd2-photos.leclercdrive.fr/image.ashx?id=2304716&use=l&cat=p&typeid=i","cat":284336},{"id":126815,"n":"Sauté de poulet Le Gaulois Non OGM - 500g","p":7.13,"u":"14,26 €/KG","img":"https://fd2-photos.leclercdrive.fr/image.ashx?id=2317047&use=l&cat=p&typeid=i","cat":284336},{"id":126816,"n":"Escalope de poulet Le Gaulois 240g","p":5.05,"u":"21,04 €/KG","img":"https://fd2-photos.leclercdrive.fr/image.ashx?id=2304713&use=l&cat=p&typeid=i","cat":284336},{"id":126817,"n":"Filet de poulet extra tendre Le Gaulois - 300g","p":5.25,"u":"17,50 €/KG","img":"https://fd2-photos.leclercdrive.fr/image.ashx?id=2304707&use=l&cat=p&typeid=i","cat":284336},{"id":126836,"n":"Éponge Bébé Ultra-Douce Tigex - 1pièce","p":2.55,"img":"https://fd2-photos.leclercdrive.fr/image.ashx?id=2689841&use=l&cat=p&typeid=i","cat":289435},{"id":126847,"n":"Batonnets Smicy Vanille fraise - x12 - 456g","p":3.65,"u":"8,00 €/KG","img":"https://fd2-photos.leclercdrive.fr/image.ashx?id=2902555&use=l&cat=p&typeid=i","cat":284265},{"id":126848,"n":"Batonnets Smicy Vanille - x12 - 456g","p":4.02,"u":"8,82 €/KG","img":"https://fd2-photos.leclercdrive.fr/image.ashx?id=2068055&use=l&cat=p&typeid=i","cat":284265},{"id":126849,"n":"Batonnets Smicy Vanille chocolat - x12 - 456g","p":3.53,"u":"7,74 €/KG","img":"https://fd2-photos.leclercdrive.fr/image.ashx?id=2902558&use=l&cat=p&typeid=i","cat":284265},{"id":126851,"n":"Batonnets Smicy Chocolat - x12 - 456g","p":3.99,"u":"8,75 €/KG","img":"https://fd2-photos.leclercdrive.fr/image.ashx?id=2068058&use=l&cat=p&typeid=i","cat":284265},{"id":126958,"n":"Kiwi vert 1p","p":0.55,"img":"https://fd2-photos.leclercdrive.fr/image.ashx?id=2077670&use=l&cat=p&typeid=i","cat":284356},{"id":126960,"n":"Cheeseburgers Côté Croc x6 - 780g","p":6.29,"u":"8,06 €/KG","img":"https://fd2-photos.leclercdrive.fr/image.ashx?id=2077373&use=l&cat=p&typeid=i","cat":319822},{"id":126974,"n":"Café moulu bio Bio Village Mexique - 250g","p":4.95,"u":"19,80 €/KG","img":"https://fd2-photos.leclercdrive.fr/image.ashx?id=2468882&use=l&cat=p&typeid=i","cat":284750},{"id":126987,"n":"Avocats Eco+ Filet x3","p":1.99,"u":"0,66 €/P","img":"https://fd2-photos.leclercdrive.fr/image.ashx?id=2373009&use=l&cat=p&typeid=i","cat":284352},{"id":126990,"n":"Carottes Eco+ Sachet de 2kg","p":1.89,"u":"0,95 €/KG","img":"https://fd2-photos.leclercdrive.fr/image.ashx?id=2922376&use=l&cat=p&typeid=i","cat":284352},{"id":127021,"n":"Chou blanc 1p","p":2.4,"img":"https://fd2-photos.leclercdrive.fr/image.ashx?id=560849&use=l&cat=p&typeid=i","cat":284352},{"id":127070,"n":"Gâteau de riz Yabon Caramel - 420g","p":2.44,"u":"5,81 €/KG","img":"https://fd2-photos.leclercdrive.fr/image.ashx?id=2644821&use=l&cat=p&typeid=i","cat":284506},{"id":127215,"n":"Litière chats Tranquille Cristaux fins - 3.7L","p":6.13,"u":"1,66 €/L","img":"https://fd2-photos.leclercdrive.fr/image.ashx?id=1934850&use=l&cat=p&typeid=i","cat":284683},{"id":127230,"n":"Bière blonde Duchesse Anne Triple hops - 6x25cl","p":5.96,"u":"3,97 €/L","img":"https://fd2-photos.leclercdrive.fr/image.ashx?id=1913751&use=l&cat=p&typeid=i","cat":334872},{"id":127231,"n":"Bière triple bio Lancelot 6x25cl","p":6.51,"u":"4,34 €/L","img":"https://fd2-photos.leclercdrive.fr/image.ashx?id=2230600&use=l&cat=p&typeid=i","cat":334872},{"id":127232,"n":"Bière Morgane Nuit rousse bio - 6x25cl","p":5.65,"u":"3,77 €/L","img":"https://fd2-photos.leclercdrive.fr/image.ashx?id=1946441&use=l&cat=p&typeid=i","cat":334878},{"id":127233,"n":"Bière Morgane Nuit blanche bio - 6x25cl","p":5.81,"u":"3,87 €/L","img":"https://fd2-photos.leclercdrive.fr/image.ashx?id=2009645&use=l&cat=p&typeid=i","cat":334878},{"id":127366,"n":"Pommes de terre Findus Croustine - 420g","p":1.75,"u":"4,17 €/KG","img":"https://fd2-photos.leclercdrive.fr/image.ashx?id=3008755&use=l&cat=p&typeid=i","cat":319792},{"id":127401,"n":"Préservatifs Orgasm'Intense Perlés et Nervurés Durex x10","p":8.02,"u":"0,80 €/P","img":"https://fd2-photos.leclercdrive.fr/image.ashx?id=2962023&use=l&cat=p&typeid=i","cat":284631},{"id":127475,"n":"Lait bébé en poudre Blédilait croissance 1-3 ans 900g","p":10.55,"u":"11,72 €/KG","img":"https://fd2-photos.leclercdrive.fr/image.ashx?id=2848587&use=l&cat=p&typeid=i","cat":290219},{"id":127552,"n":"Tofu fumé Céréal Bio Bio - 200g","p":2.62,"u":"13,10 €/KG","img":"https://fd2-photos.leclercdrive.fr/image.ashx?id=2890097&use=l&cat=p&typeid=i","cat":316036},{"id":127556,"n":"Litière chats Tranquille Cristale charbon actif - 4L","p":5.99,"u":"1,50 €/L","img":"https://fd2-photos.leclercdrive.fr/image.ashx?id=2421874&use=l&cat=p&typeid=i","cat":284683},{"id":128820,"n":"Galette Trégalette Blé noir bio - 4x60g","p":3.18,"u":"13,25 €/KG","img":"https://fd2-photos.leclercdrive.fr/image.ashx?id=2469704&use=l&cat=p&typeid=i","cat":333672},{"id":128821,"n":"Galette Trégalette Jambon fromage  - 220g","p":3.3,"u":"15,00 €/KG","img":"https://fd2-photos.leclercdrive.fr/image.ashx?id=2827953&use=l&cat=p&typeid=i","cat":333672},{"id":128887,"n":"Soda Coca-Cola Verre - 6x250ml","p":5.79,"u":"3,86 €/L","img":"https://fd2-photos.leclercdrive.fr/image.ashx?id=2444465&use=l&cat=p&typeid=i","cat":284530},{"id":129038,"n":"Lait nature Croissance Eveil Bio - 6x1L","p":10.69,"u":"1,78 €/L","img":"https://fd2-photos.leclercdrive.fr/image.ashx?id=1915623&use=l&cat=p&typeid=i","cat":284728},{"id":129049,"n":"Haricots coco bio Jardin Bio Cuisinés - 680g","p":2.72,"u":"4,00 €/KG","img":"https://fd2-photos.leclercdrive.fr/image.ashx?id=2811200&use=l&cat=p&typeid=i","cat":312606},{"id":129050,"n":"Flocons avoine France bio  Terres et Céréales - 1kg","p":3.88,"u":"3,88 €/KG","img":"https://fd2-photos.leclercdrive.fr/image.ashx?id=2467832&use=l&cat=p&typeid=i","cat":309512},{"id":129059,"n":"Epinards Jardin Bio Bio - 630g","p":3.62,"u":"5,75 €/KG","img":"https://fd2-photos.leclercdrive.fr/image.ashx?id=2918928&use=l&cat=p&typeid=i","cat":312612},{"id":129123,"n":"Gel Lubrifiant Perfect Gliss Durex Longue Durée 100ml","p":7.95,"u":"79,50 €/L","img":"https://fd2-photos.leclercdrive.fr/image.ashx?id=2960693&use=l&cat=p&typeid=i","cat":285160},{"id":129136,"n":"Crème dessert Ker Ronan Chocolat - 4x105g","p":1.88,"u":"4,48 €/KG","img":"https://fd2-photos.leclercdrive.fr/image.ashx?id=1989543&use=l&cat=p&typeid=i","cat":285041},{"id":129162,"n":"Boisson énergisante Monster Mango Loco - 50cl","p":1.49,"u":"2,98 €/L","img":"https://fd2-photos.leclercdrive.fr/image.ashx?id=2433443&use=l&cat=p&typeid=i","cat":284533},{"id":129280,"n":"Sel équilibre Cérébos Réduit en Sodium - 350g","p":1.94,"u":"5,54 €/KG","img":"https://fd2-photos.leclercdrive.fr/image.ashx?id=2520132&use=l&cat=p&typeid=i","cat":284457},{"id":129383,"n":"Macédoine de légumes Tout feu tout frais - 500g","p":4.45,"u":"8,90 €/KG","img":"https://fd2-photos.leclercdrive.fr/image.ashx?id=2305883&use=l&cat=p&typeid=i","cat":333657},{"id":129384,"n":"Carottes rapées Tout feu tout frais - 400g","p":3.9,"u":"9,75 €/KG","img":"https://fd2-photos.leclercdrive.fr/image.ashx?id=2305880&use=l&cat=p&typeid=i","cat":333657},{"id":129385,"n":"Salade du pêcheur Tout feu tout frais - 500g","p":6.69,"u":"13,38 €/KG","img":"https://fd2-photos.leclercdrive.fr/image.ashx?id=2305907&use=l&cat=p&typeid=i","cat":333657},{"id":129386,"n":"Piémontaise sans jambon Tout feu tout frais - 500g","p":5.99,"u":"11,98 €/KG","img":"https://fd2-photos.leclercdrive.fr/image.ashx?id=2505963&use=l&cat=p&typeid=i","cat":333657},{"id":129387,"n":"Taboulé Tout feu tout frais  A l'orientale - 500g","p":4.6,"u":"9,20 €/KG","img":"https://fd2-photos.leclercdrive.fr/image.ashx?id=2305889&use=l&cat=p&typeid=i","cat":333657},{"id":129388,"n":"Carottes rapées Tout feu tout frais - 180g","p":2.1,"u":"11,67 €/KG","img":"https://fd2-photos.leclercdrive.fr/image.ashx?id=2800462&use=l&cat=p&typeid=i","cat":333657},{"id":129389,"n":"Salade du pêcheur Tout feu tout frais - 200g","p":3.6,"u":"18,00 €/KG","img":"https://fd2-photos.leclercdrive.fr/image.ashx?id=2800465&use=l&cat=p&typeid=i","cat":333657},{"id":129390,"n":"Piémontaise sans jambon Tout feu tout frais - 200g","p":2.7,"u":"13,50 €/KG","img":"https://fd2-photos.leclercdrive.fr/image.ashx?id=2650075&use=l&cat=p&typeid=i","cat":333657},{"id":129391,"n":"Taboulé Tout feu tout frais  A l'orientale - 200g","p":2.85,"u":"14,25 €/KG","img":"https://fd2-photos.leclercdrive.fr/image.ashx?id=2650072&use=l&cat=p&typeid=i","cat":333657},{"id":129392,"n":"Macédoine de légumes Tout feu tout frais - 200g","p":2.3,"u":"11,50 €/KG","img":"https://fd2-photos.leclercdrive.fr/image.ashx?id=2650078&use=l&cat=p&typeid=i","cat":333657},{"id":129393,"n":"Tablette Chocolat Noir Atelier Myrtille Amandes Noisettes 170g","p":3.39,"u":"19,94 €/KG","img":"https://fd2-photos.leclercdrive.fr/image.ashx?id=2663057&use=l&cat=p&typeid=i","cat":284956},{"id":129395,"n":"Tablette Chocolat Lait Nestlé  L'Atelier Cranberries 170g","p":3.73,"u":"21,94 €/KG","img":"https://fd2-photos.leclercdrive.fr/image.ashx?id=2663051&use=l&cat=p&typeid=i","cat":284497},{"id":129399,"n":"Tablette Chocolat Noir Nestlé L'Atelier Noisettes 170g","p":3.25,"u":"19,12 €/KG","img":"https://fd2-photos.leclercdrive.fr/image.ashx?id=2663063&use=l&cat=p&typeid=i","cat":284956},{"id":129560,"n":"Filets cabillaud MSC 800g","p":11.98,"u":"14,98 €/KG","img":"https://fd2-photos.leclercdrive.fr/image.ashx?id=1983986&use=l&cat=p&typeid=i","cat":319786},{"id":129602,"n":"Lait demi-écrémé Grandlait Candia Bouteille - 6x25cl","p":3.14,"u":"2,09 €/L","img":"https://fd2-photos.leclercdrive.fr/image.ashx?id=2916189&use=l&cat=p&typeid=i","cat":284377},{"id":129618,"n":"Bière blonde Melen Britt 6%vol - 75cl","p":3.1,"u":"4,13 €/L","img":"https://fd2-photos.leclercdrive.fr/image.ashx?id=2030561&use=l&cat=p&typeid=i","cat":334872},{"id":129620,"n":"Bière Ambrée 3 Monts 75cl","p":2.84,"u":"3,79 €/L","img":"https://fd2-photos.leclercdrive.fr/image.ashx?id=2548186&use=l&cat=p&typeid=i","cat":334852},{"id":129630,"n":"Bâtonnets Trium Menthe - x4 - 290g","p":2.81,"u":"9,69 €/KG","img":"https://fd2-photos.leclercdrive.fr/image.ashx?id=2920794&use=l&cat=p&typeid=i","cat":284265},{"id":129635,"n":"Lait brebis demi-écrémé Lactel UHT Bouteille - 6x1l","p":23.69,"u":"3,95 €/L","img":"https://fd2-photos.leclercdrive.fr/image.ashx?id=2876629&use=l&cat=p&typeid=i","cat":295251},{"id":129751,"n":"IGP Cidre bio Kerisac Doux - 75cl","p":3.09,"u":"4,12 €/L","img":"https://fd2-photos.leclercdrive.fr/image.ashx?id=1925012&use=l&cat=p&typeid=i","cat":334880},{"id":129753,"n":"IGP Cidre bio Kerisac Brut - 75cl","p":3.19,"u":"4,25 €/L","img":"https://fd2-photos.leclercdrive.fr/image.ashx?id=1925009&use=l&cat=p&typeid=i","cat":334880},{"id":129807,"n":"Biscuits Biarritz Delacre Noix de coco et Chocolat - 175g","p":3.16,"u":"18,06 €/KG","img":"https://fd2-photos.leclercdrive.fr/image.ashx?id=2867963&use=l&cat=p&typeid=i","cat":284490},{"id":129810,"n":"Bière blonde Affligem Sans alcool - 12x25cl","p":8.34,"u":"2,78 €/L","img":"https://fd2-photos.leclercdrive.fr/image.ashx?id=2672026&use=l&cat=p&typeid=i","cat":334877},{"id":129864,"n":"Crème glacée Ben and Jerry's  Half Baked - 406g","p":3.77,"u":"9,29 €/KG","img":"https://fd2-photos.leclercdrive.fr/image.ashx?id=3011941&use=l&cat=p&typeid=i","cat":284725},{"id":129933,"n":"Beignets Pasquier Pomme x6 - 270g","p":1.7,"u":"6,30 €/KG","img":"https://fd2-photos.leclercdrive.fr/image.ashx?id=2986371&use=l&cat=p&typeid=i","cat":284495},{"id":129934,"n":"Beignets Pasquier Chocolat noisette - x6 - 270g","p":1.74,"u":"6,44 €/KG","img":"https://fd2-photos.leclercdrive.fr/image.ashx?id=2986374&use=l&cat=p&typeid=i","cat":284495},{"id":129935,"n":"Beignets Pasquier Framboise x6 - 270g","p":3.07,"u":"11,37 €/KG","img":"https://fd2-photos.leclercdrive.fr/image.ashx?id=2986377&use=l&cat=p&typeid=i","cat":284495},{"id":129957,"n":"AOP Côtes du Rhône rouge Combes de Saint Sauveur - BIB 3L","p":14.5,"u":"4,83 €/L","img":"https://fd2-photos.leclercdrive.fr/image.ashx?id=2985033&use=l&cat=p&typeid=i","cat":289560},{"id":129958,"n":"IGP Méditerrannée rosé Saint Sagnol 13% vol - 3L","p":14.11,"u":"4,70 €/L","img":"https://fd2-photos.leclercdrive.fr/image.ashx?id=2445106&use=l&cat=p&typeid=i","cat":289558},{"id":129979,"n":"Emmental râpé Éleveurs Bretagne 29%MG - 3x70g","p":2.11,"u":"10,05 €/KG","img":"https://fd2-photos.leclercdrive.fr/image.ashx?id=1945156&use=l&cat=p&typeid=i","cat":314035},{"id":129983,"n":"Crème fraîche Le Gall Fleurette - 50cl","p":3.29,"u":"6,58 €/L","img":"https://fd2-photos.leclercdrive.fr/image.ashx?id=2381012&use=l&cat=p&typeid=i","cat":284381},{"id":129990,"n":"Yaourt au lait entier Malo Saveur framboise - 4x125g","p":1.68,"u":"3,36 €/KG","img":"https://fd2-photos.leclercdrive.fr/image.ashx?id=2908615&use=l&cat=p&typeid=i","cat":286006},{"id":129991,"n":"Yaourt au lait entier Malo Citron - 4x125g","p":1.99,"u":"3,98 €/KG","img":"https://fd2-photos.leclercdrive.fr/image.ashx?id=2908618&use=l&cat=p&typeid=i","cat":286006},{"id":130029,"n":"Jus pur premium Tropicana Ananas citron vert - 90cl","p":3.05,"u":"3,39 €/L","img":"https://fd2-photos.leclercdrive.fr/image.ashx?id=2533532&use=l&cat=p&typeid=i","cat":285435},{"id":130285,"n":"Grissini artigianali Florelli Olives noires - 300g","p":1.99,"u":"6,63 €/KG","img":"https://fd2-photos.leclercdrive.fr/image.ashx?id=2475861&use=l&cat=p&typeid=i","cat":297000},{"id":130297,"n":"Gâche tranchée Bio La boulangère - 400g","p":2.81,"u":"7,03 €/KG","img":"https://fd2-photos.leclercdrive.fr/image.ashx?id=2912428&use=l&cat=p&typeid=i","cat":284478},{"id":130319,"n":"Mini pots Häagen-Dazs  Fruit Collection x4 - 326g","p":4.7,"u":"14,42 €/KG","img":"https://fd2-photos.leclercdrive.fr/image.ashx?id=3000159&use=l&cat=p&typeid=i","cat":284725},{"id":130334,"n":"Lessive liquide bébé Epsil 25 lavages - 1.25L","p":3.88,"u":"3,10 €/L","img":"https://fd2-photos.leclercdrive.fr/image.ashx?id=2838939&use=l&cat=p&typeid=i","cat":284640},{"id":130347,"n":"Bâtonnets Trium Caramel Beurre Salé x4 - 288g","p":2.93,"u":"10,17 €/KG","img":"https://fd2-photos.leclercdrive.fr/image.ashx?id=2920788&use=l&cat=p&typeid=i","cat":284265},{"id":130348,"n":"Bâtonnets Trium chocolat au  Lait biscuit cacaoté x4- 290g","p":2.99,"u":"10,31 €/KG","img":"https://fd2-photos.leclercdrive.fr/image.ashx?id=2791341&use=l&cat=p&typeid=i","cat":284265},{"id":130357,"n":"Lait Sans Lactose Candia  Bouteille 1%MG - 6x1L","p":9.46,"u":"1,58 €/L","img":"https://fd2-photos.leclercdrive.fr/image.ashx?id=2481357&use=l&cat=p&typeid=i","cat":317169},{"id":130416,"n":"IGP Cidre Réserve brut Kerisac Pur Jus. - 75cl","p":3.01,"u":"4,01 €/L","img":"https://fd2-photos.leclercdrive.fr/image.ashx?id=2600689&use=l&cat=p&typeid=i","cat":334880},{"id":130461,"n":"Bière blonde sans alcool 1664 0,0° - 6x25cl","p":3.69,"u":"2,46 €/L","img":"https://fd2-photos.leclercdrive.fr/image.ashx?id=2120656&use=l&cat=p&typeid=i","cat":334877},{"id":130571,"n":"Shampooing bio  I Love Bio SOS cheveux sec - 200ml","p":4.86,"u":"24,30 €/L","img":"https://fd2-photos.leclercdrive.fr/image.ashx?id=2494788&use=l&cat=p&typeid=i","cat":284606},{"id":130618,"n":"Shampooing bio I Love Bio Anti-pellicules - 250ml","p":4.67,"u":"18,68 €/L","img":"https://fd2-photos.leclercdrive.fr/image.ashx?id=2225156&use=l&cat=p&typeid=i","cat":284606},{"id":130667,"n":"Rôti de porc Fleury Michon Sans nitrite - x4 - 160g","p":2.59,"u":"16,19 €/KG","img":"https://fd2-photos.leclercdrive.fr/image.ashx?id=2320977&use=l&cat=p&typeid=i","cat":316009},{"id":130701,"n":"Colle multi-usages Sans solvant - 55ml","p":2.7,"u":"49,09 €/L","img":"https://fd2-photos.leclercdrive.fr/image.ashx?id=2162213&use=l&cat=p&typeid=i","cat":300576},{"id":130747,"n":"Kit Tortilla Pocket Old El Paso doux - 375g","p":5.62,"u":"14,99 €/KG","img":"https://fd2-photos.leclercdrive.fr/image.ashx?id=2759514&use=l&cat=p&typeid=i","cat":288993},{"id":130755,"n":"Maquereau Moutarde PETIT NAVIRE Moutarde sans arome ajouté 169g","p":1.95,"u":"11,54 €/KG","img":"https://fd2-photos.leclercdrive.fr/image.ashx?id=2989060&use=l&cat=p&typeid=i","cat":303868},{"id":130759,"n":"Barres Nakd Cacahuètes Raw   Barres de Fruits & Noix 4x35g","p":2.64,"u":"18,86 €/KG","img":"https://fd2-photos.leclercdrive.fr/image.ashx?id=3005251&use=l&cat=p&typeid=i","cat":285869},{"id":130776,"n":"Confiture  Bonne Maman Fraise framboise intenses 335g","p":2.09,"u":"6,24 €/KG","img":"https://fd2-photos.leclercdrive.fr/image.ashx?id=2396378&use=l&cat=p&typeid=i","cat":284480},{"id":130777,"n":"Arrangé Héritage Charrette Le Vanille 40% vol - 70cl","p":20.5,"u":"29,29 €/L","img":"https://fd2-photos.leclercdrive.fr/image.ashx?id=2306225&use=l&cat=p&typeid=i","cat":284551},{"id":130786,"n":"Crème de marron Roger Descours 500g","p":2.55,"u":"5,10 €/KG","img":"https://fd2-photos.leclercdrive.fr/image.ashx?id=1989159&use=l&cat=p&typeid=i","cat":284481},{"id":130788,"n":"Tablette chocolat au lait Eco+ Ménage - 5x100g","p":3.49,"u":"6,98 €/KG","img":"https://fd2-photos.leclercdrive.fr/image.ashx?id=2746778&use=l&cat=p&typeid=i","cat":284497},{"id":130789,"n":"Préparation Gâteau alsa Moelleux Nature - 435g","p":2.19,"u":"5,03 €/KG","img":"https://fd2-photos.leclercdrive.fr/image.ashx?id=2996431&use=l&cat=p&typeid=i","cat":284505},{"id":130790,"n":"Préparation Gâteau alsa Moelleux Chocolat - 435g","p":2.19,"u":"5,03 €/KG","img":"https://fd2-photos.leclercdrive.fr/image.ashx?id=2996434&use=l&cat=p&typeid=i","cat":284505},{"id":130804,"n":"Préparation Gâteau alsa Fondant au Chocolat - 435g","p":2.49,"u":"7,78 €/KG","img":"https://fd2-photos.leclercdrive.fr/image.ashx?id=2996437&use=l&cat=p&typeid=i","cat":284505},{"id":130805,"n":"Nappage Sainte Lucie Chocolat - 200g","p":3.11,"u":"15,55 €/KG","img":"https://fd2-photos.leclercdrive.fr/image.ashx?id=2776121&use=l&cat=p&typeid=i","cat":284504},{"id":130806,"n":"Nappage Sainte Lucie Caramel beurre salé - 180g","p":3.89,"u":"21,61 €/KG","img":"https://fd2-photos.leclercdrive.fr/image.ashx?id=2144098&use=l&cat=p&typeid=i","cat":284504},{"id":130810,"n":"Brosse à dents Signal Eclat souple - 1 pièce","p":2.24,"img":"https://fd2-photos.leclercdrive.fr/image.ashx?id=2769822&use=l&cat=p&typeid=i","cat":284614},{"id":130811,"n":"Brosse à Dents Signal Système Blancheur Medium x1","p":2.25,"img":"https://fd2-photos.leclercdrive.fr/image.ashx?id=2832539&use=l&cat=p&typeid=i","cat":284614},{"id":130812,"n":"Brosse à Dents Signal Ultra Access Medium x1","p":2.5,"img":"https://fd2-photos.leclercdrive.fr/image.ashx?id=3009263&use=l&cat=p&typeid=i","cat":284614},{"id":130816,"n":"Dentifrice Zendium Protection complète - 75ml","p":2.34,"img":"https://fd2-photos.leclercdrive.fr/image.ashx?id=2927711&use=l&cat=p&typeid=i","cat":284612},{"id":130857,"n":"Truite fumée de france Ovive 100g","p":3.32,"u":"33,20 €/KG","img":"https://fd2-photos.leclercdrive.fr/image.ashx?id=2902061&use=l&cat=p&typeid=i","cat":285188},{"id":130884,"n":"Coquilles St Jacques Maréval A la bretonne - 440g","p":9.83,"pp":6.49,"u":"14,75 €/KG","img":"https://fd2-photos.leclercdrive.fr/image.ashx?id=2649127&use=l&cat=p&typeid=i","cat":319787},{"id":130918,"n":"Lait bébé poudre Guigoz Evolia  2ème âge - 6-12 mois - 800g","p":14.31,"u":"17,89 €/KG","img":"https://fd2-photos.leclercdrive.fr/image.ashx?id=2737111&use=l&cat=p&typeid=i","cat":284727},{"id":130923,"n":"Jambon cuit supérieur Torchon 6 tranches - 300g","p":5.7,"u":"19,00 €/KG","img":"https://fd2-photos.leclercdrive.fr/image.ashx?id=1949798&use=l&cat=p&typeid=i","cat":316009},{"id":131388,"n":"Capsules Starbucks by Nespresso  Colombia Int 7 - x10","p":3.22,"u":"56,49 €/KG","img":"https://fd2-photos.leclercdrive.fr/image.ashx?id=2868152&use=l&cat=p&typeid=i","cat":284749},{"id":131424,"n":"Capsules Starbucks by Nespresso  Blonde Espresso Int 6 - x10","p":3.22,"u":"60,75 €/KG","img":"https://fd2-photos.leclercdrive.fr/image.ashx?id=2868146&use=l&cat=p&typeid=i","cat":284749},{"id":131426,"n":"Capsules Starbucks by Nespresso  Espresso Roast Int 11 - x10","p":3.22,"u":"56,49 €/KG","img":"https://fd2-photos.leclercdrive.fr/image.ashx?id=2868149&use=l&cat=p&typeid=i","cat":284749},{"id":131431,"n":"Café Capsules by DOLCE GUSTO Starbucks Caramel Macchiato 2x6","p":4.39,"u":"34,57 €/KG","img":"https://fd2-photos.leclercdrive.fr/image.ashx?id=2966785&use=l&cat=p&typeid=i","cat":293239},{"id":131680,"n":"Yaourt framboise Ker Ronan Au lait entier - 4x125g","p":2.33,"u":"4,66 €/KG","img":"https://fd2-photos.leclercdrive.fr/image.ashx?id=1989534&use=l&cat=p&typeid=i","cat":286006},{"id":131692,"n":"Croquettes chien Exelians Adulte - 3kg","p":12.3,"u":"4,10 €/KG","img":"https://fd2-photos.leclercdrive.fr/image.ashx?id=1947850&use=l&cat=p&typeid=i","cat":284672},{"id":131693,"n":"Croquettes chien Exelians Adulte - 12kg","p":40.85,"u":"3,40 €/KG","img":"https://fd2-photos.leclercdrive.fr/image.ashx?id=1947847&use=l&cat=p&typeid=i","cat":284672},{"id":131694,"n":"Croquette chiot Exelians 3kg","p":13.3,"u":"4,43 €/KG","img":"https://fd2-photos.leclercdrive.fr/image.ashx?id=1947844&use=l&cat=p&typeid=i","cat":294526},{"id":131695,"n":"Croquettes chien mini Exelians 3kg","p":12.3,"u":"4,10 €/KG","img":"https://fd2-photos.leclercdrive.fr/image.ashx?id=1947841&use=l&cat=p&typeid=i","cat":294526},{"id":131696,"n":"Croquettes chien Exelians Senior - 3kg","p":12.3,"u":"4,10 €/KG","img":"https://fd2-photos.leclercdrive.fr/image.ashx?id=1947838&use=l&cat=p&typeid=i","cat":284672},{"id":131697,"n":"Croquettes chat Exelians Stérilisé - poisson - 2kg","p":10.15,"u":"5,08 €/KG","img":"https://fd2-photos.leclercdrive.fr/image.ashx?id=1947832&use=l&cat=p&typeid=i","cat":284680},{"id":131698,"n":"Croquettes chat Exelians Adulte - 2kg","p":10.15,"u":"5,08 €/KG","img":"https://fd2-photos.leclercdrive.fr/image.ashx?id=1947835&use=l&cat=p&typeid=i","cat":284680},{"id":131767,"n":"Bonbons sans sucres Ricola Orange Menthe - 50g","p":1.53,"u":"30,60 €/KG","img":"https://fd2-photos.leclercdrive.fr/image.ashx?id=2382219&use=l&cat=p&typeid=i","cat":304256},{"id":131768,"n":"Bonbons sans sucres Ricola Menthe pomme - 50g","p":1.56,"u":"31,20 €/KG","img":"https://fd2-photos.leclercdrive.fr/image.ashx?id=2382995&use=l&cat=p&typeid=i","cat":304256},{"id":131777,"n":"Ananas en morceaux Eco+ Sirop léger - 340 g","p":1.01,"u":"2,81 €/KG","img":"https://fd2-photos.leclercdrive.fr/image.ashx?id=2655574&use=l&cat=p&typeid=i","cat":284507},{"id":131782,"n":"Abricots demi-fruits Eco+ Sirop léger - 475 g","p":1.79,"u":"3,77 €/KG","img":"https://fd2-photos.leclercdrive.fr/image.ashx?id=1942512&use=l&cat=p&typeid=i","cat":284507},{"id":131786,"n":"Café Dolce Gusto Plantation Décaféiné N°5 - x16 - 106g","p":3.39,"u":"31,98 €/KG","img":"https://fd2-photos.leclercdrive.fr/image.ashx?id=2649741&use=l&cat=p&typeid=i","cat":293239},{"id":131790,"n":"Barres céréales Eco+ Chocolat & cacahuètes x6 - 126g","p":0.71,"u":"5,63 €/KG","img":"https://fd2-photos.leclercdrive.fr/image.ashx?id=2791209&use=l&cat=p&typeid=i","cat":285869},{"id":131794,"n":"Betteraves rouges 3x130g","p":1.79,"u":"4,59 €/KG","img":"https://fd2-photos.leclercdrive.fr/image.ashx?id=2537848&use=l&cat=p&typeid=i","cat":312611},{"id":131800,"n":"Céréales boules de mais Eco + Au miel - 750g","p":2.25,"u":"3,00 €/KG","img":"https://fd2-photos.leclercdrive.fr/image.ashx?id=2765828&use=l&cat=p&typeid=i","cat":309513},{"id":131802,"n":"Boules céréales miel P'tit Déli 400g","p":2.33,"u":"5,83 €/KG","img":"https://fd2-photos.leclercdrive.fr/image.ashx?id=2907090&use=l&cat=p&typeid=i","cat":309513},{"id":131806,"n":"Céréales fourrées P'tit Déli Chocolat au lait - 450g","p":2.45,"u":"5,44 €/KG","img":"https://fd2-photos.leclercdrive.fr/image.ashx?id=2835211&use=l&cat=p&typeid=i","cat":309513},{"id":131809,"n":"Chocolat noir dégustation 100g","p":1.0,"u":"10,00 €/KG","img":"https://fd2-photos.leclercdrive.fr/image.ashx?id=2858375&use=l&cat=p&typeid=i","cat":284956},{"id":131811,"n":"Chicorée café Eco+ Soluble - 200g","p":2.06,"u":"10,30 €/KG","img":"https://fd2-photos.leclercdrive.fr/image.ashx?id=2494302&use=l&cat=p&typeid=i","cat":284843},{"id":131813,"n":"Chocolat noir dégust 99% cacao 80g","p":2.89,"u":"36,13 €/KG","img":"https://fd2-photos.leclercdrive.fr/image.ashx?id=2441733&use=l&cat=p&typeid=i","cat":284956},{"id":131818,"n":"Céréales Corn Flakes Eco+ Nature - 750g","p":1.9,"u":"2,53 €/KG","img":"https://fd2-photos.leclercdrive.fr/image.ashx?id=2289669&use=l&cat=p&typeid=i","cat":309513},{"id":131820,"n":"Corn Flackes sucrés 400g","p":1.74,"u":"4,35 €/KG","img":"https://fd2-photos.leclercdrive.fr/image.ashx?id=2688764&use=l&cat=p&typeid=i","cat":309513},{"id":131821,"n":"Croissants Eco+ x10 - 400g","p":1.45,"u":"3,63 €/KG","img":"https://fd2-photos.leclercdrive.fr/image.ashx?id=2922914&use=l&cat=p&typeid=i","cat":296366},{"id":131822,"n":"Delicioso format familial x10 - 350g","p":2.52,"u":"7,20 €/KG","img":"https://fd2-photos.leclercdrive.fr/image.ashx?id=1942584&use=l&cat=p&typeid=i","cat":284495},{"id":131824,"n":"Marshmallows 200g","p":0.79,"u":"3,95 €/KG","img":"https://fd2-photos.leclercdrive.fr/image.ashx?id=2761289&use=l&cat=p&typeid=i","cat":304250},{"id":131825,"n":"Mais croquant Eco+ 3x140g","p":1.66,"u":"3,95 €/KG","img":"https://fd2-photos.leclercdrive.fr/image.ashx?id=2874675&use=l&cat=p&typeid=i","cat":312611},{"id":131826,"n":"Miettes thon à la tomate Eco + 160g","p":0.77,"u":"4,81 €/KG","img":"https://fd2-photos.leclercdrive.fr/image.ashx?id=2751856&use=l&cat=p&typeid=i","cat":303867},{"id":131827,"n":"Mouliné aux 8 légumes Eco+ 1L","p":0.9,"u":"0,90 €/L","img":"https://fd2-photos.leclercdrive.fr/image.ashx?id=2768451&use=l&cat=p&typeid=i","cat":284462},{"id":131832,"n":"Olives vertes dénoyautées 490g","p":2.52,"u":"5,14 €/KG","img":"https://fd2-photos.leclercdrive.fr/image.ashx?id=1942575&use=l&cat=p&typeid=i","cat":284458},{"id":131836,"n":"Pêches demi-fruits Eco+ Sirop léger - 465 g","p":1.4,"u":"3,01 €/KG","img":"https://fd2-photos.leclercdrive.fr/image.ashx?id=2655571&use=l&cat=p&typeid=i","cat":284507},{"id":131855,"n":"Saucisses fumées lentilles 840g","p":1.75,"u":"2,08 €/KG","img":"https://fd2-photos.leclercdrive.fr/image.ashx?id=2664569&use=l&cat=p&typeid=i","cat":312609},{"id":131868,"n":"Tartines céréales La Boulangère - 450g","p":2.05,"u":"4,56 €/KG","img":"https://fd2-photos.leclercdrive.fr/image.ashx?id=2912410&use=l&cat=p&typeid=i","cat":284477},{"id":131939,"n":"Brosse à dents classique Signal","p":2.42,"img":"https://fd2-photos.leclercdrive.fr/image.ashx?id=2082690&use=l&cat=p&typeid=i","cat":284614},{"id":132067,"n":"Mayonnaise Rustica 830g","p":3.59,"u":"4,33 €/KG","img":"https://fd2-photos.leclercdrive.fr/image.ashx?id=2994827&use=l&cat=p&typeid=i","cat":298295},{"id":132087,"n":"Fromage de Brebis Les Croisés - Tranche - 100g","p":1.29,"u":"12,90 €/KG","img":"https://fd2-photos.leclercdrive.fr/image.ashx?id=2655716&use=l&cat=p&typeid=i","cat":314031},{"id":132088,"n":"Sauce Barilla Tomates Cuisinées - 400g","p":1.65,"u":"4,13 €/KG","img":"https://fd2-photos.leclercdrive.fr/image.ashx?id=2832527&use=l&cat=p&typeid=i","cat":287599},{"id":132109,"n":"Batonnets de glace Nuii Mangue d'Inde et Noix de Coco  x4","p":4.49,"u":"15,70 €/KG","img":"https://fd2-photos.leclercdrive.fr/image.ashx?id=2506825&use=l&cat=p&typeid=i","cat":284265},{"id":132153,"n":"Bâtonnets Trium Cacahuètes x4 - 306g","p":3.52,"u":"11,50 €/KG","img":"https://fd2-photos.leclercdrive.fr/image.ashx?id=2920785&use=l&cat=p&typeid=i","cat":284265},{"id":132154,"n":"Bâtonnets Trium Trois chocolats x4 - 282g","p":3.29,"u":"11,54 €/KG","img":"https://fd2-photos.leclercdrive.fr/image.ashx?id=2920800&use=l&cat=p&typeid=i","cat":284265},{"id":132165,"n":"Sorbet Eskiss Citron jaune - 650g","p":2.41,"u":"3,71 €/KG","img":"https://fd2-photos.leclercdrive.fr/image.ashx?id=2982664&use=l&cat=p&typeid=i","cat":284263},{"id":132167,"n":"Bac Eskiss Sorbet Framboise - 650g","p":4.01,"u":"6,17 €/KG","img":"https://fd2-photos.leclercdrive.fr/image.ashx?id=2077364&use=l&cat=p&typeid=i","cat":284263},{"id":132177,"n":"Petits pots bébé P'TITE RECETTE Curry de Poisson 12M+ - 2x200g","p":2.19,"u":"5,48 €/KG","img":"https://fd2-photos.leclercdrive.fr/image.ashx?id=2527118&use=l&cat=p&typeid=i","cat":312237},{"id":132180,"n":"Petits pots bébé P'TITE RECETTE Tajine de poulet 12M+ - 2x200g","p":2.23,"u":"5,58 €/KG","img":"https://fd2-photos.leclercdrive.fr/image.ashx?id=2525720&use=l&cat=p&typeid=i","cat":312237},{"id":132192,"n":"Donut fourré choco St Michel x6 - 180g","p":1.92,"u":"10,67 €/KG","img":"https://fd2-photos.leclercdrive.fr/image.ashx?id=2949961&use=l&cat=p&typeid=i","cat":284495},{"id":132234,"n":"Flocons d'avoine Grainea 500g","p":0.84,"u":"1,68 €/KG","img":"https://fd2-photos.leclercdrive.fr/image.ashx?id=2919655&use=l&cat=p&typeid=i","cat":309512},{"id":132239,"n":"Barre de céréales Nature Valley Crunchy avoine miel x10 -420g","p":4.01,"u":"9,55 €/KG","img":"https://fd2-photos.leclercdrive.fr/image.ashx?id=2612814&use=l&cat=p&typeid=i","cat":285869},{"id":132285,"n":"Feta grecque AOP Les Croisés - Tranche - 150g","p":1.84,"u":"12,27 €/KG","img":"https://fd2-photos.leclercdrive.fr/image.ashx?id=2688312&use=l&cat=p&typeid=i","cat":314026},{"id":132290,"n":"Huile d'Olive Carapelli Extra Vierge Classico - 75cl","p":10.75,"u":"14,33 €/L","img":"https://fd2-photos.leclercdrive.fr/image.ashx?id=2737480&use=l&cat=p&typeid=i","cat":284453},{"id":132330,"n":"Ail semoule Eco + 54g","p":0.79,"u":"14,63 €/KG","img":"https://fd2-photos.leclercdrive.fr/image.ashx?id=2717249&use=l&cat=p&typeid=i","cat":298297},{"id":132342,"n":"Tablette de chocolat Eco+ Blanc - 4x100g","p":3.67,"u":"9,18 €/KG","img":"https://fd2-photos.leclercdrive.fr/image.ashx?id=2661927&use=l&cat=p&typeid=i","cat":284957},{"id":132348,"n":"Delir' Pik Haribo Sachet bonbons acidulés - 275g","p":1.85,"u":"6,73 €/KG","img":"https://fd2-photos.leclercdrive.fr/image.ashx?id=2984904&use=l&cat=p&typeid=i","cat":304250},{"id":132368,"n":"Repas bébé Blédichef 15 mois Pâtes sauce tomate jambon -250g","p":1.85,"u":"7,40 €/KG","img":"https://fd2-photos.leclercdrive.fr/image.ashx?id=2643743&use=l&cat=p&typeid=i","cat":312238},{"id":132369,"n":"Repas bébé Blédichef 24 mois  Pâtes légumes cabillaud - 250g","p":1.93,"u":"7,72 €/KG","img":"https://fd2-photos.leclercdrive.fr/image.ashx?id=2644725&use=l&cat=p&typeid=i","cat":312238},{"id":132382,"n":"Sardines à la tomate Eco+ 3x125g","p":1.93,"u":"5,15 €/KG","img":"https://fd2-photos.leclercdrive.fr/image.ashx?id=2694073&use=l&cat=p&typeid=i","cat":305146},{"id":132392,"n":"Gratte éponge Spontex Longue durée - x3","p":1.89,"u":"0,63 €/P","img":"https://fd2-photos.leclercdrive.fr/image.ashx?id=2973072&use=l&cat=p&typeid=i","cat":284667},{"id":132393,"n":"Lait croissance Guigoz Optipro En poudre - dès 18 mois - 900g","p":10.39,"u":"11,54 €/KG","img":"https://fd2-photos.leclercdrive.fr/image.ashx?id=2517589&use=l&cat=p&typeid=i","cat":290219},{"id":132446,"n":"Serviettes ultra normal Tadam Dermo-sensitives bio - x14","p":2.65,"img":"https://fd2-photos.leclercdrive.fr/image.ashx?id=2754752&use=l&cat=p&typeid=i","cat":284624},{"id":132581,"n":"Céréales soufflé P'tit Déli Au chocolat - 400g","p":2.37,"u":"5,93 €/KG","img":"https://fd2-photos.leclercdrive.fr/image.ashx?id=2811875&use=l&cat=p&typeid=i","cat":309513},{"id":132585,"n":"Skyr Yoplait  Nature 0%Mg - 4x100g","p":1.89,"u":"4,73 €/KG","img":"https://fd2-photos.leclercdrive.fr/image.ashx?id=2884435&use=l&cat=p&typeid=i","cat":315000},{"id":132594,"n":"Cheeseburgers Eco+ Surgelés x6 - 750g","p":4.36,"u":"5,81 €/KG","img":"https://fd2-photos.leclercdrive.fr/image.ashx?id=2765698&use=l&cat=p&typeid=i","cat":319822},{"id":132601,"n":"Fan of Pik Haribo  Sachet bonbons acidulés - 200g","p":1.81,"u":"9,05 €/KG","img":"https://fd2-photos.leclercdrive.fr/image.ashx?id=2789766&use=l&cat=p&typeid=i","cat":304250},{"id":132602,"n":"Bandz Pik Haribo Sachet bonbons acidulés - 200g","p":1.64,"u":"8,20 €/KG","img":"https://fd2-photos.leclercdrive.fr/image.ashx?id=2982417&use=l&cat=p&typeid=i","cat":304250},{"id":132625,"n":"Batônnets Trium Vanille Fruits rouge x4 - 286g","p":2.64,"u":"9,23 €/KG","img":"https://fd2-photos.leclercdrive.fr/image.ashx?id=2920782&use=l&cat=p&typeid=i","cat":284265},{"id":132629,"n":"Pétales de blé P'tit Déli Au chocolat - 400g","p":2.17,"u":"5,43 €/KG","img":"https://fd2-photos.leclercdrive.fr/image.ashx?id=2765846&use=l&cat=p&typeid=i","cat":309513},{"id":132630,"n":"Sorbet Eskiss Pomme - 650g","p":2.49,"u":"3,83 €/KG","img":"https://fd2-photos.leclercdrive.fr/image.ashx?id=2982670&use=l&cat=p&typeid=i","cat":284263},{"id":132631,"n":"Sorbet Eskiss Poire - 650g","p":2.12,"u":"3,26 €/KG","img":"https://fd2-photos.leclercdrive.fr/image.ashx?id=2983826&use=l&cat=p&typeid=i","cat":284263},{"id":132633,"n":"Bac sorbet Eskiss Citron vert - 650g","p":2.61,"u":"4,02 €/KG","img":"https://fd2-photos.leclercdrive.fr/image.ashx?id=2983829&use=l&cat=p&typeid=i","cat":284263},{"id":132636,"n":"Bac parfum chocolat Eco+ 500g","p":1.33,"u":"2,66 €/KG","img":"https://fd2-photos.leclercdrive.fr/image.ashx?id=2726488&use=l&cat=p&typeid=i","cat":284263},{"id":132637,"n":"Batonnets Eco + Vanille chocolat - x16 - 536g","p":2.19,"u":"4,09 €/KG","img":"https://fd2-photos.leclercdrive.fr/image.ashx?id=2768077&use=l&cat=p&typeid=i","cat":284265},{"id":132638,"n":"Batonnet Trium Vanille fruit exotique x4  294g","p":2.65,"u":"9,01 €/KG","img":"https://fd2-photos.leclercdrive.fr/image.ashx?id=2911699&use=l&cat=p&typeid=i","cat":284265},{"id":132640,"n":"Batonnets Trium Citron meringue - x4 - 280g","p":2.85,"u":"10,18 €/KG","img":"https://fd2-photos.leclercdrive.fr/image.ashx?id=2911702&use=l&cat=p&typeid=i","cat":284265},{"id":132641,"n":"Mini batonnets Trium Vanille - x8 - 288g","p":2.78,"u":"9,65 €/KG","img":"https://fd2-photos.leclercdrive.fr/image.ashx?id=2920797&use=l&cat=p&typeid=i","cat":284265},{"id":132780,"n":"AOP Champagne Lanson Brut Le Black Label - 12.5%vol 75cl","p":32.99,"u":"43,99 €/L","img":"https://fd2-photos.leclercdrive.fr/image.ashx?id=2914453&use=l&cat=p&typeid=i","cat":284542},{"id":132795,"n":"Désinfectant Sanytol 150ml","p":3.72,"u":"24,80 €/L","img":"https://fd2-photos.leclercdrive.fr/image.ashx?id=2785412&use=l&cat=p&typeid=i","cat":285201},{"id":132808,"n":"Skyr Yoplait  Lit Fruits Rouges 0%Mg - 4x100g","p":2.09,"u":"5,23 €/KG","img":"https://fd2-photos.leclercdrive.fr/image.ashx?id=2884438&use=l&cat=p&typeid=i","cat":315000},{"id":132811,"n":"Skyr Yoplait  Sur Lit Myrtilles 0%MG - 4x100G","p":1.93,"u":"4,83 €/KG","img":"https://fd2-photos.leclercdrive.fr/image.ashx?id=2884441&use=l&cat=p&typeid=i","cat":315000},{"id":132812,"n":"Bière blonde Grimbergen Sans alcool 0,0° - 6x25cl","p":4.89,"u":"3,26 €/L","img":"https://fd2-photos.leclercdrive.fr/image.ashx?id=2334515&use=l&cat=p&typeid=i","cat":334877},{"id":132815,"n":"Skyr Yoplait  Sur Lit Citron 0%MG - 4x100g","p":1.89,"u":"4,73 €/KG","img":"https://fd2-photos.leclercdrive.fr/image.ashx?id=2317780&use=l&cat=p&typeid=i","cat":315000},{"id":132921,"n":"Soin Jour Le Petit Olivier A l'huile d'olive - 50ml","p":7.32,"u":"146,40 €/L","img":"https://fd2-photos.leclercdrive.fr/image.ashx?id=1951712&use=l&cat=p&typeid=i","cat":325345},{"id":132924,"n":"Crème mains Le Petit Olivier Karité - 75ml","p":3.32,"u":"44,27 €/L","img":"https://fd2-photos.leclercdrive.fr/image.ashx?id=1951721&use=l&cat=p&typeid=i","cat":325354},{"id":132935,"n":"AOP Côtes du Roussillon Village rouge La Racine Carrée - 75cl","p":16.59,"u":"22,12 €/L","img":"https://fd2-photos.leclercdrive.fr/image.ashx?id=1950080&use=l&cat=p&typeid=i","cat":289556},{"id":132994,"n":"Baume nourrissant bio N.A.E. Nuit - 50ml","p":10.8,"u":"216,00 €/L","img":"https://fd2-photos.leclercdrive.fr/image.ashx?id=1954457&use=l&cat=p&typeid=i","cat":325345},{"id":133044,"n":"Lessive laine & soie Epsil 25 lavages - 1.25L","p":2.54,"u":"2,03 €/L","img":"https://fd2-photos.leclercdrive.fr/image.ashx?id=2842319&use=l&cat=p&typeid=i","cat":284640},{"id":133063,"n":"Baume détente bio So Bio Etic Sommeil - 40ml","p":8.09,"u":"202,25 €/L","img":"https://fd2-photos.leclercdrive.fr/image.ashx?id=2644229&use=l&cat=p&typeid=i","cat":284630},{"id":133071,"n":"Contour yeux bio So Bio Etic Précieux Argan -15ml","p":11.33,"u":"755,33 €/L","img":"https://fd2-photos.leclercdrive.fr/image.ashx?id=2644244&use=l&cat=p&typeid=i","cat":325345},{"id":133121,"n":"Poisson Pané Colin Alaska Findus Céréales graines - 250g","p":2.77,"u":"11,08 €/KG","img":"https://fd2-photos.leclercdrive.fr/image.ashx?id=3008764&use=l&cat=p&typeid=i","cat":319788},{"id":133173,"n":"IGP Pays d'Oc blanc Ormes De Cambras Sauvignon 12% 75cl","p":3.0,"u":"4,00 €/L","img":"https://fd2-photos.leclercdrive.fr/image.ashx?id=2105155&use=l&cat=p&typeid=i","cat":289557},{"id":133179,"n":"Yaourt protéiné Hipro Vanille 0%mg - 2x160g","p":2.12,"u":"6,63 €/KG","img":"https://fd2-photos.leclercdrive.fr/image.ashx?id=2807414&use=l&cat=p&typeid=i","cat":315000},{"id":133250,"n":"Mousse Marie Morin Chocolat au lait - 100g","p":1.77,"u":"17,70 €/KG","img":"https://fd2-photos.leclercdrive.fr/image.ashx?id=2631696&use=l&cat=p&typeid=i","cat":284417},{"id":133340,"n":"Soin barbe 3 jours Nivea Men 125ml","p":8.46,"u":"67,68 €/L","img":"https://fd2-photos.leclercdrive.fr/image.ashx?id=2225444&use=l&cat=p&typeid=i","cat":284622},{"id":133365,"n":"Bière 3 Monts Saison Deux houblons - 75 cl","p":3.53,"u":"4,71 €/L","img":"https://fd2-photos.leclercdrive.fr/image.ashx?id=2548183&use=l&cat=p&typeid=i","cat":334852},{"id":133426,"n":"Capsules Nescafé Dolce Gusto Marrakech Tea - x16","p":4.26,"u":"51,33 €/KG","img":"https://fd2-photos.leclercdrive.fr/image.ashx?id=2467510&use=l&cat=p&typeid=i","cat":293239},{"id":133464,"n":"Shampooing Bio So Bio Etic Hibiscus Acide laurique - 250ml","p":4.2,"u":"16,80 €/L","img":"https://fd2-photos.leclercdrive.fr/image.ashx?id=2784959&use=l&cat=p&typeid=i","cat":284606},{"id":133650,"n":"DOC Prosecco Treviso Mionetto - 75cl","p":6.99,"u":"9,32 €/L","img":"https://fd2-photos.leclercdrive.fr/image.ashx?id=3011911&use=l&cat=p&typeid=i","cat":289461},{"id":133752,"n":"Lait Sans Lactose Candia  0% MG Ecrémé - 6x1L","p":12.0,"u":"2,00 €/L","img":"https://fd2-photos.leclercdrive.fr/image.ashx?id=2540712&use=l&cat=p&typeid=i","cat":284949},{"id":134038,"n":"Margarine demi-sel St-Hubert Sans huile palme 51%mg - 500g","p":5.24,"u":"10,48 €/KG","img":"https://fd2-photos.leclercdrive.fr/image.ashx?id=2734120&use=l&cat=p&typeid=i","cat":315229},{"id":134107,"n":"AOP Fronton Vin rouge Comte de Négret - 75cl","p":4.57,"u":"6,09 €/L","img":"https://fd2-photos.leclercdrive.fr/image.ashx?id=2351838&use=l&cat=p&typeid=i","cat":289556},{"id":134109,"n":"AOC Madrian Vin rouge Idée Reçue - 75cl","p":6.73,"u":"8,97 €/L","img":"https://fd2-photos.leclercdrive.fr/image.ashx?id=1965035&use=l&cat=p&typeid=i","cat":289556},{"id":134117,"n":"Foie gras de canard entier  Maison Montfort - 320g","p":36.56,"u":"114,25 €/KG","img":"https://fd2-photos.leclercdrive.fr/image.ashx?id=2730997&use=l&cat=p&typeid=i","cat":316008},{"id":134121,"n":"Poivre noir moulu Eco+ 44g","p":0.55,"u":"12,50 €/KG","img":"https://fd2-photos.leclercdrive.fr/image.ashx?id=2717246&use=l&cat=p&typeid=i","cat":284457},{"id":134122,"n":"Poivre noir moulu Eco+ 90g","p":1.15,"u":"12,78 €/KG","img":"https://fd2-photos.leclercdrive.fr/image.ashx?id=2836307&use=l&cat=p&typeid=i","cat":284457},{"id":134129,"n":"Verrine de Paté Eco+ 3x180g","p":2.69,"u":"4,98 €/KG","img":"https://fd2-photos.leclercdrive.fr/image.ashx?id=2852946&use=l&cat=p&typeid=i","cat":305149},{"id":134131,"n":"Soupe liquide brique Liebig  Velouté de Tomates - 1L","p":2.11,"u":"2,11 €/L","img":"https://fd2-photos.leclercdrive.fr/image.ashx?id=2759439&use=l&cat=p&typeid=i","cat":284462},{"id":134144,"n":"Don Papa Masskara Base de rhum 40% vol 70cl","p":29.99,"u":"42,84 €/L","img":"https://fd2-photos.leclercdrive.fr/image.ashx?id=2858255&use=l&cat=p&typeid=i","cat":284551},{"id":134146,"n":"Biscuits Nustikao Fourrés pâte à tartiner - 200g","p":1.67,"u":"8,35 €/KG","img":"https://fd2-photos.leclercdrive.fr/image.ashx?id=2473999&use=l&cat=p&typeid=i","cat":284488},{"id":134147,"n":"Purée fruit bébé Pomme Myrtille 4/6 mois Blédina - 4x100g","p":2.46,"u":"6,15 €/KG","img":"https://fd2-photos.leclercdrive.fr/image.ashx?id=2983057&use=l&cat=p&typeid=i","cat":312388},{"id":134152,"n":"Biscuits Kinder Happy Hippo Au lait et au cacao - 103,5g","p":1.58,"u":"15,19 €/KG","img":"https://fd2-photos.leclercdrive.fr/image.ashx?id=2454499&use=l&cat=p&typeid=i","cat":284488},{"id":134162,"n":"Fromage frais nature Eco+ 9%mg - 6x60g","p":0.93,"u":"2,58 €/KG","img":"https://fd2-photos.leclercdrive.fr/image.ashx?id=2722372&use=l&cat=p&typeid=i","cat":284409},{"id":134165,"n":"Yaourt à la Grecque Délisse Stracciatella - 4x150g","p":2.39,"u":"3,98 €/KG","img":"https://fd2-photos.leclercdrive.fr/image.ashx?id=2753487&use=l&cat=p&typeid=i","cat":314999},{"id":134167,"n":"Yaourt à la grecque Délisse Noix de Coco - 4x150g","p":2.38,"u":"3,97 €/KG","img":"https://fd2-photos.leclercdrive.fr/image.ashx?id=2699759&use=l&cat=p&typeid=i","cat":314999},{"id":134193,"n":"Mozzarella bufala Casa Azzurra Boule - 200g","p":3.37,"u":"16,85 €/KG","img":"https://fd2-photos.leclercdrive.fr/image.ashx?id=2916938&use=l&cat=p&typeid=i","cat":314026},{"id":134195,"n":"Yaourt Enfant Petits Filous Aromatisé à la Pêche - 6x100g","p":2.93,"u":"4,88 €/KG","img":"https://fd2-photos.leclercdrive.fr/image.ashx?id=2748437&use=l&cat=p&typeid=i","cat":284415},{"id":134220,"n":"Allumettes nature Tradilège Sans nitrite - 2x75g","p":1.64,"u":"10,93 €/KG","img":"https://fd2-photos.leclercdrive.fr/image.ashx?id=2816669&use=l&cat=p&typeid=i","cat":316011},{"id":134223,"n":"Allumettes fumées Tradilège Sans nitrite - 2x75g","p":1.63,"u":"10,87 €/KG","img":"https://fd2-photos.leclercdrive.fr/image.ashx?id=2965825&use=l&cat=p&typeid=i","cat":316011},{"id":134257,"n":"Corn Flakes Grainéa Nature - 500g","p":2.08,"u":"4,16 €/KG","img":"https://fd2-photos.leclercdrive.fr/image.ashx?id=2617249&use=l&cat=p&typeid=i","cat":309513},{"id":134262,"n":"Gü Cheesecake fraise des bois 2x87g","p":3.55,"u":"22,76 €/KG","img":"https://fd2-photos.leclercdrive.fr/image.ashx?id=2516911&use=l&cat=p&typeid=i","cat":284419},{"id":134316,"n":"Goûters P'tit Déli Croc' Goût Vanille - 300g","p":1.08,"u":"3,27 €/KG","img":"https://fd2-photos.leclercdrive.fr/image.ashx?id=2391895&use=l&cat=p&typeid=i","cat":284489},{"id":134317,"n":"Biscuit Croc Break P'tit Déli Goût Chocolat - 300g","p":1.15,"u":"3,83 €/KG","img":"https://fd2-photos.leclercdrive.fr/image.ashx?id=2390431&use=l&cat=p&typeid=i","cat":284488},{"id":134318,"n":"Biscuits P'tit déli Pirates Chocolat - 2x300g","p":2.17,"u":"3,62 €/KG","img":"https://fd2-photos.leclercdrive.fr/image.ashx?id=2539460&use=l&cat=p&typeid=i","cat":284488},{"id":134319,"n":"Biscuit Croc Break P'tit Déli Goût Tout Chocolat - 300g","p":1.17,"u":"3,90 €/KG","img":"https://fd2-photos.leclercdrive.fr/image.ashx?id=2472662&use=l&cat=p&typeid=i","cat":284488},{"id":134331,"n":"Muesli croustillant Grainéa Chocolat noir - 500g","p":2.29,"u":"4,58 €/KG","img":"https://fd2-photos.leclercdrive.fr/image.ashx?id=2925991&use=l&cat=p&typeid=i","cat":309512},{"id":134333,"n":"Muesli croustillant Grainéa Noix - 500g","p":2.02,"u":"4,04 €/KG","img":"https://fd2-photos.leclercdrive.fr/image.ashx?id=2856690&use=l&cat=p&typeid=i","cat":309512},{"id":134336,"n":"Muesli croustillant Grainéa  Aux fruits - 500g","p":1.87,"u":"3,74 €/KG","img":"https://fd2-photos.leclercdrive.fr/image.ashx?id=2705006&use=l&cat=p&typeid=i","cat":309512},{"id":134349,"n":"Filet de colin d'Alaska MSC Meunière Cité Marine - 200g","p":3.24,"u":"16,20 €/KG","img":"https://fd2-photos.leclercdrive.fr/image.ashx?id=2325203&use=l&cat=p&typeid=i","cat":284344},{"id":134352,"n":"Muesli croustillant Grainéa  Fraise - 500g","p":2.27,"u":"4,54 €/KG","img":"https://fd2-photos.leclercdrive.fr/image.ashx?id=2873670&use=l&cat=p&typeid=i","cat":309512},{"id":134398,"n":"Saucisson Fuet d'Olot 150g","p":1.75,"u":"11,67 €/KG","img":"https://fd2-photos.leclercdrive.fr/image.ashx?id=1971722&use=l&cat=p&typeid=i","cat":316006},{"id":134534,"n":"Café en grains L'OR Absolu N° 7 1kg","p":19.05,"u":"19,05 €/KG","img":"https://fd2-photos.leclercdrive.fr/image.ashx?id=2716837&use=l&cat=p&typeid=i","cat":293237},{"id":134676,"n":"Friandises chien Pedigree  Schmackos multi mix x20 - 144g","p":2.23,"u":"15,49 €/KG","img":"https://fd2-photos.leclercdrive.fr/image.ashx?id=2338579&use=l&cat=p&typeid=i","cat":294527},{"id":134677,"n":"Friandise petit chien Pedigree  Os à mâcher x4 - 160g","p":2.31,"u":"14,44 €/KG","img":"https://fd2-photos.leclercdrive.fr/image.ashx?id=2997253&use=l&cat=p&typeid=i","cat":294527},{"id":134680,"n":"Biscuits chien Pedigree Markies fourrés - 1,5kg","p":5.14,"u":"3,43 €/KG","img":"https://fd2-photos.leclercdrive.fr/image.ashx?id=2109671&use=l&cat=p&typeid=i","cat":294527},{"id":134688,"n":"Compote Charles & Alice Pommes Pruneaux - 4x100g","p":1.47,"u":"3,68 €/KG","img":"https://fd2-photos.leclercdrive.fr/image.ashx?id=2757335&use=l&cat=p&typeid=i","cat":284416},{"id":134734,"n":"Boule crème chocolat Jacquot orange framboise vanille - 1kg","p":9.42,"u":"9,42 €/KG","img":"https://fd2-photos.leclercdrive.fr/image.ashx?id=2666584&use=l&cat=p&typeid=i","cat":327595},{"id":134735,"n":"Doonuts nappés Saint michel 360g","p":3.03,"u":"8,42 €/KG","img":"https://fd2-photos.leclercdrive.fr/image.ashx?id=2986275&use=l&cat=p&typeid=i","cat":284495},{"id":134738,"n":"Bicarbonate de sodium Cerebos doypack - 1.2kg","p":4.49,"u":"3,74 €/KG","img":"https://fd2-photos.leclercdrive.fr/image.ashx?id=2859293&use=l&cat=p&typeid=i","cat":284457},{"id":134743,"n":"Foie gras canard entier France Ma création Larnaudie - 220g","p":29.97,"u":"136,23 €/KG","img":"https://fd2-photos.leclercdrive.fr/image.ashx?id=2916782&use=l&cat=p&typeid=i","cat":316008},{"id":134745,"n":"Yaourt nature ECO+ 12x125g","p":1.69,"u":"1,13 €/KG","img":"https://fd2-photos.leclercdrive.fr/image.ashx?id=2791194&use=l&cat=p&typeid=i","cat":284409},{"id":134751,"n":"Boisson végétale Bio Village Riz coco bio - 1l","p":1.89,"u":"1,89 €/L","img":"https://fd2-photos.leclercdrive.fr/image.ashx?id=2352243&use=l&cat=p&typeid=i","cat":316067},{"id":134754,"n":"Café moulu Bio Village Guatémala Bio - 250g","p":4.9,"u":"19,60 €/KG","img":"https://fd2-photos.leclercdrive.fr/image.ashx?id=2468879&use=l&cat=p&typeid=i","cat":284750},{"id":134755,"n":"Café moulu Bio Village Décaféiné Bio - 250g","p":4.99,"u":"19,96 €/KG","img":"https://fd2-photos.leclercdrive.fr/image.ashx?id=2468885&use=l&cat=p&typeid=i","cat":284750},{"id":134758,"n":"Compote Allégée en sucres Eco+ Coupelle pomme banane - 4x100g","p":0.58,"u":"1,45 €/KG","img":"https://fd2-photos.leclercdrive.fr/image.ashx?id=2953191&use=l&cat=p&typeid=i","cat":284508},{"id":134770,"n":"Compote bio Bio Village Gourdes multivariétés - 12x90g","p":6.35,"u":"5,88 €/KG","img":"https://fd2-photos.leclercdrive.fr/image.ashx?id=1965920&use=l&cat=p&typeid=i","cat":284508},{"id":134775,"n":"Lait de coco Bio Village Bio - 200ml","p":1.29,"u":"6,45 €/L","img":"https://fd2-photos.leclercdrive.fr/image.ashx?id=2552451&use=l&cat=p&typeid=i","cat":288992},{"id":134777,"n":"Macaronis Bio Village Bio - 500g","p":1.19,"u":"2,38 €/KG","img":"https://fd2-photos.leclercdrive.fr/image.ashx?id=2624923&use=l&cat=p&typeid=i","cat":284429},{"id":134787,"n":"Ravioli bœuf Bio village Bio 700g","p":3.7,"u":"5,29 €/KG","img":"https://fd2-photos.leclercdrive.fr/image.ashx?id=2717255&use=l&cat=p&typeid=i","cat":284442},{"id":134788,"n":"Spaghetti complets Bio Village Bio - 500g","p":0.89,"u":"1,78 €/KG","img":"https://fd2-photos.leclercdrive.fr/image.ashx?id=2503308&use=l&cat=p&typeid=i","cat":284429},{"id":134791,"n":"Thon à la catalane Eco + 135g","p":0.82,"u":"6,07 €/KG","img":"https://fd2-photos.leclercdrive.fr/image.ashx?id=2756834&use=l&cat=p&typeid=i","cat":303867},{"id":134793,"n":"Toasts fins nature Epi d'Or 100g","p":1.65,"u":"16,50 €/KG","img":"https://fd2-photos.leclercdrive.fr/image.ashx?id=2696283&use=l&cat=p&typeid=i","cat":285454},{"id":134794,"n":"Toasts fins sésame Epi d'Or 100g","p":1.65,"u":"16,50 €/KG","img":"https://fd2-photos.leclercdrive.fr/image.ashx?id=2705092&use=l&cat=p&typeid=i","cat":285454},{"id":134796,"n":"Tomates entières pelées Eco+ 240g","p":0.55,"u":"2,29 €/KG","img":"https://fd2-photos.leclercdrive.fr/image.ashx?id=2189984&use=l&cat=p&typeid=i","cat":312608},{"id":134798,"n":"Velouté de légumes Eco + 1L","p":0.89,"u":"0,89 €/L","img":"https://fd2-photos.leclercdrive.fr/image.ashx?id=2768448&use=l&cat=p&typeid=i","cat":284462},{"id":134799,"n":"Vinaigre de vin 6° Eco +  1L","p":0.56,"u":"0,56 €/L","img":"https://fd2-photos.leclercdrive.fr/image.ashx?id=2729257&use=l&cat=p&typeid=i","cat":298543},{"id":134811,"n":"Pur jus d'orange Eco + Brique - 2l","p":3.14,"u":"1,57 €/L","img":"https://fd2-photos.leclercdrive.fr/image.ashx?id=2751859&use=l&cat=p&typeid=i","cat":284521},{"id":134815,"n":"Pur jus 4 agrumes Eco +  1L","p":1.43,"u":"1,43 €/L","img":"https://fd2-photos.leclercdrive.fr/image.ashx?id=2762943&use=l&cat=p&typeid=i","cat":284917},{"id":134816,"n":"Jus d'orange ABC Eco + Brique - 1L","p":1.3,"u":"1,30 €/L","img":"https://fd2-photos.leclercdrive.fr/image.ashx?id=2802257&use=l&cat=p&typeid=i","cat":284521},{"id":134819,"n":"Nectar d'orange Eco + Brique - 2L","p":1.83,"u":"0,92 €/L","img":"https://fd2-photos.leclercdrive.fr/image.ashx?id=2842444&use=l&cat=p&typeid=i","cat":284521},{"id":134825,"n":"Bière 0.0% Falsbourg  Sans alcool - 6x25cl","p":2.63,"u":"1,75 €/L","img":"https://fd2-photos.leclercdrive.fr/image.ashx?id=1965827&use=l&cat=p&typeid=i","cat":334877},{"id":134829,"n":"Bière forte 7.9% Millbrau 50CL","p":0.85,"u":"1,70 €/L","img":"https://fd2-photos.leclercdrive.fr/image.ashx?id=2955578&use=l&cat=p&typeid=i","cat":334853},{"id":134844,"n":"Crème de cassis Gildo 15% - 70cl","p":4.67,"u":"6,67 €/L","img":"https://fd2-photos.leclercdrive.fr/image.ashx?id=2563181&use=l&cat=p&typeid=i","cat":286032},{"id":134853,"n":"Bière speciale 4,9% Gildo 50cl","p":0.87,"u":"1,74 €/L","img":"https://fd2-photos.leclercdrive.fr/image.ashx?id=2955602&use=l&cat=p&typeid=i","cat":334853},{"id":134858,"n":"Brosse à dent enfant Dentamyl Clignotante licorne - 1 pièce","p":1.99,"img":"https://fd2-photos.leclercdrive.fr/image.ashx?id=1965773&use=l&cat=p&typeid=i","cat":288897},{"id":134860,"n":"Maxi carré bébé Mots d'Enfants Coton bio - x80","p":2.6,"u":"0,03 €/P","img":"https://fd2-photos.leclercdrive.fr/image.ashx?id=3014296&use=l&cat=p&typeid=i","cat":284739},{"id":134900,"n":"Boule crème chocolat Jacquot Orange, framboise vanille - 1kg","p":9.49,"u":"9,49 €/KG","img":"https://fd2-photos.leclercdrive.fr/image.ashx?id=2665889&use=l&cat=p&typeid=i","cat":327595},{"id":134938,"n":"Lait bébé en poudre Blédilait 2e âge 6-12 mois 1.2kg","p":15.83,"u":"13,19 €/KG","img":"https://fd2-photos.leclercdrive.fr/image.ashx?id=2674068&use=l&cat=p&typeid=i","cat":284727},{"id":134989,"n":"Amora Cornichons Extra-Fins Bocal Croq'Vert 370g","p":2.8,"u":"7,57 €/KG","img":"https://fd2-photos.leclercdrive.fr/image.ashx?id=2670911&use=l&cat=p&typeid=i","cat":284458},{"id":135104,"n":"Salade & Cie Sodebo Brooklyn Poulet Rôti Pâtes - 320g","p":4.46,"u":"13,94 €/KG","img":"https://fd2-photos.leclercdrive.fr/image.ashx?id=2795719&use=l&cat=p&typeid=i","cat":333657},{"id":135133,"n":"Moelleux au chocolat Equador 4x80g","p":2.99,"u":"24,92 €/KG","img":"https://fd2-photos.leclercdrive.fr/image.ashx?id=1974305&use=l&cat=p&typeid=i","cat":284419},{"id":135136,"n":"Coeur fondant chocolat Equador 2x90g","p":2.13,"u":"11,83 €/KG","img":"https://fd2-photos.leclercdrive.fr/image.ashx?id=1979707&use=l&cat=p&typeid=i","cat":284419},{"id":135179,"n":"Sauce béchamel Bridélice 50cl","p":2.59,"u":"5,18 €/L","img":"https://fd2-photos.leclercdrive.fr/image.ashx?id=2904718&use=l&cat=p&typeid=i","cat":284382},{"id":135191,"n":"Yaourt aromatisé sucré Eco+ Pack 12x125g","p":1.86,"u":"1,24 €/KG","img":"https://fd2-photos.leclercdrive.fr/image.ashx?id=2759774&use=l&cat=p&typeid=i","cat":286006},{"id":135202,"n":"Flan vanille Eco+ Nappé caramel - 4x100g","p":0.6,"u":"1,50 €/KG","img":"https://fd2-photos.leclercdrive.fr/image.ashx?id=2935214&use=l&cat=p&typeid=i","cat":284420},{"id":135203,"n":"Yaourt nature Eco+ 4x125g","p":0.58,"u":"1,16 €/KG","img":"https://fd2-photos.leclercdrive.fr/image.ashx?id=2671789&use=l&cat=p&typeid=i","cat":284409},{"id":135204,"n":"Margarine allégée Eco+ Cuisson 60%vol - 500g","p":1.16,"u":"2,32 €/KG","img":"https://fd2-photos.leclercdrive.fr/image.ashx?id=2879928&use=l&cat=p&typeid=i","cat":315229},{"id":135246,"n":"Crème fraiche Eco+ Légère - 15% MG - 50cl","p":1.35,"u":"2,70 €/L","img":"https://fd2-photos.leclercdrive.fr/image.ashx?id=2891869&use=l&cat=p&typeid=i","cat":284381},{"id":135247,"n":"Fromage fondu Eco+ 17%mg - x10 - 200g","p":1.08,"u":"5,40 €/KG","img":"https://fd2-photos.leclercdrive.fr/image.ashx?id=2652290&use=l&cat=p&typeid=i","cat":314028},{"id":135251,"n":"Yaourt nature sucré Yoplait - 8x125g","p":2.0,"u":"2,00 €/KG","img":"https://fd2-photos.leclercdrive.fr/image.ashx?id=2796830&use=l&cat=p&typeid=i","cat":284409},{"id":135255,"n":"Crème fraiche épaisse Yoplait Légère 12%MG - 190g","p":0.72,"u":"3,79 €/KG","img":"https://fd2-photos.leclercdrive.fr/image.ashx?id=2811035&use=l&cat=p&typeid=i","cat":284381},{"id":135263,"n":"Cake Guyader Chèvre Courgette - 260g","p":3.57,"u":"13,73 €/KG","img":"https://fd2-photos.leclercdrive.fr/image.ashx?id=2492073&use=l&cat=p&typeid=i","cat":316003},{"id":135267,"n":"Matière grasse Eco+ Tartine - 55%mg - 500g","p":1.21,"u":"2,42 €/KG","img":"https://fd2-photos.leclercdrive.fr/image.ashx?id=1974356&use=l&cat=p&typeid=i","cat":315229},{"id":135275,"n":"Fromage blanc Eco+ Saveur vanille - 8x100g","p":2.33,"u":"2,91 €/KG","img":"https://fd2-photos.leclercdrive.fr/image.ashx?id=2693084&use=l&cat=p&typeid=i","cat":284409},{"id":135278,"n":"Fromage blanc aromatisé Eco+ 2.8%MG - 12x60g","p":1.79,"u":"2,49 €/KG","img":"https://fd2-photos.leclercdrive.fr/image.ashx?id=2794817&use=l&cat=p&typeid=i","cat":284409},{"id":135293,"n":"Crème dessert Eco+ Saveur vanille - 4x125g","p":0.77,"u":"1,54 €/KG","img":"https://fd2-photos.leclercdrive.fr/image.ashx?id=2765695&use=l&cat=p&typeid=i","cat":285041},{"id":135294,"n":"Crème dessert Eco+ Chocolat - 4x125g","p":0.74,"u":"1,48 €/KG","img":"https://fd2-photos.leclercdrive.fr/image.ashx?id=3003046&use=l&cat=p&typeid=i","cat":285041},{"id":135295,"n":"Tranchette de gouda Eco+ 28%mg - 300g","p":2.53,"u":"8,43 €/KG","img":"https://fd2-photos.leclercdrive.fr/image.ashx?id=1974470&use=l&cat=p&typeid=i","cat":314028},{"id":135296,"n":"Fromage mi-chèvre Eco+ 23%mg - 180g","p":1.65,"u":"9,17 €/KG","img":"https://fd2-photos.leclercdrive.fr/image.ashx?id=2978504&use=l&cat=p&typeid=i","cat":314031},{"id":135343,"n":"Râpé 3 fromages Les Croisés  Format familial - 350g","p":3.12,"u":"8,91 €/KG","img":"https://fd2-photos.leclercdrive.fr/image.ashx?id=2959734&use=l&cat=p&typeid=i","cat":314035},{"id":135360,"n":"Sandwich club maxi Côté Snack Jambon emmental crudité - 190g","p":1.51,"u":"7,95 €/KG","img":"https://fd2-photos.leclercdrive.fr/image.ashx?id=2604999&use=l&cat=p&typeid=i","cat":333658},{"id":135362,"n":"Sandwich club maxi Côté Snack Poulet Roti crudités - 190g","p":1.51,"u":"7,95 €/KG","img":"https://fd2-photos.leclercdrive.fr/image.ashx?id=2892067&use=l&cat=p&typeid=i","cat":333658},{"id":135364,"n":"Porc filet mignon x2 - 1kg","p":15.25,"u":"15,25 €/KG","img":"https://fd2-photos.leclercdrive.fr/image.ashx?id=760077&use=l&cat=p&typeid=i","cat":284331},{"id":135378,"n":"Sandwich club maxi Côté Snack Thon crudité oeuf - 190g","p":1.51,"u":"7,95 €/KG","img":"https://fd2-photos.leclercdrive.fr/image.ashx?id=2626139&use=l&cat=p&typeid=i","cat":333658},{"id":135390,"n":"Chair à saucisse  500g","p":4.45,"u":"8,90 €/KG","img":"https://fd2-photos.leclercdrive.fr/image.ashx?id=596043&use=l&cat=p&typeid=i","cat":284332},{"id":135429,"n":"Pommes Dauphine Findus 540g","p":3.19,"u":"5,91 €/KG","img":"https://fd2-photos.leclercdrive.fr/image.ashx?id=2009954&use=l&cat=p&typeid=i","cat":319792},{"id":135444,"n":"Croco Baby -30% de sucre Haribo Sachet bonbons - 165g","p":1.87,"u":"11,33 €/KG","img":"https://fd2-photos.leclercdrive.fr/image.ashx?id=2806111&use=l&cat=p&typeid=i","cat":304250},{"id":135454,"n":"Brioche tranchée Harrys Nature sans additif Maxi - 680g","p":3.3,"u":"4,85 €/KG","img":"https://fd2-photos.leclercdrive.fr/image.ashx?id=2503022&use=l&cat=p&typeid=i","cat":284478},{"id":135456,"n":"Brioche tranchée Harrys Nature / Sans additifs - 485 g","p":2.36,"u":"4,87 €/KG","img":"https://fd2-photos.leclercdrive.fr/image.ashx?id=2503019&use=l&cat=p&typeid=i","cat":284478},{"id":135457,"n":"Brioche tranchée Harrys Farine complète - 485g","p":2.93,"u":"6,04 €/KG","img":"https://fd2-photos.leclercdrive.fr/image.ashx?id=2503025&use=l&cat=p&typeid=i","cat":284478},{"id":135458,"n":"Brioche tranchée nature Harrys Allégée en sucre - 485g","p":3.04,"u":"6,27 €/KG","img":"https://fd2-photos.leclercdrive.fr/image.ashx?id=2503031&use=l&cat=p&typeid=i","cat":284478},{"id":135459,"n":"Brioche Tranchée Harrys Pépites de chocolat - 485g","p":2.75,"u":"5,67 €/KG","img":"https://fd2-photos.leclercdrive.fr/image.ashx?id=2503028&use=l&cat=p&typeid=i","cat":284478},{"id":135476,"n":"Fromage à Tartiner Tartare  Ail et Fines Herbes - 150g","p":1.8,"u":"12,00 €/KG","img":"https://fd2-photos.leclercdrive.fr/image.ashx?id=2243365&use=l&cat=p&typeid=i","cat":314029},{"id":135533,"n":"Chocolat noir Les Citronettes Les Chevaliers d'Argouges 170g","p":7.15,"u":"42,06 €/KG","img":"https://fd2-photos.leclercdrive.fr/image.ashx?id=2842732&use=l&cat=p&typeid=i","cat":327601},{"id":135554,"n":"Boules chocolat praliné Jacquot Lait, Amandes, noisettes - 1kg","p":13.74,"u":"13,74 €/KG","img":"https://fd2-photos.leclercdrive.fr/image.ashx?id=2303306&use=l&cat=p&typeid=i","cat":327595},{"id":135679,"n":"Tartiflette au Reblochon Marie 300g","p":3.95,"u":"13,17 €/KG","img":"https://fd2-photos.leclercdrive.fr/image.ashx?id=2827200&use=l&cat=p&typeid=i","cat":333665},{"id":135758,"n":"Jambon Supérieur VPF Tradilège A l'étouffée Découennéx10 -400g","p":5.09,"u":"12,73 €/KG","img":"https://fd2-photos.leclercdrive.fr/image.ashx?id=2970477&use=l&cat=p&typeid=i","cat":316009},{"id":135780,"n":"Petits pots bébé P'TITE RECETTE Cabillaud 8M+ - 2x200g","p":2.03,"u":"5,08 €/KG","img":"https://fd2-photos.leclercdrive.fr/image.ashx?id=2525717&use=l&cat=p&typeid=i","cat":312236},{"id":135790,"n":"Haché de Faux Filet VBF Charal - 260g","p":6.71,"u":"25,81 €/KG","img":"https://fd2-photos.leclercdrive.fr/image.ashx?id=2551114&use=l&cat=p&typeid=i","cat":284332},{"id":136389,"n":"Oeuf Maxi Kinder Surprise Garçon - 100g","p":6.99,"u":"69,90 €/KG","img":"https://fd2-photos.leclercdrive.fr/image.ashx?id=2940513&use=l&cat=p&typeid=i","cat":284958},{"id":136445,"n":"Gateau marbré Savane Chocolat - 310g","p":2.54,"u":"8,19 €/KG","img":"https://fd2-photos.leclercdrive.fr/image.ashx?id=2870719&use=l&cat=p&typeid=i","cat":294776},{"id":136519,"n":"Vin australien rouge Yellow Tail - 75cl","p":6.5,"u":"8,67 €/L","img":"https://fd2-photos.leclercdrive.fr/image.ashx?id=2489974&use=l&cat=p&typeid=i","cat":289556},{"id":136579,"n":"Soupe liquide brique Liebig  Velouté de 12 légumes - 1L","p":2.14,"u":"2,14 €/L","img":"https://fd2-photos.leclercdrive.fr/image.ashx?id=2172645&use=l&cat=p&typeid=i","cat":284462},{"id":136585,"n":"Plat bébé soir Blédiner 15 mois pâtes crème légumes - 2x200g","p":2.49,"u":"6,23 €/KG","img":"https://fd2-photos.leclercdrive.fr/image.ashx?id=2845859&use=l&cat=p&typeid=i","cat":312239},{"id":136598,"n":"Compote Bio Village Gourdes Pomme bio - 12x90g","p":5.25,"u":"4,86 €/KG","img":"https://fd2-photos.leclercdrive.fr/image.ashx?id=2330517&use=l&cat=p&typeid=i","cat":284508},{"id":136603,"n":"Serviettes ultra super Tadam Dermo-sensitives bio - x12","p":2.42,"img":"https://fd2-photos.leclercdrive.fr/image.ashx?id=2754955&use=l&cat=p&typeid=i","cat":284624},{"id":136604,"n":"Serviettes ultra nuit Tadam Dermosensitives - x10","p":2.37,"img":"https://fd2-photos.leclercdrive.fr/image.ashx?id=2754755&use=l&cat=p&typeid=i","cat":284624},{"id":136607,"n":"Protège lingerie long Tadam Dermo-sensitives bio - x24","p":2.43,"img":"https://fd2-photos.leclercdrive.fr/image.ashx?id=2754767&use=l&cat=p&typeid=i","cat":284625},{"id":136627,"n":"Pad Thai Céréal Bio  Bio repas express - 220g","p":2.64,"u":"12,00 €/KG","img":"https://fd2-photos.leclercdrive.fr/image.ashx?id=2574089&use=l&cat=p&typeid=i","cat":288992},{"id":136635,"n":"Cassoulet Maison Rivière Confit de canard - 840g","p":5.55,"u":"6,61 €/KG","img":"https://fd2-photos.leclercdrive.fr/image.ashx?id=2734225&use=l&cat=p&typeid=i","cat":284440},{"id":136645,"n":"Blé gourmand l'Original Ebly Cuisson 10min - 1kg","p":2.61,"u":"2,61 €/KG","img":"https://fd2-photos.leclercdrive.fr/image.ashx?id=2286278&use=l&cat=p&typeid=i","cat":284429},{"id":136777,"n":"Sachet chat Felix Succulent Campagne - 12x80g","p":4.85,"u":"5,05 €/KG","img":"https://fd2-photos.leclercdrive.fr/image.ashx?id=2861186&use=l&cat=p&typeid=i","cat":285286},{"id":136813,"n":"Biscuits Bruges Delacre Boîte Assortiment - 200g","p":2.69,"u":"13,45 €/KG","img":"https://fd2-photos.leclercdrive.fr/image.ashx?id=2867966&use=l&cat=p&typeid=i","cat":284490},{"id":136907,"n":"Mini Roc Côte d'Or Chocolat au lait - 195g","p":7.48,"u":"38,36 €/KG","img":"https://fd2-photos.leclercdrive.fr/image.ashx?id=2488088&use=l&cat=p&typeid=i","cat":327595},{"id":136910,"n":"Mini Roc Côte d'Or Chocolat au noir - 195g","p":7.48,"u":"38,36 €/KG","img":"https://fd2-photos.leclercdrive.fr/image.ashx?id=2244136&use=l&cat=p&typeid=i","cat":327595},{"id":137014,"n":"Lasagne bolognaise 300g","p":2.77,"u":"9,23 €/KG","img":"https://fd2-photos.leclercdrive.fr/image.ashx?id=2993382&use=l&cat=p&typeid=i","cat":284254},{"id":137070,"n":"Petits pois Bio Village Bio - 420g","p":2.35,"u":"5,60 €/KG","img":"https://fd2-photos.leclercdrive.fr/image.ashx?id=3002707&use=l&cat=p&typeid=i","cat":312607},{"id":137228,"n":"Sucre en poudre Saint Louis 650g","p":1.45,"u":"2,23 €/KG","img":"https://fd2-photos.leclercdrive.fr/image.ashx?id=2659936&use=l&cat=p&typeid=i","cat":284502},{"id":137244,"n":"Huile d'Olive vierge  Cauvin Extra Bio - 75cl","p":10.04,"u":"13,39 €/L","img":"https://fd2-photos.leclercdrive.fr/image.ashx?id=2498356&use=l&cat=p&typeid=i","cat":284453},{"id":137283,"n":"Yaourt à boire Ptit Yop Aromatisé Fraise - 6x180g","p":2.7,"u":"2,50 €/KG","img":"https://fd2-photos.leclercdrive.fr/image.ashx?id=2902735&use=l&cat=p&typeid=i","cat":284415},{"id":137287,"n":"Yaourt à boire Ptit Yop Aromatisé Vanille - 6x180g","p":2.71,"u":"2,51 €/KG","img":"https://fd2-photos.leclercdrive.fr/image.ashx?id=2951800&use=l&cat=p&typeid=i","cat":284415},{"id":137289,"n":"Yaourt à boire Ptit Yop Aromatisé Framboise - 6x180g","p":2.58,"u":"2,39 €/KG","img":"https://fd2-photos.leclercdrive.fr/image.ashx?id=2951797&use=l&cat=p&typeid=i","cat":284415},{"id":137293,"n":"Bouchées gourmandes Blini x30 - 300g","p":3.93,"u":"13,10 €/KG","img":"https://fd2-photos.leclercdrive.fr/image.ashx?id=2506296&use=l&cat=p&typeid=i","cat":319774},{"id":137298,"n":"Yaourt à boire Ptit Yop Aromatisé Panaché - 6x180g","p":2.44,"u":"2,26 €/KG","img":"https://fd2-photos.leclercdrive.fr/image.ashx?id=2985168&use=l&cat=p&typeid=i","cat":284415},{"id":137413,"n":"Pommes Duchesse Findus 720g","p":3.19,"u":"4,43 €/KG","img":"https://fd2-photos.leclercdrive.fr/image.ashx?id=2888512&use=l&cat=p&typeid=i","cat":319792},{"id":137414,"n":"Pommes Étoile 720g","p":3.19,"u":"4,43 €/KG","img":"https://fd2-photos.leclercdrive.fr/image.ashx?id=2023134&use=l&cat=p&typeid=i","cat":319792},{"id":137416,"n":"Cassolette de St-Jacques La Compagnie Artique - 300g","p":6.84,"pp":4.79,"u":"15,97 €/KG","img":"https://fd2-photos.leclercdrive.fr/image.ashx?id=2021211&use=l&cat=p&typeid=i","cat":284254},{"id":137436,"n":"Masque Protection Couleur Elsève Color-Vive - 310ml","p":4.83,"u":"15,58 €/L","img":"https://fd2-photos.leclercdrive.fr/image.ashx?id=2865875&use=l&cat=p&typeid=i","cat":284608},{"id":137437,"n":"gateau Savane Brossard Chocolat - 310g","p":2.54,"u":"8,19 €/KG","img":"https://fd2-photos.leclercdrive.fr/image.ashx?id=2976836&use=l&cat=p&typeid=i","cat":294776},{"id":137515,"n":"Mini Roc Côte d'Or Praline - 195g","p":7.48,"u":"38,36 €/KG","img":"https://fd2-photos.leclercdrive.fr/image.ashx?id=2924791&use=l&cat=p&typeid=i","cat":327595},{"id":137516,"n":"Mini roc lait Côte d'Or 279g","p":9.69,"u":"34,73 €/KG","img":"https://fd2-photos.leclercdrive.fr/image.ashx?id=2479465&use=l&cat=p&typeid=i","cat":327595},{"id":137517,"n":"Mini Roc Côte d'Or Praliné - 279g","p":9.69,"u":"34,73 €/KG","img":"https://fd2-photos.leclercdrive.fr/image.ashx?id=2912641&use=l&cat=p&typeid=i","cat":327595},{"id":137525,"n":"Galak Chocolat Noël  Moulage Renne - 88g","p":2.9,"u":"32,95 €/KG","img":"https://fd2-photos.leclercdrive.fr/image.ashx?id=2570604&use=l&cat=p&typeid=i","cat":327592},{"id":137538,"n":"Boîte chocolats liqueur Abtey Royal des lys  x20 - 250g","p":8.54,"u":"34,16 €/KG","img":"https://fd2-photos.leclercdrive.fr/image.ashx?id=2662721&use=l&cat=p&typeid=i","cat":327601},{"id":137555,"n":"Moulage de chocolat grand Rohan Rennes - 150g","p":4.31,"u":"28,73 €/KG","img":"https://fd2-photos.leclercdrive.fr/image.ashx?id=1986868&use=l&cat=p&typeid=i","cat":284958},{"id":137562,"n":"Mug de Noël Fizzy Mme Princesse +100g de chocolat","p":6.5,"u":"65,00 €/KG","img":"https://fd2-photos.leclercdrive.fr/image.ashx?id=1985730&use=l&cat=p&typeid=i","cat":327789},{"id":137567,"n":"Père Noel Smarties Vert - 85g","p":3.43,"u":"40,35 €/KG","img":"https://fd2-photos.leclercdrive.fr/image.ashx?id=1985745&use=l&cat=p&typeid=i","cat":284958},{"id":137592,"n":"Matière grasse bio St Hubert Demi-sel 55%MG - 230g","p":2.24,"u":"9,74 €/KG","img":"https://fd2-photos.leclercdrive.fr/image.ashx?id=2734129&use=l&cat=p&typeid=i","cat":315229},{"id":137667,"n":"Yaourts brassé Bio Village Bio framboise - x4 - 500g","p":1.85,"u":"3,70 €/KG","img":"https://fd2-photos.leclercdrive.fr/image.ashx?id=2804196&use=l&cat=p&typeid=i","cat":284410},{"id":137669,"n":"Croquette chiens Mix  Fido Volaille/légumes - 2.5kg","p":5.82,"u":"2,33 €/KG","img":"https://fd2-photos.leclercdrive.fr/image.ashx?id=2973309&use=l&cat=p&typeid=i","cat":284672},{"id":137680,"n":"Croquette pour chien  Fido Croq' Mix boeuf et légumes 3kg","p":6.25,"u":"2,08 €/KG","img":"https://fd2-photos.leclercdrive.fr/image.ashx?id=2973306&use=l&cat=p&typeid=i","cat":284672},{"id":137682,"n":"Croquette pour chiens Fido Mix Poulet Légumes - 12 kg","p":21.57,"u":"1,80 €/KG","img":"https://fd2-photos.leclercdrive.fr/image.ashx?id=2973300&use=l&cat=p&typeid=i","cat":284672},{"id":137686,"n":"Croquette pour chiens Fido Boeuf & légumes - 7kg","p":14.29,"u":"2,04 €/KG","img":"https://fd2-photos.leclercdrive.fr/image.ashx?id=2973297&use=l&cat=p&typeid=i","cat":284672},{"id":137700,"n":"Compote Douceur du Verger Coupelle fruits rouges -16x100g","p":4.21,"u":"2,63 €/KG","img":"https://fd2-photos.leclercdrive.fr/image.ashx?id=2663560&use=l&cat=p&typeid=i","cat":284508},{"id":137702,"n":"Compote Douceur du Verger Coupelle fruits jaunes -16x100g","p":3.97,"u":"2,48 €/KG","img":"https://fd2-photos.leclercdrive.fr/image.ashx?id=2834890&use=l&cat=p&typeid=i","cat":284508},{"id":137703,"n":"Compote Douceur du Verger Coupelle pomme - 16x100g","p":3.55,"u":"2,22 €/KG","img":"https://fd2-photos.leclercdrive.fr/image.ashx?id=2663551&use=l&cat=p&typeid=i","cat":284508},{"id":137757,"n":"Tarte aux poireaux Marie Gratinée à l'Emmental - 400g","p":3.47,"u":"8,68 €/KG","img":"https://fd2-photos.leclercdrive.fr/image.ashx?id=2996680&use=l&cat=p&typeid=i","cat":284257},{"id":137759,"n":"Tarte au Chèvre Marie Tomates cerises - 400g","p":2.95,"u":"7,38 €/KG","img":"https://fd2-photos.leclercdrive.fr/image.ashx?id=2996677&use=l&cat=p&typeid=i","cat":284257},{"id":137769,"n":"Soupe liquide brique Liebig  Poireaux Pomme de Terre 2x30cl","p":1.89,"u":"3,15 €/L","img":"https://fd2-photos.leclercdrive.fr/image.ashx?id=2864327&use=l&cat=p&typeid=i","cat":284462},{"id":137777,"n":"Haricots verts Bonduelle Extra Fins 440g","p":1.93,"u":"4,39 €/KG","img":"https://fd2-photos.leclercdrive.fr/image.ashx?id=2943927&use=l&cat=p&typeid=i","cat":312606},{"id":137838,"n":"Arrangé HSE Ananas Passion 32% vol. - 70cl","p":19.68,"u":"28,11 €/L","img":"https://fd2-photos.leclercdrive.fr/image.ashx?id=2559520&use=l&cat=p&typeid=i","cat":284551},{"id":137860,"n":"Riz long blanchi Eco+ 1kg","p":1.22,"u":"1,22 €/KG","img":"https://fd2-photos.leclercdrive.fr/image.ashx?id=2076622&use=l&cat=p&typeid=i","cat":284428},{"id":137862,"n":"Riz long étuvé Eco+ 1kg","p":1.35,"u":"1,35 €/KG","img":"https://fd2-photos.leclercdrive.fr/image.ashx?id=2076625&use=l&cat=p&typeid=i","cat":284428},{"id":137864,"n":"Riz long étuvé Eco+ 4x125g","p":0.87,"u":"1,74 €/KG","img":"https://fd2-photos.leclercdrive.fr/image.ashx?id=1991126&use=l&cat=p&typeid=i","cat":284428},{"id":137883,"n":"Rillettes thon Ronde des Mers 220g","p":2.64,"u":"12,00 €/KG","img":"https://fd2-photos.leclercdrive.fr/image.ashx?id=2436693&use=l&cat=p&typeid=i","cat":284451},{"id":137892,"n":"Biscottes bio Bio Village sans sel ni sucres ajoutés 100g","p":2.09,"u":"6,97 €/KG","img":"https://fd2-photos.leclercdrive.fr/image.ashx?id=1987015&use=l&cat=p&typeid=i","cat":284479},{"id":137897,"n":"Bretzels bio Bio Village 150g","p":1.99,"u":"13,27 €/KG","img":"https://fd2-photos.leclercdrive.fr/image.ashx?id=2390663&use=l&cat=p&typeid=i","cat":297000},{"id":137900,"n":"Barres de céréales Grainéa Chocolat noir x6 - 126g","p":1.39,"u":"11,03 €/KG","img":"https://fd2-photos.leclercdrive.fr/image.ashx?id=2721370&use=l&cat=p&typeid=i","cat":285869},{"id":137910,"n":"Compote Douceur du Verger Gourdes multivariétés - 20x90g","p":6.09,"u":"3,38 €/KG","img":"https://fd2-photos.leclercdrive.fr/image.ashx?id=2805048&use=l&cat=p&typeid=i","cat":284508},{"id":137957,"n":"Maïs ultra croquant D'Aucy 285g","p":1.05,"u":"3,68 €/KG","img":"https://fd2-photos.leclercdrive.fr/image.ashx?id=2380454&use=l&cat=p&typeid=i","cat":312611},{"id":137970,"n":"Carottes râpées à la ciboulette Pierre Martinet - 300g","p":1.58,"u":"5,27 €/KG","img":"https://fd2-photos.leclercdrive.fr/image.ashx?id=2990535&use=l&cat=p&typeid=i","cat":333657},{"id":137971,"n":"Carottes rapées à la Ciboulette Pierre Martinet - 510g","p":1.81,"u":"3,55 €/KG","img":"https://fd2-photos.leclercdrive.fr/image.ashx?id=2990532&use=l&cat=p&typeid=i","cat":333657},{"id":137988,"n":"Préparation Tablier Blanc Frangipane - 200g","p":2.67,"u":"13,35 €/KG","img":"https://fd2-photos.leclercdrive.fr/image.ashx?id=2460628&use=l&cat=p&typeid=i","cat":284504},{"id":137989,"n":"Oeufs de lompe noirs et rouges Royal Sweden - 2x80g","p":9.54,"u":"59,63 €/KG","img":"https://fd2-photos.leclercdrive.fr/image.ashx?id=2938911&use=l&cat=p&typeid=i","cat":285191},{"id":138199,"n":"Repas bébé Blédichef 15 mois  Colombo de riz poisson - 250g","p":1.93,"u":"7,72 €/KG","img":"https://fd2-photos.leclercdrive.fr/image.ashx?id=2951599&use=l&cat=p&typeid=i","cat":312238},{"id":138467,"n":"Saumon fumé Guyader Norvège - 4 tranches - 140g","p":5.45,"u":"38,93 €/KG","img":"https://fd2-photos.leclercdrive.fr/image.ashx?id=2586906&use=l&cat=p&typeid=i","cat":285188},{"id":138469,"n":"Truite fumée Guyader Bretagne - 8 tranches - 200g","p":7.9,"u":"39,50 €/KG","img":"https://fd2-photos.leclercdrive.fr/image.ashx?id=2039476&use=l&cat=p&typeid=i","cat":285188},{"id":138668,"n":"Masque Cheveux Nutrition Elsève Huile Extraordinaire - 310ml","p":4.82,"u":"15,55 €/L","img":"https://fd2-photos.leclercdrive.fr/image.ashx?id=2511859&use=l&cat=p&typeid=i","cat":284608},{"id":138669,"n":"Masque reconstructeur Elsève Dream Long Cheveu Abîmé - 310ml","p":5.23,"u":"16,87 €/L","img":"https://fd2-photos.leclercdrive.fr/image.ashx?id=2278139&use=l&cat=p&typeid=i","cat":284608},{"id":139255,"n":"Ballotin chocolat  Abtey Royal des lys x17 220g","p":6.39,"u":"29,05 €/KG","img":"https://fd2-photos.leclercdrive.fr/image.ashx?id=2662718&use=l&cat=p&typeid=i","cat":327601},{"id":139345,"n":"Sachet Père Noël x5 Rohan 150g","p":4.12,"u":"27,47 €/KG","img":"https://fd2-photos.leclercdrive.fr/image.ashx?id=2485925&use=l&cat=p&typeid=i","cat":327592},{"id":139395,"n":"Kinder chocolat mini mug  102g","p":9.2,"u":"90,20 €/KG","img":"https://fd2-photos.leclercdrive.fr/image.ashx?id=2940519&use=l&cat=p&typeid=i","cat":327592},{"id":139453,"n":"KitKat Chocolat Noël Moulage Père Noël - 85g","p":3.43,"u":"40,35 €/KG","img":"https://fd2-photos.leclercdrive.fr/image.ashx?id=2901575&use=l&cat=p&typeid=i","cat":327592},{"id":139905,"n":"Oeufs au sol Eco+ x10","p":1.78,"u":"0,18 €/P","img":"https://fd2-photos.leclercdrive.fr/image.ashx?id=2677008&use=l&cat=p&typeid=i","cat":284378},{"id":139909,"n":"P'tit chapon fermier de Loué Prêt à cuire - 2,1kg","p":24.35,"u":"11,60 €/KG","img":"https://fd2-photos.leclercdrive.fr/image.ashx?id=2008514&use=l&cat=p&typeid=i","cat":327289},{"id":141129,"n":"Bonbon Giga Twisty Renne de Noël - 65g","p":1.83,"u":"28,15 €/KG","img":"https://fd2-photos.leclercdrive.fr/image.ashx?id=2803963&use=l&cat=p&typeid=i","cat":327592},{"id":141162,"n":"Fond de veau Maggi 110g","p":2.45,"u":"22,27 €/KG","img":"https://fd2-photos.leclercdrive.fr/image.ashx?id=2917546&use=l&cat=p&typeid=i","cat":288379},{"id":141805,"n":"Repas Felix Tasty Purina Saumon thon 12x80g","p":5.25,"u":"5,47 €/KG","img":"https://fd2-photos.leclercdrive.fr/image.ashx?id=2478417&use=l&cat=p&typeid=i","cat":285286},{"id":141949,"n":"Crème dessert Les 2 vaches Bio Cremeuh café - 4x95g","p":1.8,"u":"4,74 €/KG","img":"https://fd2-photos.leclercdrive.fr/image.ashx?id=2774106&use=l&cat=p&typeid=i","cat":285041},{"id":142084,"n":"Pommes de terre Grenailles  Panier du Primeur - 1kg","p":1.99,"u":"1,99 €/KG","img":"https://fd2-photos.leclercdrive.fr/image.ashx?id=2233214&use=l&cat=p&typeid=i","cat":284352},{"id":142677,"n":"Salade Catalane Tout Feu Tout Frais - 500g","p":5.89,"u":"11,78 €/KG","img":"https://fd2-photos.leclercdrive.fr/image.ashx?id=2551749&use=l&cat=p&typeid=i","cat":333657},{"id":142764,"n":"Saindoux pur porc extra Lardina Plaquette de 250g","p":1.66,"u":"6,64 €/KG","img":"https://fd2-photos.leclercdrive.fr/image.ashx?id=2677450&use=l&cat=p&typeid=i","cat":316008},{"id":142919,"n":"4 Verrines thon au chorizo poivron rouge et fromage - 160g","p":4.5,"u":"28,13 €/KG","img":"https://fd2-photos.leclercdrive.fr/image.ashx?id=2560092&use=l&cat=p&typeid=i","cat":316003},{"id":142974,"n":"Filet de maquereaux Pêche Océan Fumé poivre - 150g","p":2.52,"u":"16,80 €/KG","img":"https://fd2-photos.leclercdrive.fr/image.ashx?id=2863051&use=l&cat=p&typeid=i","cat":284342},{"id":142977,"n":"Yaourts Délisse Aux fruits exotiques - 8x125g","p":2.35,"u":"2,35 €/KG","img":"https://fd2-photos.leclercdrive.fr/image.ashx?id=2595540&use=l&cat=p&typeid=i","cat":284410},{"id":142978,"n":"Compotes Douceur du Verger Panachées - 16x100g","p":3.85,"u":"2,41 €/KG","img":"https://fd2-photos.leclercdrive.fr/image.ashx?id=2026857&use=l&cat=p&typeid=i","cat":284416},{"id":143001,"n":"Dosettes café Plantation CLassique - x60 - 416g","p":6.09,"u":"14,64 €/KG","img":"https://fd2-photos.leclercdrive.fr/image.ashx?id=2824289&use=l&cat=p&typeid=i","cat":293238},{"id":143023,"n":"Beef-Stick Vitakraft x4 - 48g","p":1.99,"u":"41,46 €/KG","img":"https://fd2-photos.leclercdrive.fr/image.ashx?id=2857686&use=l&cat=p&typeid=i","cat":294527},{"id":143050,"n":"Pain d'épices Temps des cerises Baies roses et 3 poivres-210g","p":2.6,"u":"12,38 €/KG","img":"https://fd2-photos.leclercdrive.fr/image.ashx?id=2038828&use=l&cat=p&typeid=i","cat":284493},{"id":143344,"n":"Biscottes Eco+ 90 tranches - 750g","p":2.08,"u":"2,77 €/KG","img":"https://fd2-photos.leclercdrive.fr/image.ashx?id=2662580&use=l&cat=p&typeid=i","cat":284479},{"id":143345,"n":"Biscottes Epi d'Or x108 - 900g","p":2.52,"u":"2,80 €/KG","img":"https://fd2-photos.leclercdrive.fr/image.ashx?id=2532847&use=l&cat=p&typeid=i","cat":284479},{"id":143477,"n":"Dessert liégeois Viennois  Café - 4x100g","p":1.58,"u":"3,95 €/KG","img":"https://fd2-photos.leclercdrive.fr/image.ashx?id=2692110&use=l&cat=p&typeid=i","cat":285042},{"id":143478,"n":"Dessert liégeois Viennois  Chocolat - 4x100g","p":1.58,"u":"3,95 €/KG","img":"https://fd2-photos.leclercdrive.fr/image.ashx?id=2849689&use=l&cat=p&typeid=i","cat":285042},{"id":143528,"n":"Dessert liégeois Viennois  Panaché Chocolat Café - 8x100g","p":2.89,"u":"3,61 €/KG","img":"https://fd2-photos.leclercdrive.fr/image.ashx?id=2675298&use=l&cat=p&typeid=i","cat":285042},{"id":143603,"n":"Barre de céréales Grainéa Fruits rouges x6 - 126g","p":1.4,"u":"11,11 €/KG","img":"https://fd2-photos.leclercdrive.fr/image.ashx?id=2729296&use=l&cat=p&typeid=i","cat":285869},{"id":143675,"n":"12 Escargots de Bourgogne A la Bourguignonne - 74g","p":6.05,"pp":4.23,"u":"57,16 €/KG","img":"https://fd2-photos.leclercdrive.fr/image.ashx?id=2967268&use=l&cat=p&typeid=i","cat":319775},{"id":143717,"n":"Coquilles St-Jacques bretonne 50% de noix OFG - 360g","p":11.59,"pp":8.69,"u":"24,14 €/KG","img":"https://fd2-photos.leclercdrive.fr/image.ashx?id=2531898&use=l&cat=p&typeid=i","cat":319775},{"id":143747,"n":"Confiture de figues Labeyrie 110g","p":3.65,"u":"33,18 €/KG","img":"https://fd2-photos.leclercdrive.fr/image.ashx?id=2185205&use=l&cat=p&typeid=i","cat":315999},{"id":143757,"n":"Foie gras de canard Sélection  Maison Montfort - 320g","p":35.69,"u":"111,53 €/KG","img":"https://fd2-photos.leclercdrive.fr/image.ashx?id=2730976&use=l&cat=p&typeid=i","cat":316008},{"id":143812,"n":"Tomates farcies Marie Riz à la tomate - 360g","p":2.93,"u":"8,14 €/KG","img":"https://fd2-photos.leclercdrive.fr/image.ashx?id=2317483&use=l&cat=p&typeid=i","cat":333665},{"id":143834,"n":"Escargots Maitre Coquille Label rouge x12 - 96g","p":5.49,"u":"57,19 €/KG","img":"https://fd2-photos.leclercdrive.fr/image.ashx?id=2031628&use=l&cat=p&typeid=i","cat":319775},{"id":144131,"n":"IGP Foie gras de canard entier Bocal - 270g","p":24.9,"u":"92,22 €/KG","img":"https://fd2-photos.leclercdrive.fr/image.ashx?id=2039401&use=l&cat=p&typeid=i","cat":316008},{"id":144188,"n":"Bloc foie gras Delpeyrat Sud-ouest 30% morceaux 300g","p":23.5,"pp":15.51,"u":"51,70 €/KG","img":"https://fd2-photos.leclercdrive.fr/image.ashx?id=2905288&use=l&cat=p&typeid=i","cat":316008},{"id":144649,"n":"Rillettes saumon Cap Océan ASC Echalote - 140g","p":2.77,"u":"19,79 €/KG","img":"https://fd2-photos.leclercdrive.fr/image.ashx?id=2938773&use=l&cat=p&typeid=i","cat":285191},{"id":144652,"n":"Crabes farcis  Régal du Jour x2 - 320g","p":4.29,"u":"13,41 €/KG","img":"https://fd2-photos.leclercdrive.fr/image.ashx?id=2377385&use=l&cat=p&typeid=i","cat":319775},{"id":144715,"n":"Mini-beurre Paysan Breton Doux x20 - 82%MG - 200g","p":2.7,"u":"13,50 €/KG","img":"https://fd2-photos.leclercdrive.fr/image.ashx?id=2774568&use=l&cat=p&typeid=i","cat":284379},{"id":144773,"n":"Yaourt ferments lactiques Alsa 4 sachets - 8g","p":2.75,"u":"343,75 €/KG","img":"https://fd2-photos.leclercdrive.fr/image.ashx?id=2813875&use=l&cat=p&typeid=i","cat":284505},{"id":144834,"n":"Dosettes café Plantation  Corsé - x60 - 417g","p":5.79,"u":"13,88 €/KG","img":"https://fd2-photos.leclercdrive.fr/image.ashx?id=2824292&use=l&cat=p&typeid=i","cat":293238},{"id":144845,"n":"Lait Empresuré chocolat Laiterie de Saint Malo 4x125g","p":1.76,"u":"3,52 €/KG","img":"https://fd2-photos.leclercdrive.fr/image.ashx?id=2908612&use=l&cat=p&typeid=i","cat":285041},{"id":144846,"n":"Dessert gourmand Mamie Nova Tiramisu cappuccino - 2x85g","p":2.22,"u":"13,06 €/KG","img":"https://fd2-photos.leclercdrive.fr/image.ashx?id=2921316&use=l&cat=p&typeid=i","cat":284419},{"id":144860,"n":"Bière ambrée Goudale 7.2% - 33cl","p":1.45,"u":"4,39 €/L","img":"https://fd2-photos.leclercdrive.fr/image.ashx?id=2039419&use=l&cat=p&typeid=i","cat":334852},{"id":145065,"n":"Dés fromage Origan Basilic Les Croisés - 300g","p":2.83,"u":"9,43 €/KG","img":"https://fd2-photos.leclercdrive.fr/image.ashx?id=2744243&use=l&cat=p&typeid=i","cat":314027},{"id":145070,"n":"PIzza l'ovale Sodebo Chorizo poivrons - 200g","p":2.02,"u":"10,10 €/KG","img":"https://fd2-photos.leclercdrive.fr/image.ashx?id=2438567&use=l&cat=p&typeid=i","cat":333679},{"id":145120,"n":"Préservatifs Classic Lubrifiés - x14","p":4.1,"img":"https://fd2-photos.leclercdrive.fr/image.ashx?id=2848704&use=l&cat=p&typeid=i","cat":284631},{"id":145121,"n":"Préservatifs Classic Intimy Lubrifiés - x28","p":8.14,"u":"0,29 €/P","img":"https://fd2-photos.leclercdrive.fr/image.ashx?id=2927324&use=l&cat=p&typeid=i","cat":284631},{"id":145269,"n":"Feuilletés Tomate Mozzarella Côté Table - 2x130g","p":2.89,"u":"11,12 €/KG","img":"https://fd2-photos.leclercdrive.fr/image.ashx?id=2958665&use=l&cat=p&typeid=i","cat":333671},{"id":145349,"n":"Purée Douceur du Verger Pomme banane - x4 - 400g","p":1.41,"u":"3,53 €/KG","img":"https://fd2-photos.leclercdrive.fr/image.ashx?id=3013465&use=l&cat=p&typeid=i","cat":284416},{"id":145355,"n":"Purée Douceur du Verger Pomme fraise - x4 - 400g","p":1.3,"u":"3,25 €/KG","img":"https://fd2-photos.leclercdrive.fr/image.ashx?id=3009797&use=l&cat=p&typeid=i","cat":284416},{"id":145411,"n":"Filet de cabillaud Pêche Océan MSC - x4 - 400g","p":7.89,"u":"19,73 €/KG","img":"https://fd2-photos.leclercdrive.fr/image.ashx?id=2930129&use=l&cat=p&typeid=i","cat":319786},{"id":145472,"n":"Bière ambrée Coreff 6x25cl","p":6.46,"u":"4,31 €/L","img":"https://fd2-photos.leclercdrive.fr/image.ashx?id=2058972&use=l&cat=p&typeid=i","cat":334852},{"id":145473,"n":"Bière Duchesse Anne 3x33cl","p":4.26,"u":"4,30 €/L","img":"https://fd2-photos.leclercdrive.fr/image.ashx?id=2063938&use=l&cat=p&typeid=i","cat":334872},{"id":145492,"n":"Bière blonde Sant Erwann Originale - 75cl","p":3.48,"u":"4,64 €/L","img":"https://fd2-photos.leclercdrive.fr/image.ashx?id=2678053&use=l&cat=p&typeid=i","cat":334872},{"id":145500,"n":"Chips extra croquante Vico 150g","p":1.11,"u":"7,40 €/KG","img":"https://fd2-photos.leclercdrive.fr/image.ashx?id=2917822&use=l&cat=p&typeid=i","cat":284447},{"id":145513,"n":"Fond de veau Kubor Maggi Dégraissé - 100g","p":2.4,"u":"24,00 €/KG","img":"https://fd2-photos.leclercdrive.fr/image.ashx?id=2917540&use=l&cat=p&typeid=i","cat":288379},{"id":145556,"n":"Crêpes Whaou Chocolat cracky - x15 - 480g","p":4.08,"u":"8,50 €/KG","img":"https://fd2-photos.leclercdrive.fr/image.ashx?id=2971032&use=l&cat=p&typeid=i","cat":284494},{"id":145559,"n":"Fond de volaille Maggi 110g","p":2.4,"u":"21,82 €/KG","img":"https://fd2-photos.leclercdrive.fr/image.ashx?id=2917549&use=l&cat=p&typeid=i","cat":288379},{"id":145560,"n":"Frites rustique Pom'lisse 600g","p":1.99,"u":"3,32 €/KG","img":"https://fd2-photos.leclercdrive.fr/image.ashx?id=2770690&use=l&cat=p&typeid=i","cat":319791},{"id":145561,"n":"Frites  Pom'lisse De patates douces - 600g","p":3.45,"u":"5,75 €/KG","img":"https://fd2-photos.leclercdrive.fr/image.ashx?id=2843797&use=l&cat=p&typeid=i","cat":319791},{"id":145583,"n":"Eau nettoyante Mots d'Enfants bébé bio - 750ml","p":3.99,"u":"5,32 €/L","img":"https://fd2-photos.leclercdrive.fr/image.ashx?id=3014251&use=l&cat=p&typeid=i","cat":284741},{"id":145700,"n":"Tartiflette Côté Table 900g","p":4.55,"u":"5,06 €/KG","img":"https://fd2-photos.leclercdrive.fr/image.ashx?id=2991142&use=l&cat=p&typeid=i","cat":284254},{"id":145931,"n":"Parmentier de canard Côté Table 600g","p":5.61,"u":"9,35 €/KG","img":"https://fd2-photos.leclercdrive.fr/image.ashx?id=2898263&use=l&cat=p&typeid=i","cat":284254},{"id":145948,"n":"Yaourt brassés Délisse Fruits saison - 8x125g","p":2.75,"u":"2,75 €/KG","img":"https://fd2-photos.leclercdrive.fr/image.ashx?id=2913760&use=l&cat=p&typeid=i","cat":284410},{"id":146366,"n":"Quiche Lorraine Marie Pur beurre - 400g","p":3.26,"u":"8,15 €/KG","img":"https://fd2-photos.leclercdrive.fr/image.ashx?id=2996674&use=l&cat=p&typeid=i","cat":284257},{"id":146412,"n":"Infusion bio Jardin Bio Digestion légère x20 - 30g","p":2.39,"u":"79,67 €/KG","img":"https://fd2-photos.leclercdrive.fr/image.ashx?id=2792603&use=l&cat=p&typeid=i","cat":293234},{"id":146413,"n":"Infusion bio Jardin Bio Détente sommeil x20 - 30g","p":2.39,"u":"79,67 €/KG","img":"https://fd2-photos.leclercdrive.fr/image.ashx?id=3011449&use=l&cat=p&typeid=i","cat":293234},{"id":146414,"n":"Infusion bio Jardin Bio Nuits paisibles x20 - 30g","p":2.39,"u":"79,67 €/KG","img":"https://fd2-photos.leclercdrive.fr/image.ashx?id=2792612&use=l&cat=p&typeid=i","cat":293234},{"id":146419,"n":"Infusion Jardin Bio Bio bruleur de graisse x20 -30g","p":2.39,"u":"79,67 €/KG","img":"https://fd2-photos.leclercdrive.fr/image.ashx?id=2968322&use=l&cat=p&typeid=i","cat":293234},{"id":146421,"n":"Infusion Jardin Bio Bio detox - x20 - 30g","p":2.39,"u":"79,67 €/KG","img":"https://fd2-photos.leclercdrive.fr/image.ashx?id=2792630&use=l&cat=p&typeid=i","cat":293234},{"id":146422,"n":"Thé vert Jardin Bio Bio minceur - x20 - 30g","p":2.39,"u":"79,67 €/KG","img":"https://fd2-photos.leclercdrive.fr/image.ashx?id=2948066&use=l&cat=p&typeid=i","cat":293233},{"id":146425,"n":"Thé Jardin Bio Bio détox - x20 - 30g","p":2.39,"u":"79,67 €/KG","img":"https://fd2-photos.leclercdrive.fr/image.ashx?id=2578205&use=l&cat=p&typeid=i","cat":293233},{"id":146426,"n":"Thé vert bio Jardin Bio Gingembre citron vert x20 - 30g","p":2.57,"u":"85,67 €/KG","img":"https://fd2-photos.leclercdrive.fr/image.ashx?id=3011452&use=l&cat=p&typeid=i","cat":293233},{"id":146618,"n":"Escalope de veau *** x1 - 150g","p":3.44,"u":"22,93 €/KG","img":"https://fd2-photos.leclercdrive.fr/image.ashx?id=2081520&use=l&cat=p&typeid=i","cat":284329},{"id":146647,"n":"Côte de porc première x2 - 350g","p":2.43,"u":"6,94 €/KG","img":"https://fd2-photos.leclercdrive.fr/image.ashx?id=621170&use=l&cat=p&typeid=i","cat":284331},{"id":146738,"n":"Café Soluble Nescafé Cappuccino Noisette - 270g","p":4.78,"u":"17,70 €/KG","img":"https://fd2-photos.leclercdrive.fr/image.ashx?id=2867791&use=l&cat=p&typeid=i","cat":284843},{"id":146876,"n":"Bière Sant Erwann IPA 75cl","p":3.8,"u":"5,07 €/L","img":"https://fd2-photos.leclercdrive.fr/image.ashx?id=2678056&use=l&cat=p&typeid=i","cat":334872},{"id":146895,"n":"Lait concentré Régilait non sucré - 410g","p":1.7,"u":"4,15 €/KG","img":"https://fd2-photos.leclercdrive.fr/image.ashx?id=2405866&use=l&cat=p&typeid=i","cat":293236},{"id":146916,"n":"Préparation alsa Crème Pâtissière - 390g","p":2.85,"u":"7,31 €/KG","img":"https://fd2-photos.leclercdrive.fr/image.ashx?id=3007990&use=l&cat=p&typeid=i","cat":284505},{"id":146967,"n":"Poulet croustillant potatoes Sauce ciboulette - 600g","p":7.59,"u":"12,65 €/KG","img":"https://fd2-photos.leclercdrive.fr/image.ashx?id=2047780&use=l&cat=p&typeid=i","cat":333666},{"id":147002,"n":"Feuilleté de Mousse La Laitière Chocolat - 4x57g","p":1.7,"u":"7,46 €/KG","img":"https://fd2-photos.leclercdrive.fr/image.ashx?id=2858594&use=l&cat=p&typeid=i","cat":284417},{"id":147003,"n":"Feuilleté de Mousse La Laitière Vanille - 4x57g","p":1.72,"u":"7,54 €/KG","img":"https://fd2-photos.leclercdrive.fr/image.ashx?id=2764511&use=l&cat=p&typeid=i","cat":284417},{"id":147024,"n":"Raviolis farcis Ajinomoto Gyoza poulet légumes - 400g","p":5.69,"u":"14,23 €/KG","img":"https://fd2-photos.leclercdrive.fr/image.ashx?id=2590294&use=l&cat=p&typeid=i","cat":284254},{"id":147026,"n":"Raviolis farcis Ajinomoto Gyoza crevettes - 400g","p":5.73,"u":"14,33 €/KG","img":"https://fd2-photos.leclercdrive.fr/image.ashx?id=2590297&use=l&cat=p&typeid=i","cat":284254},{"id":147043,"n":"Cocktail fruits de mer Escal Durable ASC/MSC 300g","p":6.13,"u":"20,43 €/KG","img":"https://fd2-photos.leclercdrive.fr/image.ashx?id=2407226&use=l&cat=p&typeid=i","cat":319787},{"id":147067,"n":"Gyoza Boeuf et Légumes Ajinomoto - 212g","p":3.75,"u":"17,69 €/KG","img":"https://fd2-photos.leclercdrive.fr/image.ashx?id=2590628&use=l&cat=p&typeid=i","cat":319774},{"id":147127,"n":"Spray dégraissant Clair Savon noir - 750ml","p":2.05,"u":"2,73 €/L","img":"https://fd2-photos.leclercdrive.fr/image.ashx?id=2840389&use=l&cat=p&typeid=i","cat":325357},{"id":147141,"n":"Xtrem Box Sodebo Radiatori Lardons Raclette 400g","p":4.35,"u":"10,88 €/KG","img":"https://fd2-photos.leclercdrive.fr/image.ashx?id=2631594&use=l&cat=p&typeid=i","cat":334983},{"id":147142,"n":"Semoule au lait La Laitière Nature - 4x115g","p":1.6,"u":"3,48 €/KG","img":"https://fd2-photos.leclercdrive.fr/image.ashx?id=2049343&use=l&cat=p&typeid=i","cat":284418},{"id":147214,"n":"Entrecôte de boeuf*** Charal x1 - 220g","p":8.42,"u":"38,27 €/KG","img":"https://fd2-photos.leclercdrive.fr/image.ashx?id=2046515&use=l&cat=p&typeid=i","cat":284328},{"id":147224,"n":"Capsules Nescafé Dolce Gusto  Espresso - x30","p":7.33,"u":"44,42 €/KG","img":"https://fd2-photos.leclercdrive.fr/image.ashx?id=2737105&use=l&cat=p&typeid=i","cat":293239},{"id":147237,"n":"Compote Douceur du Verger    Bocal pomme morceaux - 730g","p":1.74,"u":"2,38 €/KG","img":"https://fd2-photos.leclercdrive.fr/image.ashx?id=2663563&use=l&cat=p&typeid=i","cat":284508},{"id":147248,"n":"Muesli  Grainea chocolat Noisette 350g","p":2.84,"u":"8,11 €/KG","img":"https://fd2-photos.leclercdrive.fr/image.ashx?id=2077358&use=l&cat=p&typeid=i","cat":309512},{"id":147249,"n":"Preparation Gateau de riz Alsa Nappage caramel 370g","p":2.63,"u":"7,11 €/KG","img":"https://fd2-photos.leclercdrive.fr/image.ashx?id=2805114&use=l&cat=p&typeid=i","cat":284504},{"id":147250,"n":"Préparation Flan Entremets alsa Vanille - 192g","p":1.42,"u":"7,40 €/KG","img":"https://fd2-photos.leclercdrive.fr/image.ashx?id=2805117&use=l&cat=p&typeid=i","cat":284504},{"id":147251,"n":"Préparation Crème Anglaise alsa Vanille des Isles - 300g","p":2.65,"u":"8,83 €/KG","img":"https://fd2-photos.leclercdrive.fr/image.ashx?id=2999826&use=l&cat=p&typeid=i","cat":284504},{"id":147253,"n":"Préparation pour dessert Alsa Caramel beurre salé - 120g","p":1.97,"u":"16,42 €/KG","img":"https://fd2-photos.leclercdrive.fr/image.ashx?id=3007996&use=l&cat=p&typeid=i","cat":284504},{"id":147254,"n":"Confiture Eco+ Fraise - 450g","p":1.14,"u":"2,53 €/KG","img":"https://fd2-photos.leclercdrive.fr/image.ashx?id=2953200&use=l&cat=p&typeid=i","cat":284480},{"id":147255,"n":"Confiture Eco+ Abricot - 450g","p":1.23,"u":"2,73 €/KG","img":"https://fd2-photos.leclercdrive.fr/image.ashx?id=2953203&use=l&cat=p&typeid=i","cat":284480},{"id":147256,"n":"Confiture Eco+ Framboise - 450g","p":2.37,"u":"5,27 €/KG","img":"https://fd2-photos.leclercdrive.fr/image.ashx?id=2486778&use=l&cat=p&typeid=i","cat":284480},{"id":147296,"n":"Gourde Bio Village - 6 mois Bio - 6x90g","p":4.39,"u":"8,13 €/KG","img":"https://fd2-photos.leclercdrive.fr/image.ashx?id=2704879&use=l&cat=p&typeid=i","cat":312393},{"id":147359,"n":"Boisson tablette d'Or Instantanée cacao 800g","p":3.79,"u":"4,74 €/KG","img":"https://fd2-photos.leclercdrive.fr/image.ashx?id=2047904&use=l&cat=p&typeid=i","cat":293235},{"id":147431,"n":"Yaourt à la grecque YAOS Nature lit de framboises 4x125g","p":3.06,"u":"6,12 €/KG","img":"https://fd2-photos.leclercdrive.fr/image.ashx?id=2654575&use=l&cat=p&typeid=i","cat":314999},{"id":147444,"n":"Snack récompense Tous mes amis Fromage boeuf - 140g","p":1.39,"u":"9,93 €/KG","img":"https://fd2-photos.leclercdrive.fr/image.ashx?id=2345565&use=l&cat=p&typeid=i","cat":294527},{"id":147449,"n":"Granola Grainea Chocolat noir amandes - 350g","p":2.75,"u":"7,86 €/KG","img":"https://fd2-photos.leclercdrive.fr/image.ashx?id=2611949&use=l&cat=p&typeid=i","cat":309512},{"id":147456,"n":"Capsules café Plantation Ristretto n°12 - x30 - 156g","p":5.19,"u":"33,27 €/KG","img":"https://fd2-photos.leclercdrive.fr/image.ashx?id=2867263&use=l&cat=p&typeid=i","cat":284749},{"id":147462,"n":"Pâte à tartiner Nestlé Dessert 340g","p":3.83,"u":"11,26 €/KG","img":"https://fd2-photos.leclercdrive.fr/image.ashx?id=2379422&use=l&cat=p&typeid=i","cat":284481},{"id":147464,"n":"Infusion bien-être Jardin Bio Bio x20 - 28g","p":2.39,"u":"85,36 €/KG","img":"https://fd2-photos.leclercdrive.fr/image.ashx?id=2792606&use=l&cat=p&typeid=i","cat":293234},{"id":147525,"n":"Huile bio Bio naïa Jojoba - 50ml","p":4.57,"u":"91,40 €/L","img":"https://fd2-photos.leclercdrive.fr/image.ashx?id=2436711&use=l&cat=p&typeid=i","cat":325349},{"id":147526,"n":"Huile bio Bio naïa Argan - 50ml","p":4.75,"u":"95,00 €/L","img":"https://fd2-photos.leclercdrive.fr/image.ashx?id=2436714&use=l&cat=p&typeid=i","cat":325349},{"id":147527,"n":"Huile bio Bio naïa Ricin - 50ml","p":3.99,"u":"79,80 €/L","img":"https://fd2-photos.leclercdrive.fr/image.ashx?id=2436717&use=l&cat=p&typeid=i","cat":325349},{"id":147528,"n":"Huile bio Bio naïa Amande douce - 50ml","p":3.79,"u":"75,80 €/L","img":"https://fd2-photos.leclercdrive.fr/image.ashx?id=2436720&use=l&cat=p&typeid=i","cat":325349},{"id":147533,"n":"Dentifrice arôme menthe Eco + 125ml","p":0.73,"u":"5,84 €/L","img":"https://fd2-photos.leclercdrive.fr/image.ashx?id=2776277&use=l&cat=p&typeid=i","cat":284612},{"id":147537,"n":"Nettoyant ménager Eco + Citron - 2L","p":1.11,"u":"0,56 €/L","img":"https://fd2-photos.leclercdrive.fr/image.ashx?id=2661930&use=l&cat=p&typeid=i","cat":284907},{"id":147539,"n":"Capsules café Plantation Café au lait - x16 - 152g","p":3.29,"u":"21,64 €/KG","img":"https://fd2-photos.leclercdrive.fr/image.ashx?id=2649750&use=l&cat=p&typeid=i","cat":293239},{"id":147543,"n":"Gel WC détartrant Eco + Citron - 750ml","p":0.59,"u":"0,79 €/L","img":"https://fd2-photos.leclercdrive.fr/image.ashx?id=2836304&use=l&cat=p&typeid=i","cat":284662},{"id":147544,"n":"Pastilles lave-vaisselle Eco + x50 - 750g","p":2.59,"u":"3,45 €/KG","img":"https://fd2-photos.leclercdrive.fr/image.ashx?id=2865032&use=l&cat=p&typeid=i","cat":284656},{"id":147545,"n":"Pastilles anti-calcaire Eco + x20","p":1.25,"u":"0,06 €/P","img":"https://fd2-photos.leclercdrive.fr/image.ashx?id=2603853&use=l&cat=p&typeid=i","cat":284653},{"id":147548,"n":"Gel désodorisant Eco + Parfum lavande - 1 pièce","p":0.53,"img":"https://fd2-photos.leclercdrive.fr/image.ashx?id=2466868&use=l&cat=p&typeid=i","cat":311628},{"id":147549,"n":"Désodorisant mèche Eco + Parfum marine - 375ml","p":1.27,"u":"3,39 €/L","img":"https://fd2-photos.leclercdrive.fr/image.ashx?id=2777788&use=l&cat=p&typeid=i","cat":311628},{"id":147550,"n":"Nettoyant vitres Eco + 1L","p":0.76,"u":"0,76 €/L","img":"https://fd2-photos.leclercdrive.fr/image.ashx?id=2074885&use=l&cat=p&typeid=i","cat":325363},{"id":147677,"n":"Sauce béarnaise Rustica 240g","p":1.29,"u":"5,38 €/KG","img":"https://fd2-photos.leclercdrive.fr/image.ashx?id=2954382&use=l&cat=p&typeid=i","cat":318431},{"id":147678,"n":"Rillettes de saumon Ronde des Mers - 125g","p":1.58,"u":"12,64 €/KG","img":"https://fd2-photos.leclercdrive.fr/image.ashx?id=2436708&use=l&cat=p&typeid=i","cat":305147},{"id":147692,"n":"Fond pour rôtis Maggi 110g","p":2.62,"u":"23,82 €/KG","img":"https://fd2-photos.leclercdrive.fr/image.ashx?id=2917543&use=l&cat=p&typeid=i","cat":288379},{"id":147996,"n":"Bière blonde Coreff 75cl","p":3.9,"u":"5,20 €/L","img":"https://fd2-photos.leclercdrive.fr/image.ashx?id=2054169&use=l&cat=p&typeid=i","cat":334873},{"id":148008,"n":"Genoise P'tit Déli Poire - 150g","p":1.15,"u":"7,67 €/KG","img":"https://fd2-photos.leclercdrive.fr/image.ashx?id=2482508&use=l&cat=p&typeid=i","cat":284489},{"id":148023,"n":"Pois cassés Bio Village Bio 500g","p":1.99,"u":"3,98 €/KG","img":"https://fd2-photos.leclercdrive.fr/image.ashx?id=3002701&use=l&cat=p&typeid=i","cat":284430},{"id":148037,"n":"Purée de tomates italiennes 700g","p":1.8,"u":"2,57 €/KG","img":"https://fd2-photos.leclercdrive.fr/image.ashx?id=3011680&use=l&cat=p&typeid=i","cat":289010},{"id":148250,"n":"Ratatouille  Notre Jardin Provencale - 530g","p":2.76,"u":"5,21 €/KG","img":"https://fd2-photos.leclercdrive.fr/image.ashx?id=2526312&use=l&cat=p&typeid=i","cat":312612},{"id":148291,"n":"Bière Aromatisée Grimbergen Rouge 5,5° - 6x25cl","p":5.64,"u":"3,76 €/L","img":"https://fd2-photos.leclercdrive.fr/image.ashx?id=2873327&use=l&cat=p&typeid=i","cat":334878},{"id":148471,"n":"Pizza Crust Sodebo Farmer  Poulet Sauce Barbecue - 600g","p":5.64,"u":"9,40 €/KG","img":"https://fd2-photos.leclercdrive.fr/image.ashx?id=2912101&use=l&cat=p&typeid=i","cat":333679},{"id":148497,"n":"Bouteille filtrante Brita Blanc/Graphite 1 Microdisc","p":21.9,"img":"https://fd2-photos.leclercdrive.fr/image.ashx?id=2878267&use=l&cat=p&typeid=i","cat":334135},{"id":148509,"n":"Café Liégeois Vanille Saporit x2 - 180g","p":4.95,"u":"27,50 €/KG","img":"https://fd2-photos.leclercdrive.fr/image.ashx?id=2296670&use=l&cat=p&typeid=i","cat":284266},{"id":148511,"n":"Glace coppa Saporit Amarena vanille x2 - 180g","p":4.95,"u":"27,50 €/KG","img":"https://fd2-photos.leclercdrive.fr/image.ashx?id=2296664&use=l&cat=p&typeid=i","cat":284263},{"id":148513,"n":"Glace coppa Saporit Chocolat Liegois x2 - 180g","p":4.39,"u":"24,39 €/KG","img":"https://fd2-photos.leclercdrive.fr/image.ashx?id=2296658&use=l&cat=p&typeid=i","cat":284263},{"id":148646,"n":"Citron confit Beldi 200g","p":3.29,"u":"16,45 €/KG","img":"https://fd2-photos.leclercdrive.fr/image.ashx?id=2073709&use=l&cat=p&typeid=i","cat":288381},{"id":148774,"n":"Préservatifs Intimy Taille XL lubrifiés - x14","p":5.6,"u":"0,40 €/P","img":"https://fd2-photos.leclercdrive.fr/image.ashx?id=2926329&use=l&cat=p&typeid=i","cat":284631},{"id":148957,"n":"Pavé saumon Eco+ MSC - x2 - 250g","p":3.07,"u":"12,28 €/KG","img":"https://fd2-photos.leclercdrive.fr/image.ashx?id=2806847&use=l&cat=p&typeid=i","cat":319786},{"id":148989,"n":"Cônes chocolat Eco+ Pistache - x8 - 520g","p":2.47,"u":"4,75 €/KG","img":"https://fd2-photos.leclercdrive.fr/image.ashx?id=2163859&use=l&cat=p&typeid=i","cat":284264},{"id":148998,"n":"Papier cuisson Elembal Feuilles - x30","p":0.99,"u":"0,03 €/P","img":"https://fd2-photos.leclercdrive.fr/image.ashx?id=2059971&use=l&cat=p&typeid=i","cat":334134},{"id":149068,"n":"Dessert végétal soja Alpro Nature sans sucres - 500g","p":1.8,"u":"3,60 €/KG","img":"https://fd2-photos.leclercdrive.fr/image.ashx?id=2976077&use=l&cat=p&typeid=i","cat":316071},{"id":149219,"n":"Coeur de filet de saumon ASC L'Atelier Poissonnerie - 200g","p":6.49,"u":"32,45 €/KG","img":"https://fd2-photos.leclercdrive.fr/image.ashx?id=2887023&use=l&cat=p&typeid=i","cat":284342},{"id":149236,"n":"Brandade à la morue  Maison Briau Gratinée - 550g","p":5.6,"u":"10,18 €/KG","img":"https://fd2-photos.leclercdrive.fr/image.ashx?id=2850013&use=l&cat=p&typeid=i","cat":285340},{"id":149366,"n":"Bière ambrée Coreff 75cl","p":3.9,"u":"5,20 €/L","img":"https://fd2-photos.leclercdrive.fr/image.ashx?id=2432544&use=l&cat=p&typeid=i","cat":334852},{"id":149390,"n":"Croc'Odor Frigo XL  140g","p":2.47,"u":"17,64 €/KG","img":"https://fd2-photos.leclercdrive.fr/image.ashx?id=2952646&use=l&cat=p&typeid=i","cat":311628},{"id":149465,"n":"Brosse à Dents Signal Soin Gencives Souple x4","p":2.49,"u":"0,62 €/P","img":"https://fd2-photos.leclercdrive.fr/image.ashx?id=2964234&use=l&cat=p&typeid=i","cat":284614},{"id":149782,"n":"Soin léger nuit So Bio Etic Anti-âge bio - 50ml","p":8.16,"u":"163,20 €/L","img":"https://fd2-photos.leclercdrive.fr/image.ashx?id=2792699&use=l&cat=p&typeid=i","cat":325345},{"id":149958,"n":"Brosse à Dents Signal Soin Classique Souple x1","p":1.76,"img":"https://fd2-photos.leclercdrive.fr/image.ashx?id=2950894&use=l&cat=p&typeid=i","cat":284614},{"id":150042,"n":"Happy boulettes Charal x18 - 270g","p":5.72,"u":"21,19 €/KG","img":"https://fd2-photos.leclercdrive.fr/image.ashx?id=2064534&use=l&cat=p&typeid=i","cat":284332},{"id":150228,"n":"Chichis Le Gaulois Poulet - 200g","p":2.9,"u":"14,50 €/KG","img":"https://fd2-photos.leclercdrive.fr/image.ashx?id=2416721&use=l&cat=p&typeid=i","cat":333684},{"id":150229,"n":"Céleri Pierre Martinet rémoulade moutarde - 300g","p":1.6,"u":"5,33 €/KG","img":"https://fd2-photos.leclercdrive.fr/image.ashx?id=2733082&use=l&cat=p&typeid=i","cat":333657},{"id":150238,"n":"Escalope Cordon Bleu Père Dodu  Double Cheese x2 - 200g","p":2.66,"u":"13,30 €/KG","img":"https://fd2-photos.leclercdrive.fr/image.ashx?id=2957185&use=l&cat=p&typeid=i","cat":333683},{"id":150246,"n":"Pâte à tarte sablée Marie Pur beurre - 250g","p":2.65,"u":"10,60 €/KG","img":"https://fd2-photos.leclercdrive.fr/image.ashx?id=2785877&use=l&cat=p&typeid=i","cat":333681},{"id":150247,"n":"Végétal Emincés Garden Gourmet Nature Soja 160g","p":3.15,"u":"19,69 €/KG","img":"https://fd2-photos.leclercdrive.fr/image.ashx?id=2971395&use=l&cat=p&typeid=i","cat":316036},{"id":150253,"n":"Poulet tandoori Fleury Michon Semoule petit legume - 280g","p":4.09,"u":"14,61 €/KG","img":"https://fd2-photos.leclercdrive.fr/image.ashx?id=2680692&use=l&cat=p&typeid=i","cat":333665},{"id":150255,"n":"Torti au surimi Pierre Martinet - 300g","p":1.61,"u":"5,37 €/KG","img":"https://fd2-photos.leclercdrive.fr/image.ashx?id=2613441&use=l&cat=p&typeid=i","cat":333657},{"id":150485,"n":"Chocolat Pâtissier Lindt Noir - 70% cacao - 200g","p":3.24,"u":"16,20 €/KG","img":"https://fd2-photos.leclercdrive.fr/image.ashx?id=2730223&use=l&cat=p&typeid=i","cat":285562},{"id":150486,"n":"Chocolat Pâtissier Lindt Noir - 51% cacao - 200g","p":3.31,"u":"16,55 €/KG","img":"https://fd2-photos.leclercdrive.fr/image.ashx?id=2088726&use=l&cat=p&typeid=i","cat":285562},{"id":150763,"n":"Imperméabilisant protecteur Cuir Daim Nubuck 250ml","p":2.68,"u":"10,72 €/L","img":"https://fd2-photos.leclercdrive.fr/image.ashx?id=2835208&use=l&cat=p&typeid=i","cat":285201},{"id":150788,"n":"HERTA Tendre Croc Jambon Fromage sans nitrite 200g x2","p":1.81,"u":"9,05 €/KG","img":"https://fd2-photos.leclercdrive.fr/image.ashx?id=2752885&use=l&cat=p&typeid=i","cat":333671},{"id":150793,"n":"HERTA Tendre Croc Jambon Fromage sans nitrite 400g x4","p":2.94,"u":"7,35 €/KG","img":"https://fd2-photos.leclercdrive.fr/image.ashx?id=2070144&use=l&cat=p&typeid=i","cat":333671},{"id":150798,"n":"HERTA Tendre Croc Comté Jambon sans nitrite 200g x2","p":1.95,"u":"9,75 €/KG","img":"https://fd2-photos.leclercdrive.fr/image.ashx?id=2070147&use=l&cat=p&typeid=i","cat":333671},{"id":150799,"n":"HERTA Tendre Croc Jambon Fromg ss croûte ss nitrite 200g","p":1.65,"u":"8,25 €/KG","img":"https://fd2-photos.leclercdrive.fr/image.ashx?id=2070153&use=l&cat=p&typeid=i","cat":333671},{"id":150800,"n":"Shampooing&douche Zef Bretagne Sentiers côtiers - 200ml","p":4.61,"u":"23,05 €/L","img":"https://fd2-photos.leclercdrive.fr/image.ashx?id=2074267&use=l&cat=p&typeid=i","cat":284606},{"id":150801,"n":"Crème mains Zef Bretagne Hydratation confort  - 60ml","p":5.23,"u":"87,17 €/L","img":"https://fd2-photos.leclercdrive.fr/image.ashx?id=2074264&use=l&cat=p&typeid=i","cat":325354},{"id":150848,"n":"Churros de pomme de terre 420g - Maison Tino","p":4.34,"u":"10,33 €/KG","img":"https://fd2-photos.leclercdrive.fr/image.ashx?id=2144566&use=l&cat=p&typeid=i","cat":333666},{"id":151002,"n":"Gouter fourré carré P'tit Déli x16 - 295g","p":1.17,"u":"3,97 €/KG","img":"https://fd2-photos.leclercdrive.fr/image.ashx?id=2351238&use=l&cat=p&typeid=i","cat":284489},{"id":151011,"n":"Crème fraîche épaisse 30%mg Paysan Breton - 45cl","p":2.09,"u":"4,64 €/L","img":"https://fd2-photos.leclercdrive.fr/image.ashx?id=2774553&use=l&cat=p&typeid=i","cat":284381},{"id":151027,"n":"Sauce tomate au Mascarpone 250g","p":2.39,"u":"9,56 €/KG","img":"https://fd2-photos.leclercdrive.fr/image.ashx?id=2690024&use=l&cat=p&typeid=i","cat":287599},{"id":151130,"n":"Yaourt à boire Actimel Fraise - 6x100g","p":2.94,"u":"4,90 €/KG","img":"https://fd2-photos.leclercdrive.fr/image.ashx?id=2996482&use=l&cat=p&typeid=i","cat":284415},{"id":151164,"n":"Paris Brest Mamie Nova 2x90g","p":1.94,"u":"10,78 €/KG","img":"https://fd2-photos.leclercdrive.fr/image.ashx?id=2921789&use=l&cat=p&typeid=i","cat":284419},{"id":151165,"n":"Moka Bonne Maman 2x100g","p":1.59,"u":"7,95 €/KG","img":"https://fd2-photos.leclercdrive.fr/image.ashx?id=2911879&use=l&cat=p&typeid=i","cat":284419},{"id":151168,"n":"Mousse au chocolat Bonne Maman 4x50g","p":2.47,"u":"12,35 €/KG","img":"https://fd2-photos.leclercdrive.fr/image.ashx?id=2912323&use=l&cat=p&typeid=i","cat":284417},{"id":151169,"n":"Liégeois lait d'amande chocolat Andros - 4x90g","p":2.96,"u":"8,22 €/KG","img":"https://fd2-photos.leclercdrive.fr/image.ashx?id=2871985&use=l&cat=p&typeid=i","cat":316071},{"id":151170,"n":"Riz au lait Andros Coco vanille - 4x100g","p":2.33,"u":"5,83 €/KG","img":"https://fd2-photos.leclercdrive.fr/image.ashx?id=2872024&use=l&cat=p&typeid=i","cat":316071},{"id":151235,"n":"HERTA Blanc de poulet nature sans nitrite - 140g 4T","p":1.79,"u":"12,79 €/KG","img":"https://fd2-photos.leclercdrive.fr/image.ashx?id=2731348&use=l&cat=p&typeid=i","cat":316010},{"id":151290,"n":"Herta Blanc de poulet -25% de sel sans nitrite 140g 4T","p":2.17,"u":"15,50 €/KG","img":"https://fd2-photos.leclercdrive.fr/image.ashx?id=2307733&use=l&cat=p&typeid=i","cat":316010},{"id":151458,"n":"Lait Bio Sans Lactose Candia  Bouteille 1% MG - 6x1L","p":10.85,"u":"1,81 €/L","img":"https://fd2-photos.leclercdrive.fr/image.ashx?id=2543151&use=l&cat=p&typeid=i","cat":317169},{"id":151462,"n":"Yaourt brassé végétal Nat&Vie Coco Fraise Framboise - 4x100g","p":1.89,"u":"4,73 €/KG","img":"https://fd2-photos.leclercdrive.fr/image.ashx?id=2544997&use=l&cat=p&typeid=i","cat":316071},{"id":151464,"n":"Fromage blanc Calin Extra Nature - 8x100g","p":2.22,"u":"2,78 €/KG","img":"https://fd2-photos.leclercdrive.fr/image.ashx?id=2973736&use=l&cat=p&typeid=i","cat":284409},{"id":151472,"n":"Fromage blanc Calin Extra Nature - 850g","p":2.35,"u":"2,76 €/KG","img":"https://fd2-photos.leclercdrive.fr/image.ashx?id=2973739&use=l&cat=p&typeid=i","cat":284409},{"id":151474,"n":"Fromage blanc Calin 0% Extra Naure - 8x100g","p":2.34,"u":"2,93 €/KG","img":"https://fd2-photos.leclercdrive.fr/image.ashx?id=2973733&use=l&cat=p&typeid=i","cat":284409},{"id":151554,"n":"Moelleux au chocolat noir Marie Morin - 2x120g","p":3.39,"u":"14,13 €/KG","img":"https://fd2-photos.leclercdrive.fr/image.ashx?id=2631717&use=l&cat=p&typeid=i","cat":284419},{"id":151558,"n":"Tiramisu au café Marie Morin - 2x80g","p":3.09,"u":"19,31 €/KG","img":"https://fd2-photos.leclercdrive.fr/image.ashx?id=2634124&use=l&cat=p&typeid=i","cat":284419},{"id":151685,"n":"Terrine de campagne Madrange Dorée au Four - 2x50g","p":1.34,"u":"13,40 €/KG","img":"https://fd2-photos.leclercdrive.fr/image.ashx?id=2885986&use=l&cat=p&typeid=i","cat":316008},{"id":151758,"n":"Mousse de foie Madrange 180g","p":1.32,"u":"7,33 €/KG","img":"https://fd2-photos.leclercdrive.fr/image.ashx?id=3008212&use=l&cat=p&typeid=i","cat":316008},{"id":151863,"n":"AOC Côtes de Bourg vin rouge Château Galau - 3L","p":13.88,"u":"4,63 €/L","img":"https://fd2-photos.leclercdrive.fr/image.ashx?id=2089388&use=l&cat=p&typeid=i","cat":289556},{"id":151936,"n":"Yaourt brassé Bio Les 2 Vaches Vanille - 4x115g","p":1.98,"u":"4,30 €/KG","img":"https://fd2-photos.leclercdrive.fr/image.ashx?id=2571542&use=l&cat=p&typeid=i","cat":284410},{"id":152001,"n":"Gnocchi à poêler Roll Lustucru  300g","p":1.6,"u":"5,33 €/KG","img":"https://fd2-photos.leclercdrive.fr/image.ashx?id=2792408&use=l&cat=p&typeid=i","cat":333682},{"id":152023,"n":"Renovateur blanc La Vachette avec applicateur - 75ml","p":2.16,"u":"28,80 €/L","img":"https://fd2-photos.leclercdrive.fr/image.ashx?id=2075287&use=l&cat=p&typeid=i","cat":285201},{"id":152033,"n":"Coloration végétale bio Bionaïa Noire - 92g","p":7.55,"u":"82,07 €/KG","img":"https://fd2-photos.leclercdrive.fr/image.ashx?id=2075293&use=l&cat=p&typeid=i","cat":288899},{"id":152041,"n":"Déodorant bille bio BionaÏa Eau coco/Aloe Vera - 50ml","p":1.32,"u":"26,40 €/L","img":"https://fd2-photos.leclercdrive.fr/image.ashx?id=2496964&use=l&cat=p&typeid=i","cat":284595},{"id":152043,"n":"Déodorant bio BionaÏa 100ml","p":1.8,"u":"18,00 €/L","img":"https://fd2-photos.leclercdrive.fr/image.ashx?id=2075272&use=l&cat=p&typeid=i","cat":284595},{"id":152045,"n":"Savon solide Manava Citron et basilic x2 - 200g","p":1.39,"u":"6,95 €/KG","img":"https://fd2-photos.leclercdrive.fr/image.ashx?id=2358345&use=l&cat=p&typeid=i","cat":284597},{"id":152078,"n":"Aiguillettes de poulet Kerchant 400g","p":6.1,"u":"15,25 €/KG","img":"https://fd2-photos.leclercdrive.fr/image.ashx?id=2962389&use=l&cat=p&typeid=i","cat":284336},{"id":152345,"n":"Crème nuit L'Oréal Paris Age perfect Golden Age - 50ml","p":11.97,"pp":7.9,"u":"158,00 €/L","img":"https://fd2-photos.leclercdrive.fr/image.ashx?id=2860358&use=l&cat=p&typeid=i","cat":325345},{"id":152365,"n":"Crème éclat La Provençale Bio Jouvence Anti-Âge - 50ml","p":10.41,"u":"208,20 €/L","img":"https://fd2-photos.leclercdrive.fr/image.ashx?id=2948147&use=l&cat=p&typeid=i","cat":325345},{"id":152430,"n":"Semelles Gel Soft Homme Professionnelles - 1 paire","p":19.07,"img":"https://fd2-photos.leclercdrive.fr/image.ashx?id=2600648&use=l&cat=p&typeid=i","cat":325354},{"id":152433,"n":"Semelles Gel Soft Femme Talons Hauts et Aiguilles","p":17.24,"img":"https://fd2-photos.leclercdrive.fr/image.ashx?id=2630214&use=l&cat=p&typeid=i","cat":325354},{"id":152440,"n":"Gel Lubrifiant Massage 2 en 1 Durex Douceur Aloe Vera 200ml","p":6.27,"u":"31,35 €/L","img":"https://fd2-photos.leclercdrive.fr/image.ashx?id=2736556&use=l&cat=p&typeid=i","cat":285160},{"id":152489,"n":"Yaourt brassé végétal Nat&Vie Coco Nature - 4x100g","p":1.89,"u":"4,73 €/KG","img":"https://fd2-photos.leclercdrive.fr/image.ashx?id=2901476&use=l&cat=p&typeid=i","cat":316071},{"id":152502,"n":"Quatre-quart Ker Cadélac 500g","p":2.89,"u":"5,78 €/KG","img":"https://fd2-photos.leclercdrive.fr/image.ashx?id=2958848&use=l&cat=p&typeid=i","cat":294776},{"id":152507,"n":"Charbon de bois Beaux Jours Qualité standard - 20L","p":6.29,"u":"0,31 €/L","img":"https://fd2-photos.leclercdrive.fr/image.ashx?id=2078368&use=l&cat=p&typeid=i","cat":335917},{"id":152576,"n":"Crêpes 1/2 lune Eco+ Jambon emmental - x20 - 1kg","p":2.31,"u":"2,31 €/KG","img":"https://fd2-photos.leclercdrive.fr/image.ashx?id=2698144&use=l&cat=p&typeid=i","cat":319776},{"id":152593,"n":"Desserts Lactés P'TIT ONCTUEUX BIO Mangue  6M+ - 4x90g","p":2.44,"u":"6,78 €/KG","img":"https://fd2-photos.leclercdrive.fr/image.ashx?id=2234156&use=l&cat=p&typeid=i","cat":312392},{"id":152594,"n":"Desserts Lactés P'tit GOURMAND BIO Vanille  6M+ - 4x90g","p":2.32,"u":"6,44 €/KG","img":"https://fd2-photos.leclercdrive.fr/image.ashx?id=2629704&use=l&cat=p&typeid=i","cat":312392},{"id":152596,"n":"Câpres Maille Surfines - 85g","p":2.98,"u":"35,06 €/KG","img":"https://fd2-photos.leclercdrive.fr/image.ashx?id=2539674&use=l&cat=p&typeid=i","cat":284458},{"id":152610,"n":"Pasta Box Sodebo Fusilli à la Bolognaise - 330g","p":2.54,"u":"7,70 €/KG","img":"https://fd2-photos.leclercdrive.fr/image.ashx?id=2991996&use=l&cat=p&typeid=i","cat":334983},{"id":152611,"n":"Gâteaux Kinder Délice coconut Noix de coco et cacao - 10x37g","p":3.56,"u":"9,62 €/KG","img":"https://fd2-photos.leclercdrive.fr/image.ashx?id=2832482&use=l&cat=p&typeid=i","cat":284495},{"id":152612,"n":"Pasta Box Sodebo Fusilli à la Carbonara - 330g","p":2.52,"u":"7,64 €/KG","img":"https://fd2-photos.leclercdrive.fr/image.ashx?id=2919781&use=l&cat=p&typeid=i","cat":334983},{"id":152615,"n":"Pasta Box Sodebo Fusilli Fromages Italiens -330g","p":2.65,"u":"8,03 €/KG","img":"https://fd2-photos.leclercdrive.fr/image.ashx?id=2919784&use=l&cat=p&typeid=i","cat":334983},{"id":152616,"n":"Pasta Box Sodebo Fusilli Saumon - 280g","p":2.94,"u":"9,80 €/KG","img":"https://fd2-photos.leclercdrive.fr/image.ashx?id=2985078&use=l&cat=p&typeid=i","cat":334983},{"id":152682,"n":"Bière Cherry Chouffe 75cl","p":4.79,"u":"6,39 €/L","img":"https://fd2-photos.leclercdrive.fr/image.ashx?id=3009050&use=l&cat=p&typeid=i","cat":334872},{"id":152718,"n":"Allumettes apéritives Blini x28 - 310g","p":3.59,"u":"11,58 €/KG","img":"https://fd2-photos.leclercdrive.fr/image.ashx?id=2571593&use=l&cat=p&typeid=i","cat":319774},{"id":152736,"n":"Camembert Le Rustique Extra coulant - 240g","p":3.34,"u":"13,92 €/KG","img":"https://fd2-photos.leclercdrive.fr/image.ashx?id=2797479&use=l&cat=p&typeid=i","cat":314033},{"id":152858,"n":"Saucisses fumées Maître Jacques  x4 - 300g","p":4.1,"u":"13,67 €/KG","img":"https://fd2-photos.leclercdrive.fr/image.ashx?id=2746971&use=l&cat=p&typeid=i","cat":284334},{"id":152984,"n":"AOP Prosecco rosé  Vilaveroni - 75cl","p":7.91,"u":"10,55 €/L","img":"https://fd2-photos.leclercdrive.fr/image.ashx?id=2492354&use=l&cat=p&typeid=i","cat":289558},{"id":153015,"n":"Cassonade pure canne Daddy 750g","p":2.25,"u":"3,00 €/KG","img":"https://fd2-photos.leclercdrive.fr/image.ashx?id=2944702&use=l&cat=p&typeid=i","cat":284502},{"id":153058,"n":"Cônes glacés Trium Coco - x6 - 411g","p":2.69,"u":"6,55 €/KG","img":"https://fd2-photos.leclercdrive.fr/image.ashx?id=2931844&use=l&cat=p&typeid=i","cat":284264},{"id":153059,"n":"Cônes glacés Trium Chocolat - x6 - 423g","p":2.13,"u":"5,04 €/KG","img":"https://fd2-photos.leclercdrive.fr/image.ashx?id=2931829&use=l&cat=p&typeid=i","cat":284264},{"id":153060,"n":"Cônes glacés Trium Vanille caramel - x6 - 432g","p":2.53,"u":"5,86 €/KG","img":"https://fd2-photos.leclercdrive.fr/image.ashx?id=2931835&use=l&cat=p&typeid=i","cat":284264},{"id":153061,"n":"Cônes glacés Trium Vanille fraise - x6 - 426g","p":1.69,"u":"3,97 €/KG","img":"https://fd2-photos.leclercdrive.fr/image.ashx?id=2931808&use=l&cat=p&typeid=i","cat":284264},{"id":153062,"n":"Cônes glacés Trium Vanille nougatine x6 - 402g","p":1.59,"u":"3,96 €/KG","img":"https://fd2-photos.leclercdrive.fr/image.ashx?id=2931805&use=l&cat=p&typeid=i","cat":284264},{"id":153064,"n":"Mini cônesTrium Vanille Chocolat x8 - 344g","p":2.99,"u":"8,69 €/KG","img":"https://fd2-photos.leclercdrive.fr/image.ashx?id=2931841&use=l&cat=p&typeid=i","cat":284264},{"id":153067,"n":"Cônes glacés Trium Fruits rouges - x6 - 474g","p":2.51,"u":"5,30 €/KG","img":"https://fd2-photos.leclercdrive.fr/image.ashx?id=2931832&use=l&cat=p&typeid=i","cat":284264},{"id":153068,"n":"Cônes glacés Trium Sorbet mangue passion x6 456g","p":2.56,"u":"5,61 €/KG","img":"https://fd2-photos.leclercdrive.fr/image.ashx?id=2931823&use=l&cat=p&typeid=i","cat":284264},{"id":153069,"n":"Cônes glacés Trium Rhum raisins - x6 - 414g","p":2.43,"u":"5,87 €/KG","img":"https://fd2-photos.leclercdrive.fr/image.ashx?id=2931814&use=l&cat=p&typeid=i","cat":284264},{"id":153070,"n":"Cônes glacés Trium Menthe chocolat x6 - 414g","p":2.19,"u":"5,29 €/KG","img":"https://fd2-photos.leclercdrive.fr/image.ashx?id=2931826&use=l&cat=p&typeid=i","cat":284264},{"id":153071,"n":"Cônes glacés Trium Crème brulée - x6 - 426g","p":2.52,"u":"5,92 €/KG","img":"https://fd2-photos.leclercdrive.fr/image.ashx?id=2931820&use=l&cat=p&typeid=i","cat":284264},{"id":153072,"n":"Cônes glacés Trium Café - x6 - 426g","p":2.09,"u":"4,91 €/KG","img":"https://fd2-photos.leclercdrive.fr/image.ashx?id=2931838&use=l&cat=p&typeid=i","cat":284264},{"id":153073,"n":"Cônes glacés Trium Vanille chocolat - x6 - 426g","p":1.93,"u":"4,53 €/KG","img":"https://fd2-photos.leclercdrive.fr/image.ashx?id=2931817&use=l&cat=p&typeid=i","cat":284264},{"id":153074,"n":"Cônes glacés Trium Citron framboise x6 - 456g","p":2.67,"u":"5,86 €/KG","img":"https://fd2-photos.leclercdrive.fr/image.ashx?id=2931811&use=l&cat=p&typeid=i","cat":284264},{"id":153075,"n":"Cônes glacés Trium Chocolat pistaches - x6 - 402g","p":1.99,"u":"4,95 €/KG","img":"https://fd2-photos.leclercdrive.fr/image.ashx?id=2909909&use=l&cat=p&typeid=i","cat":284264},{"id":153108,"n":"Rhum blanc Clement 50° - 1L","p":21.32,"u":"21,32 €/L","img":"https://fd2-photos.leclercdrive.fr/image.ashx?id=2093244&use=l&cat=p&typeid=i","cat":284550},{"id":153148,"n":"Jambon Supérieur Fleury Michon sans nitrite x6 - 210g","p":3.19,"u":"15,19 €/KG","img":"https://fd2-photos.leclercdrive.fr/image.ashx?id=2889478&use=l&cat=p&typeid=i","cat":316009},{"id":153151,"n":"Jambon Supérieur Fleury Michon sans nitrite x4 - 140g","p":2.09,"u":"14,93 €/KG","img":"https://fd2-photos.leclercdrive.fr/image.ashx?id=2889475&use=l&cat=p&typeid=i","cat":316009},{"id":153152,"n":"Jambon Supérieur Fleury Michon sans nitrite x2 - 70g","p":1.53,"u":"21,86 €/KG","img":"https://fd2-photos.leclercdrive.fr/image.ashx?id=2889472&use=l&cat=p&typeid=i","cat":316009},{"id":153153,"n":"Jambon Supérieur Fleury Michon -25% sel sans nitrite- x2 - 70g","p":1.89,"u":"27,00 €/KG","img":"https://fd2-photos.leclercdrive.fr/image.ashx?id=2889484&use=l&cat=p&typeid=i","cat":316009},{"id":153154,"n":"Jambon Supérieur Fleury Michon -25% sel sans nitrite x6 - 210g","p":4.12,"u":"19,62 €/KG","img":"https://fd2-photos.leclercdrive.fr/image.ashx?id=2889487&use=l&cat=p&typeid=i","cat":316009},{"id":153155,"n":"Jambon Supérieur Fleury Michon -25% sel sans nitrite x4 - 140g","p":2.89,"u":"20,64 €/KG","img":"https://fd2-photos.leclercdrive.fr/image.ashx?id=2905399&use=l&cat=p&typeid=i","cat":316009},{"id":153158,"n":"Jambon Simplement Bon Fleury  Michon -25% de sel - x6 - 210g","p":2.87,"u":"13,67 €/KG","img":"https://fd2-photos.leclercdrive.fr/image.ashx?id=2842696&use=l&cat=p&typeid=i","cat":316009},{"id":153159,"n":"Jambon Simplement Bon Fleury  Michon -25% de sel x4 - 140g","p":2.36,"u":"16,86 €/KG","img":"https://fd2-photos.leclercdrive.fr/image.ashx?id=2843385&use=l&cat=p&typeid=i","cat":316009},{"id":153164,"n":"Jambon  Simplement Bon Fleury  Michon x4 - 160g","p":2.09,"u":"13,06 €/KG","img":"https://fd2-photos.leclercdrive.fr/image.ashx?id=2843147&use=l&cat=p&typeid=i","cat":316009},{"id":153165,"n":"Jambon Fleury Michon Simplement  Bio sans nitrite - x4 - 120g","p":4.78,"u":"39,83 €/KG","img":"https://fd2-photos.leclercdrive.fr/image.ashx?id=2959040&use=l&cat=p&typeid=i","cat":316009},{"id":153166,"n":"Jambon Simplement Bon Fleury Michon - x6 - 240g","p":2.55,"u":"10,63 €/KG","img":"https://fd2-photos.leclercdrive.fr/image.ashx?id=2843150&use=l&cat=p&typeid=i","cat":316009},{"id":153167,"n":"Jambon Simplement Bon  Fleury Michon - x8 - 320g","p":3.58,"u":"11,19 €/KG","img":"https://fd2-photos.leclercdrive.fr/image.ashx?id=3008383&use=l&cat=p&typeid=i","cat":316009},{"id":153241,"n":"Blanc de poulet Fleury Michon doré au four - x8 - 240g","p":2.3,"u":"9,58 €/KG","img":"https://fd2-photos.leclercdrive.fr/image.ashx?id=2962845&use=l&cat=p&typeid=i","cat":316010},{"id":153248,"n":"Rôti de porc Fleury Michon Extra tendre - x4 - 160g","p":2.7,"u":"16,88 €/KG","img":"https://fd2-photos.leclercdrive.fr/image.ashx?id=2314050&use=l&cat=p&typeid=i","cat":316009},{"id":153249,"n":"Barre patisserie P'tit Déli Pepites de chocolats 500g","p":3.49,"u":"6,98 €/KG","img":"https://fd2-photos.leclercdrive.fr/image.ashx?id=2609589&use=l&cat=p&typeid=i","cat":294776},{"id":153313,"n":"Gateau Savane Brossard Pocket chocolat - x7  210g","p":1.99,"u":"9,48 €/KG","img":"https://fd2-photos.leclercdrive.fr/image.ashx?id=2870722&use=l&cat=p&typeid=i","cat":284495},{"id":153328,"n":"Gâteaux fourrés Napolitain LU Chocolat - 180g","p":1.45,"u":"8,06 €/KG","img":"https://fd2-photos.leclercdrive.fr/image.ashx?id=3002225&use=l&cat=p&typeid=i","cat":284495},{"id":153447,"n":"Lait Céréales bio Bio Village Vanille 6 mois - 2x25cl","p":2.13,"u":"4,26 €/L","img":"https://fd2-photos.leclercdrive.fr/image.ashx?id=2833026&use=l&cat=p&typeid=i","cat":312226},{"id":153494,"n":"Desserts Lactés P'TIT BRASSE Abricot BIO 6M+ - 4x90g","p":2.1,"u":"5,83 €/KG","img":"https://fd2-photos.leclercdrive.fr/image.ashx?id=2672581&use=l&cat=p&typeid=i","cat":312392},{"id":153969,"n":"Culottes Lotus Baby T3 Douceur naturelle 7/11kg - x34","p":15.38,"u":"0,45 €/P","img":"https://fd2-photos.leclercdrive.fr/image.ashx?id=2449175&use=l&cat=p&typeid=i","cat":290633},{"id":154098,"n":"Cidre rouge La Mordue 4x27.5 cl","p":3.98,"u":"3,62 €/L","img":"https://fd2-photos.leclercdrive.fr/image.ashx?id=2625133&use=l&cat=p&typeid=i","cat":334880},{"id":154622,"n":"Galette Trégalette Saucisse oignons  - 220g","p":3.3,"u":"15,00 €/KG","img":"https://fd2-photos.leclercdrive.fr/image.ashx?id=2517526&use=l&cat=p&typeid=i","cat":333672},{"id":154629,"n":"Bière Blonde Leffe 6,6% - 20x25cl","p":15.2,"u":"3,04 €/L","img":"https://fd2-photos.leclercdrive.fr/image.ashx?id=2995427&use=l&cat=p&typeid=i","cat":334852},{"id":155123,"n":"Biscuits fourrés  BN Fraises - 285g","p":1.29,"u":"4,53 €/KG","img":"https://fd2-photos.leclercdrive.fr/image.ashx?id=2878804&use=l&cat=p&typeid=i","cat":284489},{"id":155129,"n":"Petits pois doux carottes Bio Bio Village - 420g","p":2.31,"u":"5,50 €/KG","img":"https://fd2-photos.leclercdrive.fr/image.ashx?id=3002710&use=l&cat=p&typeid=i","cat":312607},{"id":155134,"n":"Knacki original Herta x4 - 140g","p":1.37,"u":"9,79 €/KG","img":"https://fd2-photos.leclercdrive.fr/image.ashx?id=2289840&use=l&cat=p&typeid=i","cat":316012},{"id":155198,"n":"Rôti de porc Fleury Michon Sans nitrite - x6 - 180g","p":3.06,"u":"17,00 €/KG","img":"https://fd2-photos.leclercdrive.fr/image.ashx?id=2335478&use=l&cat=p&typeid=i","cat":316009},{"id":155244,"n":"Mini cônes Extrême  Vanille  - 8x39g","p":4.4,"u":"14,10 €/KG","img":"https://fd2-photos.leclercdrive.fr/image.ashx?id=2737741&use=l&cat=p&typeid=i","cat":284264},{"id":155293,"n":"Prépa Gâteau alsa Cœur Coulants Chocolat - 275g","p":2.98,"u":"10,84 €/KG","img":"https://fd2-photos.leclercdrive.fr/image.ashx?id=2996443&use=l&cat=p&typeid=i","cat":284505},{"id":155295,"n":"Préparation Cookies alsa Pépites de Chocolat - 240g","p":2.19,"u":"9,13 €/KG","img":"https://fd2-photos.leclercdrive.fr/image.ashx?id=2996446&use=l&cat=p&typeid=i","cat":284505},{"id":155301,"n":"Biscuit BN chocolat 285g","p":1.29,"u":"4,53 €/KG","img":"https://fd2-photos.leclercdrive.fr/image.ashx?id=2810705&use=l&cat=p&typeid=i","cat":284488},{"id":155302,"n":"Biscuits BN casse croute 400g","p":1.39,"u":"3,48 €/KG","img":"https://fd2-photos.leclercdrive.fr/image.ashx?id=2503900&use=l&cat=p&typeid=i","cat":284491},{"id":155303,"n":"Briochettes Pasquier x12 - 480g","p":2.29,"u":"4,77 €/KG","img":"https://fd2-photos.leclercdrive.fr/image.ashx?id=2417857&use=l&cat=p&typeid=i","cat":284478},{"id":155418,"n":"Pâte à tartiner Mars 350g","p":4.6,"u":"13,14 €/KG","img":"https://fd2-photos.leclercdrive.fr/image.ashx?id=2736643&use=l&cat=p&typeid=i","cat":284481},{"id":155421,"n":"Pâte à tartiner M&M'S 350g","p":4.8,"u":"13,71 €/KG","img":"https://fd2-photos.leclercdrive.fr/image.ashx?id=2099666&use=l&cat=p&typeid=i","cat":284481},{"id":155422,"n":"Pâte à tartiner Bounty 350g","p":5.26,"u":"15,03 €/KG","img":"https://fd2-photos.leclercdrive.fr/image.ashx?id=2736640&use=l&cat=p&typeid=i","cat":284481},{"id":155426,"n":"Pâte à tartiner Maltesers 350g","p":3.95,"u":"11,29 €/KG","img":"https://fd2-photos.leclercdrive.fr/image.ashx?id=2099660&use=l&cat=p&typeid=i","cat":284481},{"id":155448,"n":"Gâche tranchée Pasquier 500g","p":2.11,"u":"4,22 €/KG","img":"https://fd2-photos.leclercdrive.fr/image.ashx?id=2650516&use=l&cat=p&typeid=i","cat":284478},{"id":155511,"n":"Nettoyant Lave-Linge Destop  Désinfectant - x2","p":5.03,"u":"10,06 €/L","img":"https://fd2-photos.leclercdrive.fr/image.ashx?id=2831735&use=l&cat=p&typeid=i","cat":284653},{"id":155549,"n":"Glace Bâtonnet MAGNUM Double Gold Caramel 4x85ml","p":2.84,"u":"10,00 €/KG","img":"https://fd2-photos.leclercdrive.fr/image.ashx?id=2770620&use=l&cat=p&typeid=i","cat":284265},{"id":155666,"n":"Poulet du rôtisseur Maître Coq - 1kg","p":10.03,"u":"10,03 €/KG","img":"https://fd2-photos.leclercdrive.fr/image.ashx?id=2370140&use=l&cat=p&typeid=i","cat":333685},{"id":155717,"n":"Sauce apéritif  Doritos Goût salsa douce -280g","p":2.5,"u":"8,93 €/KG","img":"https://fd2-photos.leclercdrive.fr/image.ashx?id=3014476&use=l&cat=p&typeid=i","cat":284451},{"id":155792,"n":"Compote bébé Blédina 4-6 mois Pomme coing - 4x130g","p":2.82,"u":"5,42 €/KG","img":"https://fd2-photos.leclercdrive.fr/image.ashx?id=2911205&use=l&cat=p&typeid=i","cat":312387},{"id":155816,"n":"Compote avec morceaux Andros Framboise - 4x100g","p":2.31,"u":"5,78 €/KG","img":"https://fd2-photos.leclercdrive.fr/image.ashx?id=2908201&use=l&cat=p&typeid=i","cat":284416},{"id":155819,"n":"Yaourt brassé Perle de Lait Saveur Amande - 4x125g","p":2.0,"u":"4,00 €/KG","img":"https://fd2-photos.leclercdrive.fr/image.ashx?id=2939655&use=l&cat=p&typeid=i","cat":286006},{"id":155820,"n":"Salade Batavia verte 1p","p":1.45,"img":"https://fd2-photos.leclercdrive.fr/image.ashx?id=1633577&use=l&cat=p&typeid=i","cat":284352},{"id":155828,"n":"Chou rouge 1p","p":2.4,"img":"https://fd2-photos.leclercdrive.fr/image.ashx?id=560850&use=l&cat=p&typeid=i","cat":284352},{"id":155833,"n":"Feuille de chêne rouge 1p","p":1.45,"img":"https://fd2-photos.leclercdrive.fr/image.ashx?id=1633670&use=l&cat=p&typeid=i","cat":284352},{"id":155892,"n":"Blanc de Poulet Le Gaulois Sans nitrites x4 - 160g","p":2.1,"u":"13,13 €/KG","img":"https://fd2-photos.leclercdrive.fr/image.ashx?id=2962620&use=l&cat=p&typeid=i","cat":316010},{"id":155894,"n":"Blanc de Dinde Le Gaulois Sans nitrites x4 tranches -160g","p":2.25,"u":"14,06 €/KG","img":"https://fd2-photos.leclercdrive.fr/image.ashx?id=2962623&use=l&cat=p&typeid=i","cat":316010},{"id":155900,"n":"Boisson aux Fruits Jafun Tropical - 10x20cl","p":3.2,"u":"1,60 €/L","img":"https://fd2-photos.leclercdrive.fr/image.ashx?id=2992567&use=l&cat=p&typeid=i","cat":295018},{"id":156067,"n":"Soda Coca-Cola Canette - 6x33cl","p":4.19,"u":"2,12 €/L","img":"https://fd2-photos.leclercdrive.fr/image.ashx?id=2997229&use=l&cat=p&typeid=i","cat":284530},{"id":156112,"n":"Oeufs au sol Paroles d'Eleveurs x12","p":2.47,"u":"0,21 €/P","img":"https://fd2-photos.leclercdrive.fr/image.ashx?id=2506026&use=l&cat=p&typeid=i","cat":284378},{"id":156135,"n":"Soda Coca-Cola canettes 12x33cl","p":8.17,"u":"2,06 €/L","img":"https://fd2-photos.leclercdrive.fr/image.ashx?id=2192940&use=l&cat=p&typeid=i","cat":284530},{"id":156145,"n":"Thé glacé Fuze tea Saveur pêche - 1,75L","p":1.83,"u":"1,05 €/L","img":"https://fd2-photos.leclercdrive.fr/image.ashx?id=2944395&use=l&cat=p&typeid=i","cat":295019},{"id":156151,"n":"Cônes Extrême Sundae Caramel - 438g","p":3.45,"u":"7,88 €/KG","img":"https://fd2-photos.leclercdrive.fr/image.ashx?id=2844034&use=l&cat=p&typeid=i","cat":284264},{"id":156156,"n":"Fromage enfant Kiri crème 8 portions à tartiner - 144g","p":2.65,"u":"0,33 €/P","img":"https://fd2-photos.leclercdrive.fr/image.ashx?id=2973562&use=l&cat=p&typeid=i","cat":314030},{"id":156165,"n":"Sauce bolognaise Bolo Balls 400g","p":2.58,"u":"6,45 €/KG","img":"https://fd2-photos.leclercdrive.fr/image.ashx?id=2918571&use=l&cat=p&typeid=i","cat":287599},{"id":156174,"n":"Biscuits fourrés BN Framboise - 285g","p":1.56,"u":"5,47 €/KG","img":"https://fd2-photos.leclercdrive.fr/image.ashx?id=2474999&use=l&cat=p&typeid=i","cat":284489},{"id":156175,"n":"Doomino St Michel Chocolat - x6","p":1.47,"u":"8,17 €/KG","img":"https://fd2-photos.leclercdrive.fr/image.ashx?id=2949979&use=l&cat=p&typeid=i","cat":284495},{"id":156188,"n":"Préparation Flan Pâtissier alsa Vanille - 740g","p":2.83,"u":"3,82 €/KG","img":"https://fd2-photos.leclercdrive.fr/image.ashx?id=2790591&use=l&cat=p&typeid=i","cat":284505},{"id":156198,"n":"Bière blonde Tripel Karmeliet 8,4% - 6x33cl","p":12.18,"u":"6,15 €/L","img":"https://fd2-photos.leclercdrive.fr/image.ashx?id=2675586&use=l&cat=p&typeid=i","cat":334872},{"id":156199,"n":"Bière ambrée Kwak 8,4° - 6x33cl","p":12.96,"u":"6,55 €/L","img":"https://fd2-photos.leclercdrive.fr/image.ashx?id=2677504&use=l&cat=p&typeid=i","cat":334872},{"id":156223,"n":"Croquette Truite One Sterilcat Indoor formula","p":14.22,"u":"4,74 €/KG","img":"https://fd2-photos.leclercdrive.fr/image.ashx?id=2488076&use=l&cat=p&typeid=i","cat":284680},{"id":156342,"n":"Fromage le Coq  125g","p":2.52,"u":"20,16 €/KG","img":"https://fd2-photos.leclercdrive.fr/image.ashx?id=2985315&use=l&cat=p&typeid=i","cat":314032},{"id":156343,"n":"Abondance AOP NRT L'Atelier Fromagerie - 150g","p":3.2,"u":"21,33 €/KG","img":"https://fd2-photos.leclercdrive.fr/image.ashx?id=2123907&use=l&cat=p&typeid=i","cat":314036},{"id":156359,"n":"Crottin de chèvre Rians 3+1 offert - 240g","p":5.54,"u":"23,08 €/KG","img":"https://fd2-photos.leclercdrive.fr/image.ashx?id=2557951&use=l&cat=p&typeid=i","cat":314031},{"id":156397,"n":"Glaces Ferrero Rocher x4 chocolat lait noisettes - 200g","p":3.39,"img":"https://fd2-photos.leclercdrive.fr/image.ashx?id=2759065&use=l&cat=p&typeid=i","cat":284265},{"id":156412,"n":"Glaces Nui Caramel White chocolate & Texan pecan x4 264g","p":4.28,"u":"16,21 €/KG","img":"https://fd2-photos.leclercdrive.fr/image.ashx?id=2519900&use=l&cat=p&typeid=i","cat":284265},{"id":156415,"n":"Bâtonnet Raffaello  Noix de coco amandes x4 - 188g","p":3.39,"u":"18,03 €/KG","img":"https://fd2-photos.leclercdrive.fr/image.ashx?id=2863890&use=l&cat=p&typeid=i","cat":284265},{"id":156424,"n":"Camembert Les Croisés   A chauffer - 250g","p":2.99,"u":"11,96 €/KG","img":"https://fd2-photos.leclercdrive.fr/image.ashx?id=2793299&use=l&cat=p&typeid=i","cat":314037},{"id":156476,"n":"Fromage Feta Grecque Islos AOP - 150g","p":2.45,"u":"16,33 €/KG","img":"https://fd2-photos.leclercdrive.fr/image.ashx?id=2892625&use=l&cat=p&typeid=i","cat":314026},{"id":156493,"n":"Petit pot bébé Blédina 6 mois  Légumes bœuf - 2x200g","p":2.19,"u":"5,48 €/KG","img":"https://fd2-photos.leclercdrive.fr/image.ashx?id=2968091&use=l&cat=p&typeid=i","cat":312236},{"id":156495,"n":"Petit pot bébé Blédina 6 mois Légumes lieu - 2x200g","p":1.73,"u":"4,33 €/KG","img":"https://fd2-photos.leclercdrive.fr/image.ashx?id=2935771&use=l&cat=p&typeid=i","cat":312236},{"id":156496,"n":"Petit pot bébé Blédina 6 mois Potimarron jambon - 2x200g","p":2.35,"u":"5,88 €/KG","img":"https://fd2-photos.leclercdrive.fr/image.ashx?id=2935768&use=l&cat=p&typeid=i","cat":312236},{"id":156497,"n":"Petit pot bébé Blédina 8 mois Riz ratatouille poisson -2x200g","p":2.12,"u":"5,30 €/KG","img":"https://fd2-photos.leclercdrive.fr/image.ashx?id=2911208&use=l&cat=p&typeid=i","cat":312236},{"id":156499,"n":"Petit pot bébé Blédina 8 mois Légumes poulet - 2x200g","p":2.07,"u":"5,18 €/KG","img":"https://fd2-photos.leclercdrive.fr/image.ashx?id=2935765&use=l&cat=p&typeid=i","cat":312236},{"id":156527,"n":"Capsules Starbucks by Nespresso  Blonde Espresso Int 6 - x18","p":6.05,"u":"64,36 €/KG","img":"https://fd2-photos.leclercdrive.fr/image.ashx?id=2668177&use=l&cat=p&typeid=i","cat":284749},{"id":156538,"n":"Compote bébé Blédina 6 mois  Aux fruits - 4x130g","p":2.62,"u":"5,04 €/KG","img":"https://fd2-photos.leclercdrive.fr/image.ashx?id=2911196&use=l&cat=p&typeid=i","cat":312388},{"id":156540,"n":"Petit pot bébé Blédina 6 mois Patate douce carotte-2x200g","p":2.04,"u":"5,10 €/KG","img":"https://fd2-photos.leclercdrive.fr/image.ashx?id=2951617&use=l&cat=p&typeid=i","cat":312235},{"id":156553,"n":"Madeleine coeur myrtille x10 sachets fraîcheur","p":2.99,"u":"9,97 €/KG","img":"https://fd2-photos.leclercdrive.fr/image.ashx?id=2936254&use=l&cat=p&typeid=i","cat":284492},{"id":156563,"n":"Petit pot bébé Blédina 6 mois Purée carotte jambon - 2x200g","p":2.13,"u":"5,33 €/KG","img":"https://fd2-photos.leclercdrive.fr/image.ashx?id=2935762&use=l&cat=p&typeid=i","cat":312236},{"id":156564,"n":"Petit pot bébé Blédina 6 mois Riz tomate poulet - 2x200g","p":1.91,"u":"4,78 €/KG","img":"https://fd2-photos.leclercdrive.fr/image.ashx?id=2951614&use=l&cat=p&typeid=i","cat":312236},{"id":156598,"n":"Biscuits fourrés bio Jardin Bio Chocolat - 300g","p":2.65,"u":"8,83 €/KG","img":"https://fd2-photos.leclercdrive.fr/image.ashx?id=2903353&use=l&cat=p&typeid=i","cat":284488},{"id":156638,"n":"Emincés de truites fumé ASC Ronde des Mers - 100g","p":4.39,"u":"43,90 €/KG","img":"https://fd2-photos.leclercdrive.fr/image.ashx?id=2953638&use=l&cat=p&typeid=i","cat":285188},{"id":157643,"n":"Sandwich Mega Club Sodebo  Pain Suédois Poulet Œuf - 230g","p":2.63,"u":"11,43 €/KG","img":"https://fd2-photos.leclercdrive.fr/image.ashx?id=2962542&use=l&cat=p&typeid=i","cat":333658},{"id":157846,"n":"Burger au poivre Charal - 6x145g","p":11.97,"u":"13,76 €/KG","img":"https://fd2-photos.leclercdrive.fr/image.ashx?id=2124648&use=l&cat=p&typeid=i","cat":333671},{"id":158143,"n":"Bière menthe Desperados Virgin Mojito - 00%vol - 3x33cl","p":3.89,"u":"3,93 €/L","img":"https://fd2-photos.leclercdrive.fr/image.ashx?id=2975164&use=l&cat=p&typeid=i","cat":334877},{"id":158145,"n":"Bière agrumes Desperados Virgin 0%vol - 6x33cl","p":7.03,"u":"3,55 €/L","img":"https://fd2-photos.leclercdrive.fr/image.ashx?id=2767519&use=l&cat=p&typeid=i","cat":334877},{"id":158220,"n":"Rhum Havana Club 3 ans 37,5% vol - 70cl","p":15.2,"u":"21,71 €/L","img":"https://fd2-photos.leclercdrive.fr/image.ashx?id=2874096&use=l&cat=p&typeid=i","cat":284550},{"id":158285,"n":"Glace Ben & Jerry's Mini pots Cool-loction 4x100ml","p":6.44,"u":"22,36 €/KG","img":"https://fd2-photos.leclercdrive.fr/image.ashx?id=3009278&use=l&cat=p&typeid=i","cat":284725},{"id":158287,"n":"Galette Trégalette Saumon crème ciboulette - 200g","p":3.3,"u":"16,50 €/KG","img":"https://fd2-photos.leclercdrive.fr/image.ashx?id=2560146&use=l&cat=p&typeid=i","cat":333672},{"id":158288,"n":"Galette Trégalette Chèvre lardons  - 220g","p":2.94,"u":"13,36 €/KG","img":"https://fd2-photos.leclercdrive.fr/image.ashx?id=2959091&use=l&cat=p&typeid=i","cat":333672},{"id":158416,"n":"Bandes de cire bio Bio naia x28","p":3.13,"u":"0,11 €/P","img":"https://fd2-photos.leclercdrive.fr/image.ashx?id=2602958&use=l&cat=p&typeid=i","cat":325351},{"id":158489,"n":"Beurrier Tendre Paysan Breton Demi-sel - 80% MG - 200g","p":2.59,"u":"12,95 €/KG","img":"https://fd2-photos.leclercdrive.fr/image.ashx?id=2869038&use=l&cat=p&typeid=i","cat":284379},{"id":158493,"n":"Beurrier Tendre Paysan Breton Doux - 82% MG - 200g","p":2.76,"u":"13,80 €/KG","img":"https://fd2-photos.leclercdrive.fr/image.ashx?id=2903311&use=l&cat=p&typeid=i","cat":284379},{"id":158536,"n":"Nuggets de poisson Cité Marine Pané MSC - 200g","p":2.43,"u":"12,15 €/KG","img":"https://fd2-photos.leclercdrive.fr/image.ashx?id=2873387&use=l&cat=p&typeid=i","cat":284344},{"id":158537,"n":"Filet de limande Meunière Cité Marine MSC - 200g","p":3.66,"u":"18,30 €/KG","img":"https://fd2-photos.leclercdrive.fr/image.ashx?id=2132808&use=l&cat=p&typeid=i","cat":284342},{"id":158569,"n":"Blanc de poulet Tradilège Sans nitrite - 4 Tranches 120g","p":1.45,"u":"12,08 €/KG","img":"https://fd2-photos.leclercdrive.fr/image.ashx?id=2970480&use=l&cat=p&typeid=i","cat":316010},{"id":158588,"n":"Vin de France rouge Merlot Cabernet Sauvign.Cambras BIB 5L","p":13.2,"u":"2,64 €/L","img":"https://fd2-photos.leclercdrive.fr/image.ashx?id=2694587&use=l&cat=p&typeid=i","cat":289556},{"id":158632,"n":"Couronne de crevettes Delpierre ASC sauce fines herbes - 130g","p":3.75,"u":"28,85 €/KG","img":"https://fd2-photos.leclercdrive.fr/image.ashx?id=2772014&use=l&cat=p&typeid=i","cat":284343},{"id":158683,"n":"Langue de boeuf Férial 300g","p":6.35,"u":"21,17 €/KG","img":"https://fd2-photos.leclercdrive.fr/image.ashx?id=2138311&use=l&cat=p&typeid=i","cat":284328},{"id":158715,"n":"Doomino St Michel Choco Noisette x6 - 180g","p":1.79,"u":"9,94 €/KG","img":"https://fd2-photos.leclercdrive.fr/image.ashx?id=2953495&use=l&cat=p&typeid=i","cat":284495},{"id":158727,"n":"Rognon de boeuf Férial 300g","p":5.6,"u":"18,67 €/KG","img":"https://fd2-photos.leclercdrive.fr/image.ashx?id=2138314&use=l&cat=p&typeid=i","cat":284328},{"id":158779,"n":"Céréales Fitness  Chocolat au lait - 450g","p":2.69,"u":"5,98 €/KG","img":"https://fd2-photos.leclercdrive.fr/image.ashx?id=2922167&use=l&cat=p&typeid=i","cat":309512},{"id":158787,"n":"Petit pot bébé Blédina 6 mois Légume viande poisson - 8x200g","p":8.36,"u":"5,23 €/KG","img":"https://fd2-photos.leclercdrive.fr/image.ashx?id=2948773&use=l&cat=p&typeid=i","cat":312236},{"id":158798,"n":"Dessert bébé végétal Blédina 6m Lait coco mangue - 4x95g","p":2.66,"u":"7,00 €/KG","img":"https://fd2-photos.leclercdrive.fr/image.ashx?id=2682929&use=l&cat=p&typeid=i","cat":312392},{"id":158805,"n":"Quinoa gourmand Tipiak Aux épices douces 240g","p":2.41,"u":"10,04 €/KG","img":"https://fd2-photos.leclercdrive.fr/image.ashx?id=2947054&use=l&cat=p&typeid=i","cat":284429},{"id":158806,"n":"Lait en poudre Blédilait Bébé 18 mois - 3 ans - 900g","p":10.95,"u":"12,17 €/KG","img":"https://fd2-photos.leclercdrive.fr/image.ashx?id=2458244&use=l&cat=p&typeid=i","cat":290219},{"id":158834,"n":"Céréales Fitness Nature 475g","p":2.74,"u":"5,77 €/KG","img":"https://fd2-photos.leclercdrive.fr/image.ashx?id=2874084&use=l&cat=p&typeid=i","cat":309512},{"id":158891,"n":"Boisson aux fruits Jafun Tropical - 1L","p":1.19,"u":"1,19 €/L","img":"https://fd2-photos.leclercdrive.fr/image.ashx?id=2913763&use=l&cat=p&typeid=i","cat":295018},{"id":158937,"n":"Sauce Tikka Masala Patak's 450g","p":2.65,"u":"5,89 €/KG","img":"https://fd2-photos.leclercdrive.fr/image.ashx?id=2593698&use=l&cat=p&typeid=i","cat":289012},{"id":158949,"n":"Gaufres aux oeufs Lotus 371g","p":3.3,"u":"8,89 €/KG","img":"https://fd2-photos.leclercdrive.fr/image.ashx?id=2133849&use=l&cat=p&typeid=i","cat":294777},{"id":158977,"n":"Tripe Paul et Louise 400g","p":2.24,"u":"5,60 €/KG","img":"https://fd2-photos.leclercdrive.fr/image.ashx?id=2367565&use=l&cat=p&typeid=i","cat":284441},{"id":159209,"n":"Lasagne Lustucru Selection  250g","p":2.27,"u":"9,08 €/KG","img":"https://fd2-photos.leclercdrive.fr/image.ashx?id=2792396&use=l&cat=p&typeid=i","cat":333682},{"id":159220,"n":"Dos de Cabillaud Findus MSC - x4 - 440g","p":10.99,"u":"24,98 €/KG","img":"https://fd2-photos.leclercdrive.fr/image.ashx?id=2735347&use=l&cat=p&typeid=i","cat":319786},{"id":159364,"n":"Houmous Tables du Monde 175g","p":2.25,"u":"12,86 €/KG","img":"https://fd2-photos.leclercdrive.fr/image.ashx?id=2860079&use=l&cat=p&typeid=i","cat":315999},{"id":159423,"n":"Préparation Flan Entremets alsa Pistache - 192g","p":1.68,"u":"9,33 €/KG","img":"https://fd2-photos.leclercdrive.fr/image.ashx?id=2939181&use=l&cat=p&typeid=i","cat":284504},{"id":159436,"n":"Tournedos magret du Périgord Nos Régions ont du Talent 280g","p":7.99,"u":"28,54 €/KG","img":"https://fd2-photos.leclercdrive.fr/image.ashx?id=2988969&use=l&cat=p&typeid=i","cat":284339},{"id":159448,"n":"Boisson aux fruits Jafun Pomme Cassis Framboise - 2L","p":1.49,"u":"0,75 €/L","img":"https://fd2-photos.leclercdrive.fr/image.ashx?id=2956924&use=l&cat=p&typeid=i","cat":295018},{"id":159506,"n":"Ravioli bolognaise Turini 300g","p":1.99,"u":"6,63 €/KG","img":"https://fd2-photos.leclercdrive.fr/image.ashx?id=2989709&use=l&cat=p&typeid=i","cat":333682},{"id":159512,"n":"Taboulé basilic Menu Fraicheur 300g","p":1.49,"u":"4,97 €/KG","img":"https://fd2-photos.leclercdrive.fr/image.ashx?id=2816600&use=l&cat=p&typeid=i","cat":333657},{"id":159519,"n":"Pates fusili Côté Snack Raclette - 300g","p":1.99,"u":"6,63 €/KG","img":"https://fd2-photos.leclercdrive.fr/image.ashx?id=2613291&use=l&cat=p&typeid=i","cat":334983},{"id":159520,"n":"Cordon bleu Le Gaulois Escalopes - 200g","p":2.6,"u":"13,00 €/KG","img":"https://fd2-photos.leclercdrive.fr/image.ashx?id=2637102&use=l&cat=p&typeid=i","cat":333683},{"id":159521,"n":"Pizza Crust Sodebo Sweety  Chèvre Miel - 580g","p":4.92,"u":"8,48 €/KG","img":"https://fd2-photos.leclercdrive.fr/image.ashx?id=2649085&use=l&cat=p&typeid=i","cat":333679},{"id":159522,"n":"Cremio Box Sodebo Jambon Emmental 280g","p":2.07,"u":"7,39 €/KG","img":"https://fd2-photos.leclercdrive.fr/image.ashx?id=2860196&use=l&cat=p&typeid=i","cat":334983},{"id":159627,"n":"Fromage Fol Epi  Originale 8 Tranches - 150g","p":2.15,"u":"14,33 €/KG","img":"https://fd2-photos.leclercdrive.fr/image.ashx?id=2456801&use=l&cat=p&typeid=i","cat":314028},{"id":159630,"n":"Pomme de terre Eco+ Epluchées - 1kg","p":1.95,"u":"1,95 €/KG","img":"https://fd2-photos.leclercdrive.fr/image.ashx?id=2712422&use=l&cat=p&typeid=i","cat":284352},{"id":159684,"n":"Piles alcalines Duracell Plus AA 1,5V LR6 MN 1500 - x4","p":4.9,"u":"1,23 €/P","img":"https://fd2-photos.leclercdrive.fr/image.ashx?id=2314521&use=l&cat=p&typeid=i","cat":300572},{"id":159685,"n":"Piles alcalines Duracell Plus AA 1,5V LR6 MN 1500 - x8","p":9.49,"u":"1,19 €/P","img":"https://fd2-photos.leclercdrive.fr/image.ashx?id=2314524&use=l&cat=p&typeid=i","cat":300572},{"id":159698,"n":"Piles alcalines Duracell Plus D 1,5V LR20 MN1300 - x2","p":4.95,"img":"https://fd2-photos.leclercdrive.fr/image.ashx?id=2929107&use=l&cat=p&typeid=i","cat":300572},{"id":159702,"n":"Piles alcalines Duracell Plus 9V 6LR61 MN1604 - x1","p":4.95,"img":"https://fd2-photos.leclercdrive.fr/image.ashx?id=2929113&use=l&cat=p&typeid=i","cat":300572},{"id":159787,"n":"Ampoule Led standard Osram E27 11W=100 verre dépoli - x1","p":11.5,"u":"Dont 0,12 € d'éco-part.","img":"https://fd2-photos.leclercdrive.fr/image.ashx?id=2593689&use=l&cat=p&typeid=i","cat":300573},{"id":159827,"n":"Oeufs Paroles d'Eleveurs Oeufs de nos Villages x6","p":1.65,"u":"0,28 €/P","img":"https://fd2-photos.leclercdrive.fr/image.ashx?id=2142929&use=l&cat=p&typeid=i","cat":284378},{"id":159875,"n":"Bières Florida Sunrise - Desperados - 3x33cL","p":4.99,"u":"15,12 €/L","img":"https://fd2-photos.leclercdrive.fr/image.ashx?id=2977972&use=l&cat=p&typeid=i","cat":334878},{"id":159897,"n":"Fromage Enfant Kiri Crème 12 portions à tartiner - 216g","p":2.89,"u":"13,38 €/KG","img":"https://fd2-photos.leclercdrive.fr/image.ashx?id=2973565&use=l&cat=p&typeid=i","cat":314030},{"id":159908,"n":"Carafe filtrante Brita Marella Graphite 1 cartouche Maxtra+","p":19.9,"img":"https://fd2-photos.leclercdrive.fr/image.ashx?id=2475873&use=l&cat=p&typeid=i","cat":334135},{"id":159924,"n":"Céréales Jordans Granola Chocolat Noir - 400g","p":3.8,"u":"9,50 €/KG","img":"https://fd2-photos.leclercdrive.fr/image.ashx?id=2478784&use=l&cat=p&typeid=i","cat":309512},{"id":159938,"n":"Desserts Lactés P'TIT BRASSE   Fraise BIO 6M+ - 4x90g","p":2.23,"u":"24,78 €/KG","img":"https://fd2-photos.leclercdrive.fr/image.ashx?id=2510202&use=l&cat=p&typeid=i","cat":312392},{"id":159950,"n":"Desserts Lactés P'TIT GOURMAND  BIO Cacao  6M+ - 4x90g","p":1.96,"u":"21,78 €/KG","img":"https://fd2-photos.leclercdrive.fr/image.ashx?id=2481691&use=l&cat=p&typeid=i","cat":312392},{"id":159953,"n":"Lait croissance GUIGOZ OPTIPRO  12M+ - 2x600g","p":13.81,"u":"11,51 €/KG","img":"https://fd2-photos.leclercdrive.fr/image.ashx?id=2811650&use=l&cat=p&typeid=i","cat":290219},{"id":159965,"n":"Capsules Starbucks by Nespresso  Colombia Int 7 - x18","p":6.05,"u":"59,90 €/KG","img":"https://fd2-photos.leclercdrive.fr/image.ashx?id=2668174&use=l&cat=p&typeid=i","cat":284749},{"id":160101,"n":"Yaourt brassé Perle de Lait Panaché - 8x125g","p":2.89,"u":"2,89 €/KG","img":"https://fd2-photos.leclercdrive.fr/image.ashx?id=2989222&use=l&cat=p&typeid=i","cat":286006},{"id":160106,"n":"Jus innocent  tutti frutti 1.5L","p":3.61,"u":"2,41 €/L","img":"https://fd2-photos.leclercdrive.fr/image.ashx?id=2907449&use=l&cat=p&typeid=i","cat":284354},{"id":160107,"n":"Jus innocent  pomme 1.5L","p":3.7,"u":"2,47 €/L","img":"https://fd2-photos.leclercdrive.fr/image.ashx?id=2893522&use=l&cat=p&typeid=i","cat":284354},{"id":160116,"n":"Crème Brûlée au Rhum Rians De Guadeloupe - 2x100g","p":2.2,"u":"11,00 €/KG","img":"https://fd2-photos.leclercdrive.fr/image.ashx?id=2144290&use=l&cat=p&typeid=i","cat":285041},{"id":160134,"n":"Tartare Végétal Lait d'Amande  Ail et Fines Herbes - 140g","p":1.88,"u":"13,43 €/KG","img":"https://fd2-photos.leclercdrive.fr/image.ashx?id=2928618&use=l&cat=p&typeid=i","cat":316070},{"id":160140,"n":"Dessert fruitier Andros Onctueux abricot - 4x97g","p":1.91,"u":"4,92 €/KG","img":"https://fd2-photos.leclercdrive.fr/image.ashx?id=2884009&use=l&cat=p&typeid=i","cat":284416},{"id":160143,"n":"Dessert fruitier Andros Pomme/vanille - 4x100g","p":1.5,"u":"3,75 €/KG","img":"https://fd2-photos.leclercdrive.fr/image.ashx?id=2883937&use=l&cat=p&typeid=i","cat":284416},{"id":160149,"n":"yaourt aux fruits brassés velouté fruix danone - 8x125g","p":2.49,"u":"2,49 €/KG","img":"https://fd2-photos.leclercdrive.fr/image.ashx?id=2912950&use=l&cat=p&typeid=i","cat":284410},{"id":160177,"n":"Madeleines Saint Michel Pépites chocolat - 700g","p":3.42,"u":"4,89 €/KG","img":"https://fd2-photos.leclercdrive.fr/image.ashx?id=2338141&use=l&cat=p&typeid=i","cat":284492},{"id":160394,"n":"Yaourt à boire Actimel Nature - 6x100g","p":3.01,"u":"5,02 €/KG","img":"https://fd2-photos.leclercdrive.fr/image.ashx?id=2992723&use=l&cat=p&typeid=i","cat":284415},{"id":160428,"n":"Lessive liquide fraicheur Epsil 40 lavages - 2L","p":4.6,"u":"2,30 €/L","img":"https://fd2-photos.leclercdrive.fr/image.ashx?id=2602982&use=l&cat=p&typeid=i","cat":284640},{"id":160430,"n":"Lessive liquide sensitive Epsil 40 lavages - 2L","p":5.99,"u":"3,00 €/L","img":"https://fd2-photos.leclercdrive.fr/image.ashx?id=2838951&use=l&cat=p&typeid=i","cat":284640},{"id":160638,"n":"Gazpacho l'Original Alvalle 2x1L","p":7.02,"u":"3,51 €/L","img":"https://fd2-photos.leclercdrive.fr/image.ashx?id=2338841&use=l&cat=p&typeid=i","cat":284355},{"id":160721,"n":"Soda Breizh Cola zéro 6x1.5L","p":11.64,"u":"1,29 €/L","img":"https://fd2-photos.leclercdrive.fr/image.ashx?id=2159562&use=l&cat=p&typeid=i","cat":284530},{"id":160725,"n":"Asperges blanches Géant Vert grosses - 205g","p":3.6,"u":"17,56 €/KG","img":"https://fd2-photos.leclercdrive.fr/image.ashx?id=2840551&use=l&cat=p&typeid=i","cat":312611},{"id":160756,"n":"Papier Toilette Humide - Aloe Vera Lotus - x80","p":3.24,"u":"0,04 €/P","img":"https://fd2-photos.leclercdrive.fr/image.ashx?id=2842927&use=l&cat=p&typeid=i","cat":284634},{"id":160820,"n":"Mozza Sticks Pickers by McCain Batonnets de mozzarella - 230g","p":3.24,"u":"14,09 €/KG","img":"https://fd2-photos.leclercdrive.fr/image.ashx?id=2920021&use=l&cat=p&typeid=i","cat":319822},{"id":160821,"n":"Onion rings Pickers by McCain 350g","p":2.86,"u":"8,17 €/KG","img":"https://fd2-photos.leclercdrive.fr/image.ashx?id=2920024&use=l&cat=p&typeid=i","cat":319822},{"id":160822,"n":"Italian Pops Pickers by McCain Bouchées tomates mozza - 230g","p":3.59,"u":"15,61 €/KG","img":"https://fd2-photos.leclercdrive.fr/image.ashx?id=2911588&use=l&cat=p&typeid=i","cat":319822},{"id":160823,"n":"Nacho cheese Pickers by McCain Triangles fromage poivron 230g","p":2.99,"u":"13,00 €/KG","img":"https://fd2-photos.leclercdrive.fr/image.ashx?id=2752227&use=l&cat=p&typeid=i","cat":319822},{"id":161003,"n":"Mayonnaise Bénédicta Nature - 510g","p":2.39,"u":"4,69 €/KG","img":"https://fd2-photos.leclercdrive.fr/image.ashx?id=2548225&use=l&cat=p&typeid=i","cat":298295},{"id":161105,"n":"Morceaux de thon Petit Navire 2x112g","p":3.59,"u":"16,03 €/KG","img":"https://fd2-photos.leclercdrive.fr/image.ashx?id=2785130&use=l&cat=p&typeid=i","cat":303867},{"id":161123,"n":"Boisson aux fruits Jafun Fraise Framboise - 2L","p":2.12,"u":"1,06 €/L","img":"https://fd2-photos.leclercdrive.fr/image.ashx?id=2865287&use=l&cat=p&typeid=i","cat":295018},{"id":161126,"n":"Boisson aux fruits Jafun Multifruits - 2L","p":1.99,"u":"1,00 €/L","img":"https://fd2-photos.leclercdrive.fr/image.ashx?id=2897832&use=l&cat=p&typeid=i","cat":295018},{"id":161131,"n":"Boisson à base de fruits Jafun Pomme Kiwi - 2L","p":2.6,"u":"1,30 €/L","img":"https://fd2-photos.leclercdrive.fr/image.ashx?id=2865299&use=l&cat=p&typeid=i","cat":295018},{"id":161410,"n":"Pains hot dog La Fournée Dorée Brioch' x6 - 270g","p":1.42,"u":"5,26 €/KG","img":"https://fd2-photos.leclercdrive.fr/image.ashx?id=2406136&use=l&cat=p&typeid=i","cat":284985},{"id":161433,"n":"Dragibus Doypack Haribo Sachet bonbons - 220g","p":1.63,"u":"7,41 €/KG","img":"https://fd2-photos.leclercdrive.fr/image.ashx?id=2984940&use=l&cat=p&typeid=i","cat":304250},{"id":161526,"n":"Saucisse Knacki Herta 100% poulet x4 - 140g","p":1.33,"u":"9,50 €/KG","img":"https://fd2-photos.leclercdrive.fr/image.ashx?id=2290425&use=l&cat=p&typeid=i","cat":316012},{"id":161692,"n":"Pate Brisée Gourmande Marie Pur beurre - 280g","p":2.23,"u":"7,96 €/KG","img":"https://fd2-photos.leclercdrive.fr/image.ashx?id=2318579&use=l&cat=p&typeid=i","cat":333681},{"id":161846,"n":"Sucre roux Tablier blanc En morceaux - 1kg","p":1.81,"u":"1,81 €/KG","img":"https://fd2-photos.leclercdrive.fr/image.ashx?id=3010437&use=l&cat=p&typeid=i","cat":284502},{"id":161894,"n":"Pain de mie 100% Mie Harrys Complet sans sucre ajouté- 500g","p":2.69,"u":"5,38 €/KG","img":"https://fd2-photos.leclercdrive.fr/image.ashx?id=2565780&use=l&cat=p&typeid=i","cat":284477},{"id":161914,"n":"Boisson aux fruits Jafun Tropical light - 2L","p":1.39,"u":"0,70 €/L","img":"https://fd2-photos.leclercdrive.fr/image.ashx?id=2720184&use=l&cat=p&typeid=i","cat":295018},{"id":162162,"n":"Compotes Pom'Potes Gourdes  5 Fruits Jaunes&Exotiq - 20x90g","p":8.23,"u":"4,57 €/KG","img":"https://fd2-photos.leclercdrive.fr/image.ashx?id=2883411&use=l&cat=p&typeid=i","cat":284508},{"id":162163,"n":"Compotes Pom'Potes Gourdes  Pomme, Pomme Fraise - 12x90g","p":6.24,"u":"5,78 €/KG","img":"https://fd2-photos.leclercdrive.fr/image.ashx?id=3007927&use=l&cat=p&typeid=i","cat":284508},{"id":162175,"n":"Pancakes chocolat Whaou! x7 - 259g","p":2.41,"u":"9,31 €/KG","img":"https://fd2-photos.leclercdrive.fr/image.ashx?id=2740652&use=l&cat=p&typeid=i","cat":284495},{"id":162193,"n":"Pizza Dolce Sodebo Napoli  Mozza Poulet - 400g","p":4.05,"u":"10,13 €/KG","img":"https://fd2-photos.leclercdrive.fr/image.ashx?id=2865707&use=l&cat=p&typeid=i","cat":333679},{"id":162216,"n":"Yaourt aux fruits bifidus  Activia figue - 6x125g","p":3.64,"u":"4,85 €/KG","img":"https://fd2-photos.leclercdrive.fr/image.ashx?id=2741823&use=l&cat=p&typeid=i","cat":315000},{"id":162219,"n":"Yaourt aux fruits bifidus Activia mangue - 6x125g","p":2.62,"u":"3,49 €/KG","img":"https://fd2-photos.leclercdrive.fr/image.ashx?id=2741814&use=l&cat=p&typeid=i","cat":315000},{"id":162220,"n":"Yaourt aux fruits bifidus  Activia fraise - 6x125g","p":2.76,"u":"3,68 €/KG","img":"https://fd2-photos.leclercdrive.fr/image.ashx?id=2741811&use=l&cat=p&typeid=i","cat":315000},{"id":162271,"n":"Tablette de chocolat noir Lindt Intense 70% - 2x200g","p":6.46,"pp":4.26,"u":"10,65 €/KG","img":"https://fd2-photos.leclercdrive.fr/image.ashx?id=2208936&use=l&cat=p&typeid=i","cat":285562},{"id":162274,"n":"Sauce Crudités Benedicta  Nature légère - 295g","p":1.89,"u":"6,41 €/KG","img":"https://fd2-photos.leclercdrive.fr/image.ashx?id=2755206&use=l&cat=p&typeid=i","cat":284456},{"id":162365,"n":"Eau minérale Plancoët 6x50cl","p":1.9,"u":"0,63 €/L","img":"https://fd2-photos.leclercdrive.fr/image.ashx?id=2553152&use=l&cat=p&typeid=i","cat":284535},{"id":162572,"n":"Sauce apéritif Doritos Goût sour cream -280g","p":2.45,"u":"8,75 €/KG","img":"https://fd2-photos.leclercdrive.fr/image.ashx?id=2167528&use=l&cat=p&typeid=i","cat":284451},{"id":162583,"n":"Thon entier MSC Saupiquet Nature - 93g","p":1.92,"u":"20,65 €/KG","img":"https://fd2-photos.leclercdrive.fr/image.ashx?id=2731546&use=l&cat=p&typeid=i","cat":303867},{"id":162590,"n":"Thon entier MSC Saupiquet Nature - 280g","p":5.19,"u":"18,54 €/KG","img":"https://fd2-photos.leclercdrive.fr/image.ashx?id=2860883&use=l&cat=p&typeid=i","cat":303867},{"id":162596,"n":"Boisson aux fruits Jafun Orange - 2L","p":1.49,"u":"0,75 €/L","img":"https://fd2-photos.leclercdrive.fr/image.ashx?id=2897829&use=l&cat=p&typeid=i","cat":295018},{"id":162597,"n":"Lait concentré Régilait Sucré demi-écrémé - 300g","p":1.69,"u":"5,63 €/KG","img":"https://fd2-photos.leclercdrive.fr/image.ashx?id=2169956&use=l&cat=p&typeid=i","cat":293236},{"id":163021,"n":"Biscuits Knoppers Lait / Noisettes - 6x25g","p":1.72,"u":"11,47 €/KG","img":"https://fd2-photos.leclercdrive.fr/image.ashx?id=2659151&use=l&cat=p&typeid=i","cat":284488},{"id":163029,"n":"Tablette chocolat Villars Noir / pépites café - 100g","p":2.28,"u":"22,80 €/KG","img":"https://fd2-photos.leclercdrive.fr/image.ashx?id=2464291&use=l&cat=p&typeid=i","cat":284956},{"id":163127,"n":"Thon entier nature MSC Saupiquet - 2x140g","p":4.64,"u":"16,57 €/KG","img":"https://fd2-photos.leclercdrive.fr/image.ashx?id=2860871&use=l&cat=p&typeid=i","cat":303867},{"id":163128,"n":"Fromage Fol Epi  Originale 16 tranches - 308g","p":3.79,"u":"12,31 €/KG","img":"https://fd2-photos.leclercdrive.fr/image.ashx?id=2765928&use=l&cat=p&typeid=i","cat":314028},{"id":163130,"n":"Petits pains grillés Krisprolls Complet sans sucre ajoutés 425g","p":2.9,"u":"6,82 €/KG","img":"https://fd2-photos.leclercdrive.fr/image.ashx?id=2985558&use=l&cat=p&typeid=i","cat":284479},{"id":163133,"n":"Bière ambrée Kwak 8.4% - 75cl","p":4.6,"u":"6,13 €/L","img":"https://fd2-photos.leclercdrive.fr/image.ashx?id=2948423&use=l&cat=p&typeid=i","cat":334872},{"id":163143,"n":"Dragibus Soft Haribo Sachet bonbons - 300g","p":1.35,"u":"4,50 €/KG","img":"https://fd2-photos.leclercdrive.fr/image.ashx?id=2806123&use=l&cat=p&typeid=i","cat":304250},{"id":163144,"n":"Piles alcalines Duracell MN2400 Optimum AAA/LR03 1,5V - x4","p":6.89,"u":"1,72 €/P","img":"https://fd2-photos.leclercdrive.fr/image.ashx?id=2929095&use=l&cat=p&typeid=i","cat":300572},{"id":163145,"n":"Dragibus Original Haribo Multipack bonbons - 250g","p":1.71,"u":"6,84 €/KG","img":"https://fd2-photos.leclercdrive.fr/image.ashx?id=2984943&use=l&cat=p&typeid=i","cat":304250},{"id":163147,"n":"Bonbons Haribo Dragolo - 750g","p":4.32,"u":"5,76 €/KG","img":"https://fd2-photos.leclercdrive.fr/image.ashx?id=2803586&use=l&cat=p&typeid=i","cat":304250},{"id":163162,"n":"Amandine aux poires La Laitière 4x85g","p":2.76,"u":"8,12 €/KG","img":"https://fd2-photos.leclercdrive.fr/image.ashx?id=2683640&use=l&cat=p&typeid=i","cat":284419},{"id":163179,"n":"Piles alcalines Duracell Plus C/LR14 1.5V MN1400 - x4","p":8.9,"u":"2,23 €/P","img":"https://fd2-photos.leclercdrive.fr/image.ashx?id=2929104&use=l&cat=p&typeid=i","cat":300572},{"id":163180,"n":"Piles alcalines Duracell Plus D/LR20 1.5V MN1300 - x4","p":9.59,"u":"2,40 €/P","img":"https://fd2-photos.leclercdrive.fr/image.ashx?id=2929110&use=l&cat=p&typeid=i","cat":300572},{"id":163420,"n":"Smarties Mini Bonbons Chocolats 21 boites - 315g","p":3.86,"u":"12,25 €/KG","img":"https://fd2-photos.leclercdrive.fr/image.ashx?id=2740862&use=l&cat=p&typeid=i","cat":304238},{"id":163476,"n":"Petit pot bébé Bledina 6 mois purée Carottes Choux fleurs","p":2.07,"u":"5,18 €/KG","img":"https://fd2-photos.leclercdrive.fr/image.ashx?id=2909509&use=l&cat=p&typeid=i","cat":312235},{"id":163482,"n":"Yaourt aux fruits bifidus Activia cerise - 6x125g","p":3.64,"u":"4,85 €/KG","img":"https://fd2-photos.leclercdrive.fr/image.ashx?id=2741829&use=l&cat=p&typeid=i","cat":315000},{"id":163521,"n":"Petit pot bébé Blédina 4-6 mois Épinards - 2x130g","p":1.45,"u":"5,58 €/KG","img":"https://fd2-photos.leclercdrive.fr/image.ashx?id=2986167&use=l&cat=p&typeid=i","cat":312234},{"id":163541,"n":"Isey Skyr Stracciatella - 400g","p":2.51,"u":"6,28 €/KG","img":"https://fd2-photos.leclercdrive.fr/image.ashx?id=2598621&use=l&cat=p&typeid=i","cat":315000},{"id":163543,"n":"Isey Skyr Vanille - 400g","p":2.97,"u":"7,43 €/KG","img":"https://fd2-photos.leclercdrive.fr/image.ashx?id=2598609&use=l&cat=p&typeid=i","cat":315000},{"id":163613,"n":"Mozzarella fromage râpé  Les Croisés - 150g","p":1.39,"u":"9,27 €/KG","img":"https://fd2-photos.leclercdrive.fr/image.ashx?id=2178848&use=l&cat=p&typeid=i","cat":314035},{"id":163640,"n":"Poireaux émincés Bio Bio Village - 600g","p":1.99,"u":"3,32 €/KG","img":"https://fd2-photos.leclercdrive.fr/image.ashx?id=2898098&use=l&cat=p&typeid=i","cat":319805},{"id":163643,"n":"Patates douces en morceaux Bio Bio Village - 600g","p":2.08,"u":"3,47 €/KG","img":"https://fd2-photos.leclercdrive.fr/image.ashx?id=2898101&use=l&cat=p&typeid=i","cat":319805},{"id":163706,"n":"Poisson Pané Cabillaud MSC Façon Fish & Chips x4 - 400g","p":5.95,"u":"14,88 €/KG","img":"https://fd2-photos.leclercdrive.fr/image.ashx?id=2985351&use=l&cat=p&typeid=i","cat":319788},{"id":163709,"n":"Fromage à tartiner Madame Loïk Fouetté Nature - 460g","p":4.06,"u":"8,83 €/KG","img":"https://fd2-photos.leclercdrive.fr/image.ashx?id=2967801&use=l&cat=p&typeid=i","cat":314029},{"id":163749,"n":"Mousseline Purina Gourmet Boeuf nappé de sauce - 4x57g","p":3.41,"u":"14,96 €/KG","img":"https://fd2-photos.leclercdrive.fr/image.ashx?id=2861773&use=l&cat=p&typeid=i","cat":285286},{"id":163750,"n":"Mousseline Purina Gourmet Poulet nappé de sauce - 4x57g","p":3.3,"u":"14,47 €/KG","img":"https://fd2-photos.leclercdrive.fr/image.ashx?id=2864197&use=l&cat=p&typeid=i","cat":285286},{"id":163848,"n":"Yaourt à la Grecque Yaos Noix de coco - 4x125g","p":2.56,"u":"5,12 €/KG","img":"https://fd2-photos.leclercdrive.fr/image.ashx?id=2751999&use=l&cat=p&typeid=i","cat":314999},{"id":163910,"n":"Daddy pure canne bio 750g","p":2.89,"u":"3,85 €/KG","img":"https://fd2-photos.leclercdrive.fr/image.ashx?id=2936077&use=l&cat=p&typeid=i","cat":284502},{"id":164308,"n":"Cremio Box Sodebo Thon - 280g","p":2.75,"u":"9,82 €/KG","img":"https://fd2-photos.leclercdrive.fr/image.ashx?id=2224625&use=l&cat=p&typeid=i","cat":334983},{"id":164367,"n":"Pizza Turini 4 fromages - 200g","p":1.31,"u":"6,55 €/KG","img":"https://fd2-photos.leclercdrive.fr/image.ashx?id=2839941&use=l&cat=p&typeid=i","cat":333679},{"id":164416,"n":"Concombre fromage blanc Menu Fraîcheur - 500g","p":2.49,"u":"4,98 €/KG","img":"https://fd2-photos.leclercdrive.fr/image.ashx?id=3005691&use=l&cat=p&typeid=i","cat":333657},{"id":164448,"n":"Yaourt à la Grecque Yaos Coco - 4x125g + 2 offert","p":2.41,"u":"4,82 €/KG","img":"https://fd2-photos.leclercdrive.fr/image.ashx?id=2817314&use=l&cat=p&typeid=i","cat":314999},{"id":164449,"n":"Yaourt à la Grecque Yaos Citron - 4x125g + 2 offerts","p":2.55,"u":"3,40 €/KG","img":"https://fd2-photos.leclercdrive.fr/image.ashx?id=2561631&use=l&cat=p&typeid=i","cat":314999},{"id":164539,"n":"Noix de pécan Sainte Lucie Cerneaux - 50g","p":3.04,"u":"60,80 €/KG","img":"https://fd2-photos.leclercdrive.fr/image.ashx?id=2187751&use=l&cat=p&typeid=i","cat":284504},{"id":164541,"n":"Maïs Bonduelle Sans Résidu De Pesticides 285g","p":1.19,"u":"4,18 €/KG","img":"https://fd2-photos.leclercdrive.fr/image.ashx?id=2972892&use=l&cat=p&typeid=i","cat":312611},{"id":164542,"n":"Cumin entier Sainte Lucie 38g","p":2.28,"u":"60,00 €/KG","img":"https://fd2-photos.leclercdrive.fr/image.ashx?id=2774412&use=l&cat=p&typeid=i","cat":298297},{"id":164546,"n":"Arôme naturel Sainte Lucie Citron - 20ml","p":3.02,"u":"151,00 €/L","img":"https://fd2-photos.leclercdrive.fr/image.ashx?id=2187745&use=l&cat=p&typeid=i","cat":284504},{"id":164547,"n":"Mélange pour paella Sainte Luci 55g","p":2.68,"u":"48,73 €/KG","img":"https://fd2-photos.leclercdrive.fr/image.ashx?id=2187763&use=l&cat=p&typeid=i","cat":298297},{"id":164550,"n":"Nappage caramel Sainte Lucie 200g","p":2.32,"u":"11,60 €/KG","img":"https://fd2-photos.leclercdrive.fr/image.ashx?id=2775709&use=l&cat=p&typeid=i","cat":284504},{"id":164552,"n":"Coriandre Sainte Lucie 25g","p":2.27,"u":"90,80 €/KG","img":"https://fd2-photos.leclercdrive.fr/image.ashx?id=2974333&use=l&cat=p&typeid=i","cat":298297},{"id":164554,"n":"Origan sèche Sainte Lucie 13g","p":2.07,"u":"159,23 €/KG","img":"https://fd2-photos.leclercdrive.fr/image.ashx?id=2975182&use=l&cat=p&typeid=i","cat":298297},{"id":164566,"n":"Lingettes Mixa Bébé  Au Lait de Toilette x72","p":3.17,"img":"https://fd2-photos.leclercdrive.fr/image.ashx?id=2869101&use=l&cat=p&typeid=i","cat":284738},{"id":164569,"n":"Gel nettoyant Cadum Bébé  Corps et Cheveux - 750ml","p":3.17,"u":"4,23 €/L","img":"https://fd2-photos.leclercdrive.fr/image.ashx?id=2377799&use=l&cat=p&typeid=i","cat":284740},{"id":164582,"n":"Gel douche Bio Ushuaïa Coco - 250ml","p":2.92,"u":"11,68 €/L","img":"https://fd2-photos.leclercdrive.fr/image.ashx?id=2439332&use=l&cat=p&typeid=i","cat":284594},{"id":164598,"n":"40 sacs congélation Alfapac avec lien Moyen modèle","p":2.28,"u":"0,06 €/P","img":"https://fd2-photos.leclercdrive.fr/image.ashx?id=2918700&use=l&cat=p&typeid=i","cat":334134},{"id":164601,"n":"Muscat de Rivesaltes AOC 15,5%","p":4.67,"u":"6,23 €/L","img":"https://fd2-photos.leclercdrive.fr/image.ashx?id=2974717&use=l&cat=p&typeid=i","cat":284913},{"id":164602,"n":"Lessive liquide fraîcheur ECO+ 40 lavages - 2L","p":2.16,"u":"1,08 €/L","img":"https://fd2-photos.leclercdrive.fr/image.ashx?id=2597988&use=l&cat=p&typeid=i","cat":284640},{"id":164603,"n":"Lessive liquide fleurie Epsil 25 lavages - 1,25L","p":3.91,"u":"3,13 €/L","img":"https://fd2-photos.leclercdrive.fr/image.ashx?id=2603000&use=l&cat=p&typeid=i","cat":284640},{"id":164604,"n":"Lessive liquide fraîcheur Epsil 25 lavages - 1,25L","p":3.33,"u":"2,66 €/L","img":"https://fd2-photos.leclercdrive.fr/image.ashx?id=2602994&use=l&cat=p&typeid=i","cat":284640},{"id":164607,"n":"Blended whisky Eco+ 40% - 70cl","p":10.92,"u":"15,60 €/L","img":"https://fd2-photos.leclercdrive.fr/image.ashx?id=2907150&use=l&cat=p&typeid=i","cat":284547},{"id":164752,"n":"Pastis breton Ty Jaune  45% - 1L","p":24.16,"u":"24,16 €/L","img":"https://fd2-photos.leclercdrive.fr/image.ashx?id=2190530&use=l&cat=p&typeid=i","cat":284548},{"id":164787,"n":"Steak haché Charal Label Rouge 12% MG - 4x110g","p":7.65,"u":"17,39 €/KG","img":"https://fd2-photos.leclercdrive.fr/image.ashx?id=2741976&use=l&cat=p&typeid=i","cat":319778},{"id":165062,"n":"Gel Lubrifiant Intime Cherry Arome Cerise Durex 100ml","p":8.99,"u":"89,90 €/L","img":"https://fd2-photos.leclercdrive.fr/image.ashx?id=2960696&use=l&cat=p&typeid=i","cat":285160},{"id":165064,"n":"Lessive poudre Eco + 60 lavages - 3kg","p":4.81,"u":"1,60 €/KG","img":"https://fd2-photos.leclercdrive.fr/image.ashx?id=2638524&use=l&cat=p&typeid=i","cat":284642},{"id":165131,"n":"Crème de cassis d'Anjou  Giffard 16% - 50cl","p":5.5,"pp":4.95,"u":"9,90 €/L","img":"https://fd2-photos.leclercdrive.fr/image.ashx?id=2219150&use=l&cat=p&typeid=i","cat":286032},{"id":165199,"n":"Pate à tartiner Bonne Maman Noisette et cacao - 360g","p":3.73,"u":"10,36 €/KG","img":"https://fd2-photos.leclercdrive.fr/image.ashx?id=2891106&use=l&cat=p&typeid=i","cat":284481},{"id":165200,"n":"Pate à tartiner Bonne Maman Noisette et cacao - 580g","p":6.0,"u":"10,34 €/KG","img":"https://fd2-photos.leclercdrive.fr/image.ashx?id=2891109&use=l&cat=p&typeid=i","cat":284481},{"id":165232,"n":"Boulettes de boeuf à l'oriental Tendre & Plus - 750g","p":10.06,"u":"13,41 €/KG","img":"https://fd2-photos.leclercdrive.fr/image.ashx?id=2839145&use=l&cat=p&typeid=i","cat":284332},{"id":165605,"n":"Tenders de poulet Coté Croc  - 600g","p":6.23,"u":"10,38 €/KG","img":"https://fd2-photos.leclercdrive.fr/image.ashx?id=2974819&use=l&cat=p&typeid=i","cat":319780},{"id":165618,"n":"BIB Les cailloux rouge 5L","p":19.5,"u":"3,90 €/L","img":"https://fd2-photos.leclercdrive.fr/image.ashx?id=2973216&use=l&cat=p&typeid=i","cat":289556},{"id":165619,"n":"BIB Les cailloux rosé 5L","p":17.93,"u":"3,59 €/L","img":"https://fd2-photos.leclercdrive.fr/image.ashx?id=2979956&use=l&cat=p&typeid=i","cat":289558},{"id":165620,"n":"BIB Les 4 coins Chardonnay 3L","p":12.9,"u":"4,30 €/L","img":"https://fd2-photos.leclercdrive.fr/image.ashx?id=2973213&use=l&cat=p&typeid=i","cat":289557},{"id":165621,"n":"BIB Les 4 coins Merlot rouge 3L","p":11.58,"u":"3,86 €/L","img":"https://fd2-photos.leclercdrive.fr/image.ashx?id=2979959&use=l&cat=p&typeid=i","cat":289556},{"id":165623,"n":"BIB Les 4 coins Sauvignon Blanc - 3L","p":12.9,"u":"4,30 €/L","img":"https://fd2-photos.leclercdrive.fr/image.ashx?id=2973222&use=l&cat=p&typeid=i","cat":289557},{"id":165661,"n":"Brosse à dent Dentamyl Tête rechargeable souple - x1","p":1.17,"img":"https://fd2-photos.leclercdrive.fr/image.ashx?id=2791006&use=l&cat=p&typeid=i","cat":284614},{"id":165669,"n":"Tête de recharge Dentamyl Brosse à dent souple - x3","p":1.0,"u":"0,33 €/P","img":"https://fd2-photos.leclercdrive.fr/image.ashx?id=2791015&use=l&cat=p&typeid=i","cat":284614},{"id":165670,"n":"Tête de recharge Dentamyl Brosse à dent médium - x3","p":1.0,"u":"0,33 €/P","img":"https://fd2-photos.leclercdrive.fr/image.ashx?id=2791018&use=l&cat=p&typeid=i","cat":284614},{"id":165671,"n":"Tête de recharge Dentamyl Brosse à dent dure - x3","p":1.0,"u":"0,33 €/P","img":"https://fd2-photos.leclercdrive.fr/image.ashx?id=2791021&use=l&cat=p&typeid=i","cat":284614},{"id":165674,"n":"Filets de merlu MSC Pêche Océan - 800g","p":9.85,"u":"12,31 €/KG","img":"https://fd2-photos.leclercdrive.fr/image.ashx?id=2202461&use=l&cat=p&typeid=i","cat":319786},{"id":165676,"n":"Filet de saumon ASC L'Atelier Poissonnerie - 300g","p":8.49,"u":"28,30 €/KG","img":"https://fd2-photos.leclercdrive.fr/image.ashx?id=2917897&use=l&cat=p&typeid=i","cat":284342},{"id":165690,"n":"Gel douche bio Ushuaïa Vanille - 250ml","p":2.86,"u":"11,44 €/L","img":"https://fd2-photos.leclercdrive.fr/image.ashx?id=2439326&use=l&cat=p&typeid=i","cat":284594},{"id":165700,"n":"Chocolats à la liqueur Abtey Poire Williams x11 - 240g","p":5.95,"u":"24,79 €/KG","img":"https://fd2-photos.leclercdrive.fr/image.ashx?id=2870266&use=l&cat=p&typeid=i","cat":327601},{"id":165703,"n":"Tablette de chocolat au lait   Rohan Père Noël - 100g","p":2.93,"u":"29,30 €/KG","img":"https://fd2-photos.leclercdrive.fr/image.ashx?id=2198651&use=l&cat=p&typeid=i","cat":327592},{"id":165725,"n":"Marrons glacés L'Artisan Provençal x8 - 145g","p":18.16,"u":"125,24 €/KG","img":"https://fd2-photos.leclercdrive.fr/image.ashx?id=2390245&use=l&cat=p&typeid=i","cat":327603},{"id":165769,"n":"After Eight Chocolat Noël Saveur fraise - 400g","p":7.0,"u":"17,50 €/KG","img":"https://fd2-photos.leclercdrive.fr/image.ashx?id=2451489&use=l&cat=p&typeid=i","cat":327595},{"id":165801,"n":"Sauce bolognaise Eco+ 420g","p":1.13,"u":"2,69 €/KG","img":"https://fd2-photos.leclercdrive.fr/image.ashx?id=2634845&use=l&cat=p&typeid=i","cat":287599},{"id":166244,"n":"After Eight Chocolat Noël Saveur mojito - 400g","p":6.68,"u":"16,70 €/KG","img":"https://fd2-photos.leclercdrive.fr/image.ashx?id=2908327&use=l&cat=p&typeid=i","cat":327595},{"id":166299,"n":"Filet de colin d'Alaska Findus MSC x4 - 400g","p":3.83,"u":"9,58 €/KG","img":"https://fd2-photos.leclercdrive.fr/image.ashx?id=2735323&use=l&cat=p&typeid=i","cat":319786},{"id":166304,"n":"Croquettes poisson pané Findus MSC Ail Fines Herbes x6 - 300g","p":2.59,"u":"8,63 €/KG","img":"https://fd2-photos.leclercdrive.fr/image.ashx?id=3008752&use=l&cat=p&typeid=i","cat":319788},{"id":166377,"n":"Lessive eco-recharge Uni Vert Fleur x30 lavages - 1,05L","p":4.12,"u":"3,92 €/L","img":"https://fd2-photos.leclercdrive.fr/image.ashx?id=2838942&use=l&cat=p&typeid=i","cat":284640},{"id":166401,"n":"Terra Argenta Malbec rouge 75cl","p":4.65,"u":"6,20 €/L","img":"https://fd2-photos.leclercdrive.fr/image.ashx?id=2973021&use=l&cat=p&typeid=i","cat":289556},{"id":166403,"n":"Lessive eco-recharge Uni Vert Aloe x30 lavages - 1.05L","p":4.12,"u":"3,92 €/L","img":"https://fd2-photos.leclercdrive.fr/image.ashx?id=2669780&use=l&cat=p&typeid=i","cat":284640},{"id":166419,"n":"Signature Patato Pops McCain Pommes de terre - 650g","p":2.93,"u":"4,51 €/KG","img":"https://fd2-photos.leclercdrive.fr/image.ashx?id=2752233&use=l&cat=p&typeid=i","cat":319792},{"id":166457,"n":"Masque reconstructeur Elsève Full Resist - 680ml","p":10.3,"u":"15,15 €/L","img":"https://fd2-photos.leclercdrive.fr/image.ashx?id=2520491&use=l&cat=p&typeid=i","cat":284608},{"id":166486,"n":"Nectar Fruits du Verger Jafaden Sans sucre ajouté - 1L","p":1.59,"u":"1,59 €/L","img":"https://fd2-photos.leclercdrive.fr/image.ashx?id=2919658&use=l&cat=p&typeid=i","cat":284521},{"id":166598,"n":"Sauce spaghetti bio Jardin Bio 510g","p":3.33,"u":"6,53 €/KG","img":"https://fd2-photos.leclercdrive.fr/image.ashx?id=2811164&use=l&cat=p&typeid=i","cat":288384},{"id":166601,"n":"Compote bio Jardin Bio Pomme banane - 680g","p":3.58,"u":"5,26 €/KG","img":"https://fd2-photos.leclercdrive.fr/image.ashx?id=2918307&use=l&cat=p&typeid=i","cat":284508},{"id":166602,"n":"Compote bio Jardin Bio Pomme fraise - 680g","p":3.2,"u":"4,71 €/KG","img":"https://fd2-photos.leclercdrive.fr/image.ashx?id=2918835&use=l&cat=p&typeid=i","cat":284508},{"id":166674,"n":"Confiture Douceur du Verger Fraise - 750g","p":2.15,"u":"2,87 €/KG","img":"https://fd2-photos.leclercdrive.fr/image.ashx?id=2965545&use=l&cat=p&typeid=i","cat":284480},{"id":166675,"n":"Confiture Douceur du Verger Abricot - 370g","p":1.27,"u":"3,43 €/KG","img":"https://fd2-photos.leclercdrive.fr/image.ashx?id=2965572&use=l&cat=p&typeid=i","cat":284480},{"id":166686,"n":"Yaourt protéiné Hipro  Coco 0%mg - 2x160g","p":2.43,"u":"7,59 €/KG","img":"https://fd2-photos.leclercdrive.fr/image.ashx?id=2807423&use=l&cat=p&typeid=i","cat":315000},{"id":166750,"n":"Lessive concentrée Epsil Printemps x28 - 980ml","p":3.29,"u":"3,36 €/L","img":"https://fd2-photos.leclercdrive.fr/image.ashx?id=2450155&use=l&cat=p&typeid=i","cat":284640},{"id":166752,"n":"Lessive tri-dose Orient Epsil x20 - 490ml","p":4.49,"u":"9,16 €/L","img":"https://fd2-photos.leclercdrive.fr/image.ashx?id=2450116&use=l&cat=p&typeid=i","cat":284641},{"id":166753,"n":"Apéritif Apérol Spritz 12.5% vol - 1L","p":14.35,"u":"14,35 €/L","img":"https://fd2-photos.leclercdrive.fr/image.ashx?id=2957287&use=l&cat=p&typeid=i","cat":286032},{"id":166756,"n":"Blanc de poulet Fleury Michon Sans nitrite x4 - 130g","p":1.83,"u":"14,08 €/KG","img":"https://fd2-photos.leclercdrive.fr/image.ashx?id=2954833&use=l&cat=p&typeid=i","cat":316010},{"id":166757,"n":"Filet de poulet rôti Fleury Michon sans nitrite x6 - 160g","p":2.57,"u":"16,06 €/KG","img":"https://fd2-photos.leclercdrive.fr/image.ashx?id=2954830&use=l&cat=p&typeid=i","cat":316010},{"id":166759,"n":"Filet poulet rôti Fleury Michon  sans nitrite x4 - 116g","p":2.05,"u":"17,67 €/KG","img":"https://fd2-photos.leclercdrive.fr/image.ashx?id=2955173&use=l&cat=p&typeid=i","cat":316010},{"id":166819,"n":"Sucre en poudre Tablier Blanc 1kg","p":1.53,"u":"1,53 €/KG","img":"https://fd2-photos.leclercdrive.fr/image.ashx?id=3010434&use=l&cat=p&typeid=i","cat":284502},{"id":166828,"n":"Blanc de poulet Fleury Michon Sans nitrite x6 - 195g","p":2.79,"u":"14,31 €/KG","img":"https://fd2-photos.leclercdrive.fr/image.ashx?id=2962848&use=l&cat=p&typeid=i","cat":316010},{"id":166876,"n":"Lessive bi-doses Xeor Fraîcheur x30","p":5.24,"u":"7,13 €/L","img":"https://fd2-photos.leclercdrive.fr/image.ashx?id=2838945&use=l&cat=p&typeid=i","cat":284641},{"id":166940,"n":"Glace Mystère Nestlé Crème brulée - 4x77g","p":4.49,"u":"14,58 €/KG","img":"https://fd2-photos.leclercdrive.fr/image.ashx?id=2878399&use=l&cat=p&typeid=i","cat":284266},{"id":166984,"n":"Le Fromage Fouetté Madame Loïk Au lait de vache & chèvre 150g","p":1.74,"u":"11,60 €/KG","img":"https://fd2-photos.leclercdrive.fr/image.ashx?id=2986359&use=l&cat=p&typeid=i","cat":314029},{"id":167011,"n":"Pur jus de clémentine Jafaden 90cl","p":2.15,"u":"2,39 €/L","img":"https://fd2-photos.leclercdrive.fr/image.ashx?id=2723162&use=l&cat=p&typeid=i","cat":285435},{"id":167019,"n":"Steak haché Charal À la tomate - 250g","p":4.94,"u":"19,76 €/KG","img":"https://fd2-photos.leclercdrive.fr/image.ashx?id=2214852&use=l&cat=p&typeid=i","cat":284332},{"id":167171,"n":"Sucette guimauve Xmas Fizzy  Père Noel - 35g","p":1.69,"u":"48,29 €/KG","img":"https://fd2-photos.leclercdrive.fr/image.ashx?id=2305166&use=l&cat=p&typeid=i","cat":327592},{"id":167182,"n":"Tubo renne lait Libeert Moulage lait décoré - 150g","p":8.82,"u":"58,80 €/KG","img":"https://fd2-photos.leclercdrive.fr/image.ashx?id=2306444&use=l&cat=p&typeid=i","cat":327592},{"id":167183,"n":"Tubo père noël  lait Libeert Moulage lait décoré - 150g","p":8.82,"u":"58,80 €/KG","img":"https://fd2-photos.leclercdrive.fr/image.ashx?id=2306447&use=l&cat=p&typeid=i","cat":327592},{"id":167222,"n":"Calendrier de l'Avent Galak Chocolat Noël - 196,8g","p":13.53,"u":"68,68 €/KG","img":"https://fd2-photos.leclercdrive.fr/image.ashx?id=2902382&use=l&cat=p&typeid=i","cat":336112},{"id":167239,"n":"Festif Truffes Revillon Noir 70% - 370g","p":12.41,"u":"33,54 €/KG","img":"https://fd2-photos.leclercdrive.fr/image.ashx?id=2661199&use=l&cat=p&typeid=i","cat":327597},{"id":167240,"n":"Festif rochers Revillon Noir 70% & lait - 370g","p":11.46,"u":"30,97 €/KG","img":"https://fd2-photos.leclercdrive.fr/image.ashx?id=2661661&use=l&cat=p&typeid=i","cat":327597},{"id":167241,"n":"Festif Malakoffs Revillon Noir 70% & lait - 370g","p":12.41,"u":"33,54 €/KG","img":"https://fd2-photos.leclercdrive.fr/image.ashx?id=2661202&use=l&cat=p&typeid=i","cat":327597},{"id":167242,"n":"Nougats noir et lait  Revillon Noir 70% & lait - 300g","p":12.41,"u":"41,37 €/KG","img":"https://fd2-photos.leclercdrive.fr/image.ashx?id=2661658&use=l&cat=p&typeid=i","cat":327597},{"id":167243,"n":"Papillotes Révillon Noir 70% Féerique- 360g","p":11.46,"u":"31,83 €/KG","img":"https://fd2-photos.leclercdrive.fr/image.ashx?id=2863272&use=l&cat=p&typeid=i","cat":327597},{"id":167246,"n":"Papillotes Revillon Noir Lait Féerique - 360g","p":11.46,"u":"31,83 €/KG","img":"https://fd2-photos.leclercdrive.fr/image.ashx?id=2863275&use=l&cat=p&typeid=i","cat":327597},{"id":167247,"n":"Papillotes Révillon Lait et Blanc - 360g","p":11.46,"u":"31,83 €/KG","img":"https://fd2-photos.leclercdrive.fr/image.ashx?id=2863278&use=l&cat=p&typeid=i","cat":327597},{"id":167248,"n":"Papillote Révillon Noir Lait et Blanc Féerique - 360g","p":11.46,"u":"31,83 €/KG","img":"https://fd2-photos.leclercdrive.fr/image.ashx?id=2863121&use=l&cat=p&typeid=i","cat":327597},{"id":167304,"n":"Lait demi-écrémé Lactel 10x1L","p":12.6,"u":"1,26 €/L","img":"https://fd2-photos.leclercdrive.fr/image.ashx?id=2614146&use=l&cat=p&typeid=i","cat":284377},{"id":167362,"n":"Chips Tuiles Pringles Sel et Vinaigre - 165g","p":1.99,"u":"12,06 €/KG","img":"https://fd2-photos.leclercdrive.fr/image.ashx?id=2661742&use=l&cat=p&typeid=i","cat":287899},{"id":167375,"n":"Pois chiches d'aucy Bien Cultivés - 250g","p":1.93,"u":"7,72 €/KG","img":"https://fd2-photos.leclercdrive.fr/image.ashx?id=2800764&use=l&cat=p&typeid=i","cat":312609},{"id":167382,"n":"Pois carottes d'aucy  Bien Cultivés - 250g","p":1.82,"u":"7,28 €/KG","img":"https://fd2-photos.leclercdrive.fr/image.ashx?id=2835259&use=l&cat=p&typeid=i","cat":312607},{"id":167389,"n":"Pur jus d'orange Jafaden Sans pulpe - 90cl","p":2.15,"u":"2,39 €/L","img":"https://fd2-photos.leclercdrive.fr/image.ashx?id=2723159&use=l&cat=p&typeid=i","cat":285435},{"id":167390,"n":"Pur jus de pamplemousse Jafaden Avec pulpe - 90cl","p":1.88,"u":"2,09 €/L","img":"https://fd2-photos.leclercdrive.fr/image.ashx?id=2819639&use=l&cat=p&typeid=i","cat":285435},{"id":167391,"n":"Jus de pomme Jafaden 90cl","p":1.91,"u":"2,12 €/L","img":"https://fd2-photos.leclercdrive.fr/image.ashx?id=2723171&use=l&cat=p&typeid=i","cat":285435},{"id":167393,"n":"Boisson au jus de citron Jafaden - 90cl","p":1.87,"u":"2,08 €/L","img":"https://fd2-photos.leclercdrive.fr/image.ashx?id=2723177&use=l&cat=p&typeid=i","cat":285435},{"id":167395,"n":"Pur jus d'orange frais Jafaden Avec pulpe - 1,5L","p":3.66,"u":"2,44 €/L","img":"https://fd2-photos.leclercdrive.fr/image.ashx?id=2916719&use=l&cat=p&typeid=i","cat":285435},{"id":167397,"n":"Pur jus d'orange Jafaden Avec pulpe - 90cl","p":2.21,"u":"2,46 €/L","img":"https://fd2-photos.leclercdrive.fr/image.ashx?id=2723156&use=l&cat=p&typeid=i","cat":285435},{"id":167399,"n":"Mini cheese burgers Côté Croc x10 - 155g","p":6.35,"u":"40,97 €/KG","img":"https://fd2-photos.leclercdrive.fr/image.ashx?id=2898266&use=l&cat=p&typeid=i","cat":319774},{"id":167529,"n":"Lait bébé en poudre Gallia Calisma 1er âge 0-6 mois 830g","p":15.29,"u":"18,42 €/KG","img":"https://fd2-photos.leclercdrive.fr/image.ashx?id=2456201&use=l&cat=p&typeid=i","cat":284726},{"id":167530,"n":"Lait bébé en poudre Gallia Calisma 2e âge 6-12 mois 830g","p":15.01,"u":"18,08 €/KG","img":"https://fd2-photos.leclercdrive.fr/image.ashx?id=2479730&use=l&cat=p&typeid=i","cat":284727},{"id":167531,"n":"Lait bébé poudre Gallia Relais Calisma  1er âge 0-6 mois 830g","p":19.2,"u":"23,13 €/KG","img":"https://fd2-photos.leclercdrive.fr/image.ashx?id=2462460&use=l&cat=p&typeid=i","cat":284726},{"id":167532,"n":"Lait bébé poudre Gallia Relais Calisma 2e âge 6-12 mois 830g","p":18.38,"u":"22,14 €/KG","img":"https://fd2-photos.leclercdrive.fr/image.ashx?id=2911217&use=l&cat=p&typeid=i","cat":284727},{"id":167533,"n":"Tagliatelle Lustucru Selection  360g","p":1.45,"u":"4,03 €/KG","img":"https://fd2-photos.leclercdrive.fr/image.ashx?id=2885351&use=l&cat=p&typeid=i","cat":333682},{"id":167534,"n":"Tagliatelle Lustucru Selection  Maxi 600g","p":2.38,"u":"3,97 €/KG","img":"https://fd2-photos.leclercdrive.fr/image.ashx?id=2792399&use=l&cat=p&typeid=i","cat":333682},{"id":167535,"n":"Fettucini Lustucru Selection  350g","p":1.48,"u":"4,23 €/KG","img":"https://fd2-photos.leclercdrive.fr/image.ashx?id=2792402&use=l&cat=p&typeid=i","cat":333682},{"id":167558,"n":"Filet de poulet jaune  Plein Champ Loué x2 - 280g","p":6.1,"u":"21,79 €/KG","img":"https://fd2-photos.leclercdrive.fr/image.ashx?id=2561694&use=l&cat=p&typeid=i","cat":284336},{"id":167561,"n":"Brique pur jus Jafaden Multifruits - 1,5L","p":2.82,"u":"1,88 €/L","img":"https://fd2-photos.leclercdrive.fr/image.ashx?id=2916722&use=l&cat=p&typeid=i","cat":285435},{"id":167612,"n":"Lessive Epsil Perfect Tri Doses Pure fraîcheur x20 - 490ml","p":4.99,"u":"10,18 €/L","img":"https://fd2-photos.leclercdrive.fr/image.ashx?id=2450122&use=l&cat=p&typeid=i","cat":284641},{"id":167646,"n":"Rhum Havana Club Cuban Spiced 35% vol - 70cl","p":20.35,"u":"29,07 €/L","img":"https://fd2-photos.leclercdrive.fr/image.ashx?id=2839415&use=l&cat=p&typeid=i","cat":284550},{"id":167783,"n":"Tarte en Or feuilletée Herta Sans huile de palme - 230g","p":1.68,"u":"7,30 €/KG","img":"https://fd2-photos.leclercdrive.fr/image.ashx?id=2907938&use=l&cat=p&typeid=i","cat":333681},{"id":167784,"n":"Pâte brisée Herta Tarte en Or - 230g","p":2.27,"u":"9,87 €/KG","img":"https://fd2-photos.leclercdrive.fr/image.ashx?id=2907935&use=l&cat=p&typeid=i","cat":333681},{"id":167892,"n":"Banane Francité 5 fruits","p":2.29,"u":"0,46 €/P","img":"https://fd2-photos.leclercdrive.fr/image.ashx?id=2291456&use=l&cat=p&typeid=i","cat":284356},{"id":167959,"n":"Tzatziki dégustation Tables du Monde - 175g","p":2.25,"u":"12,86 €/KG","img":"https://fd2-photos.leclercdrive.fr/image.ashx?id=2222528&use=l&cat=p&typeid=i","cat":315999},{"id":168043,"n":"Liqueur de menthe Get Essentiel 17,9° - 70cl","p":12.8,"u":"18,29 €/L","img":"https://fd2-photos.leclercdrive.fr/image.ashx?id=2858267&use=l&cat=p&typeid=i","cat":286032},{"id":168076,"n":"Pavé de biche façon Chimichurri Saveurs Forestières - 2x125g","p":7.01,"u":"28,04 €/KG","img":"https://fd2-photos.leclercdrive.fr/image.ashx?id=2223737&use=l&cat=p&typeid=i","cat":287008},{"id":168097,"n":"Purée fruit bébé Blédina 6 mois Pomme pêche fraise - 4x100g","p":1.92,"u":"4,80 €/KG","img":"https://fd2-photos.leclercdrive.fr/image.ashx?id=2983027&use=l&cat=p&typeid=i","cat":312388},{"id":168150,"n":"Burger Géant Nature Jacquet Sans additif - x4 - 350g","p":1.53,"u":"4,37 €/KG","img":"https://fd2-photos.leclercdrive.fr/image.ashx?id=2729824&use=l&cat=p&typeid=i","cat":325067},{"id":168169,"n":"Ferments Lactiques Tablier Blanc - 8g","p":2.42,"u":"302,50 €/KG","img":"https://fd2-photos.leclercdrive.fr/image.ashx?id=2900355&use=l&cat=p&typeid=i","cat":284504},{"id":168171,"n":"Grandi girasoli Rana Ricotta, Épinards, Mascarpone - 250g","p":3.44,"u":"13,76 €/KG","img":"https://fd2-photos.leclercdrive.fr/image.ashx?id=2433759&use=l&cat=p&typeid=i","cat":333682},{"id":168205,"n":"Foie gras de canard Jean Larnaudie - 170g","p":25.95,"pp":17.13,"u":"100,76 €/KG","img":"https://fd2-photos.leclercdrive.fr/image.ashx?id=2915823&use=l&cat=p&typeid=i","cat":316008},{"id":168207,"n":"Foie gras de canard Jean Larnaudie - 170g","p":28.62,"u":"168,35 €/KG","img":"https://fd2-photos.leclercdrive.fr/image.ashx?id=2228594&use=l&cat=p&typeid=i","cat":316008},{"id":168237,"n":"Coquille St Jacques Mareval Au Vieil Armagnac - 280g","p":9.37,"u":"33,46 €/KG","img":"https://fd2-photos.leclercdrive.fr/image.ashx?id=2228864&use=l&cat=p&typeid=i","cat":319787},{"id":168274,"n":"Galette de blé noir Tregalette Raclette - 220g","p":3.1,"u":"14,09 €/KG","img":"https://fd2-photos.leclercdrive.fr/image.ashx?id=2511378&use=l&cat=p&typeid=i","cat":333672},{"id":168288,"n":"Girasoli Rana Cèpes 250g","p":3.36,"u":"13,44 €/KG","img":"https://fd2-photos.leclercdrive.fr/image.ashx?id=2433756&use=l&cat=p&typeid=i","cat":333682},{"id":168301,"n":"Skyr Yoplait  Nature 0%Mg - 850g","p":3.13,"u":"3,68 €/KG","img":"https://fd2-photos.leclercdrive.fr/image.ashx?id=2884444&use=l&cat=p&typeid=i","cat":315000},{"id":168316,"n":"Steaks hachés Charal Pur Bœuf 5% MG 4x100g - 400g","p":7.89,"u":"19,73 €/KG","img":"https://fd2-photos.leclercdrive.fr/image.ashx?id=2741994&use=l&cat=p&typeid=i","cat":319778},{"id":168327,"n":"Mini Boulettes Charal Happy Family x50 - 750g","p":7.95,"u":"10,60 €/KG","img":"https://fd2-photos.leclercdrive.fr/image.ashx?id=2956457&use=l&cat=p&typeid=i","cat":319779},{"id":168356,"n":"Shampooing réparation N.A.E. Bio - 500ml","p":8.25,"u":"16,50 €/L","img":"https://fd2-photos.leclercdrive.fr/image.ashx?id=2226830&use=l&cat=p&typeid=i","cat":284606},{"id":168391,"n":"Jus de pomme désucré Jafaden 1L","p":1.39,"u":"1,39 €/L","img":"https://fd2-photos.leclercdrive.fr/image.ashx?id=2227035&use=l&cat=p&typeid=i","cat":284522},{"id":168542,"n":"Culotte menstruelle DIM Flux abondant noir - T44/46","p":18.9,"img":"https://fd2-photos.leclercdrive.fr/image.ashx?id=2251721&use=l&cat=p&typeid=i","cat":291524},{"id":168547,"n":"Culotte menstruelle DIM Flux moyen - Noir T44/46","p":19.85,"img":"https://fd2-photos.leclercdrive.fr/image.ashx?id=2251745&use=l&cat=p&typeid=i","cat":291524},{"id":168569,"n":"Boulettes au bœuf Charal x30 - 900g","p":9.65,"u":"10,72 €/KG","img":"https://fd2-photos.leclercdrive.fr/image.ashx?id=2901845&use=l&cat=p&typeid=i","cat":319779},{"id":168652,"n":"Calendrier de l'Avent Kinder Ferrero Sélection - 295g","p":15.9,"u":"53,90 €/KG","img":"https://fd2-photos.leclercdrive.fr/image.ashx?id=2940525&use=l&cat=p&typeid=i","cat":336112},{"id":168656,"n":"Schoko-bons white Kinder Chocolat - 300g","p":8.15,"u":"27,17 €/KG","img":"https://fd2-photos.leclercdrive.fr/image.ashx?id=2918071&use=l&cat=p&typeid=i","cat":327592},{"id":168696,"n":"Jus innocent poire grenade 900ml","p":2.36,"u":"0,26 €/L","img":"https://fd2-photos.leclercdrive.fr/image.ashx?id=2888106&use=l&cat=p&typeid=i","cat":285435},{"id":168868,"n":"Essuie-tout Uni Vert 2 = 4 rouleaux","p":2.72,"u":"1,36 €/P","img":"https://fd2-photos.leclercdrive.fr/image.ashx?id=2333715&use=l&cat=p&typeid=i","cat":284635},{"id":168869,"n":"Papier toilette Uni Vert 2 plis 4=12 - x4","p":3.38,"u":"0,85 €/P","img":"https://fd2-photos.leclercdrive.fr/image.ashx?id=2333718&use=l&cat=p&typeid=i","cat":284634},{"id":168871,"n":"Mouchoirs Boîte 3 plis Univert Mouchoir papier non blanchi x80","p":1.26,"u":"0,02 €/P","img":"https://fd2-photos.leclercdrive.fr/image.ashx?id=2571941&use=l&cat=p&typeid=i","cat":284638},{"id":168984,"n":"Cocktail de crevettes surimi Mandarine Delicemer - 120g","p":1.99,"u":"16,58 €/KG","img":"https://fd2-photos.leclercdrive.fr/image.ashx?id=2237226&use=l&cat=p&typeid=i","cat":285191},{"id":168986,"n":"Tartinable saumon fumé hoki Delicemer - 120g","p":2.7,"u":"22,50 €/KG","img":"https://fd2-photos.leclercdrive.fr/image.ashx?id=2594506&use=l&cat=p&typeid=i","cat":285191},{"id":168992,"n":"Nuggets de volaille Eco+ 500g","p":2.18,"u":"4,36 €/KG","img":"https://fd2-photos.leclercdrive.fr/image.ashx?id=2842997&use=l&cat=p&typeid=i","cat":319780},{"id":168993,"n":"Viande hachée Eco+  800g","p":9.49,"u":"11,86 €/KG","img":"https://fd2-photos.leclercdrive.fr/image.ashx?id=2966526&use=l&cat=p&typeid=i","cat":319779},{"id":168994,"n":"Yaourt Enfant Petits Filous Tubs Aromatisés - x15","p":2.54,"u":"4,58 €/KG","img":"https://fd2-photos.leclercdrive.fr/image.ashx?id=2811038&use=l&cat=p&typeid=i","cat":284415},{"id":168995,"n":"Yaourt brassé Perle de Lait Vanille - 4x125g","p":2.0,"u":"4,00 €/KG","img":"https://fd2-photos.leclercdrive.fr/image.ashx?id=2939715&use=l&cat=p&typeid=i","cat":314999},{"id":169003,"n":"Yaourt brassé Perle de Lait Nature - 4x125g","p":1.8,"u":"3,60 €/KG","img":"https://fd2-photos.leclercdrive.fr/image.ashx?id=2939706&use=l&cat=p&typeid=i","cat":314999},{"id":169006,"n":"Cocktail de fruits de mer Eco+ Précuit - 500g","p":3.77,"u":"7,54 €/KG","img":"https://fd2-photos.leclercdrive.fr/image.ashx?id=2800219&use=l&cat=p&typeid=i","cat":319787},{"id":169026,"n":"Pané de colin d'Alaska Eco+ x5 - 800g","p":4.49,"u":"5,61 €/KG","img":"https://fd2-photos.leclercdrive.fr/image.ashx?id=2804323&use=l&cat=p&typeid=i","cat":319788},{"id":169028,"n":"Filet de colin d'Alaska Eco MSC - 1kg","p":5.87,"u":"5,87 €/KG","img":"https://fd2-photos.leclercdrive.fr/image.ashx?id=2545924&use=l&cat=p&typeid=i","cat":319786},{"id":169057,"n":"Pizza Margherita Eco+ x3 - 900g","p":2.63,"u":"2,92 €/KG","img":"https://fd2-photos.leclercdrive.fr/image.ashx?id=2626778&use=l&cat=p&typeid=i","cat":284256},{"id":169072,"n":"Yaourt brassé Perle de Lait Citron  - 4x125g","p":1.93,"u":"4,02 €/P","img":"https://fd2-photos.leclercdrive.fr/image.ashx?id=2939712&use=l&cat=p&typeid=i","cat":314999},{"id":169130,"n":"Monster Munch Goût Cheddar - 85g","p":1.09,"u":"12,82 €/KG","img":"https://fd2-photos.leclercdrive.fr/image.ashx?id=2971610&use=l&cat=p&typeid=i","cat":284449},{"id":169216,"n":"Yaourt brassé Perle de Lait Coco - 4x125g","p":1.9,"u":"3,80 €/KG","img":"https://fd2-photos.leclercdrive.fr/image.ashx?id=2939709&use=l&cat=p&typeid=i","cat":286006},{"id":169218,"n":"Yaourt brassé Perle de Lait Nature - 8x125g","p":3.27,"u":"3,27 €/KG","img":"https://fd2-photos.leclercdrive.fr/image.ashx?id=2989225&use=l&cat=p&typeid=i","cat":284409},{"id":169342,"n":"Lardons fumés Herta 200g","p":1.89,"u":"9,45 €/KG","img":"https://fd2-photos.leclercdrive.fr/image.ashx?id=2939307&use=l&cat=p&typeid=i","cat":316011},{"id":169344,"n":"Lardons fumés Herta Sans nitrite - 2x75g","p":1.76,"u":"11,73 €/KG","img":"https://fd2-photos.leclercdrive.fr/image.ashx?id=2731369&use=l&cat=p&typeid=i","cat":316011},{"id":169345,"n":"Lardons nature Herta 200g","p":1.99,"u":"9,95 €/KG","img":"https://fd2-photos.leclercdrive.fr/image.ashx?id=2731357&use=l&cat=p&typeid=i","cat":316011},{"id":169346,"n":"Allumettes fumées Herta Sans nitrite - 2x75g","p":1.88,"u":"12,53 €/KG","img":"https://fd2-photos.leclercdrive.fr/image.ashx?id=2868903&use=l&cat=p&typeid=i","cat":316011},{"id":169347,"n":"Allumettes nature Herta Sans nitrite - 2x75g","p":1.98,"u":"13,20 €/KG","img":"https://fd2-photos.leclercdrive.fr/image.ashx?id=2868906&use=l&cat=p&typeid=i","cat":316011},{"id":169349,"n":"Lardons fumés Herta -25% sel - 150g","p":1.75,"u":"11,67 €/KG","img":"https://fd2-photos.leclercdrive.fr/image.ashx?id=2731360&use=l&cat=p&typeid=i","cat":316011},{"id":169351,"n":"Allumettes fumées Herta 200g","p":1.85,"u":"9,25 €/KG","img":"https://fd2-photos.leclercdrive.fr/image.ashx?id=2817458&use=l&cat=p&typeid=i","cat":316011},{"id":169353,"n":"Pâte feuilletée Herta Tarte en Or - 230g","p":0.94,"u":"4,09 €/KG","img":"https://fd2-photos.leclercdrive.fr/image.ashx?id=2918658&use=l&cat=p&typeid=i","cat":333681},{"id":169354,"n":"Pâte brisée Herta Tarte en Or - 230g","p":1.04,"u":"4,52 €/KG","img":"https://fd2-photos.leclercdrive.fr/image.ashx?id=2739189&use=l&cat=p&typeid=i","cat":333681},{"id":169365,"n":"Pâte feuilletée rectangulaire  Herta Tarte en Or - 230g","p":1.25,"u":"5,43 €/KG","img":"https://fd2-photos.leclercdrive.fr/image.ashx?id=2721697&use=l&cat=p&typeid=i","cat":333681},{"id":169367,"n":"Pâte feuilletée Herta Tarte en Or -30%MG - 230g","p":1.37,"u":"5,96 €/KG","img":"https://fd2-photos.leclercdrive.fr/image.ashx?id=2814524&use=l&cat=p&typeid=i","cat":333681},{"id":169429,"n":"Tendres Effilés en Gelée Felix Selection poissons 12x85g","p":4.69,"u":"4,60 €/KG","img":"https://fd2-photos.leclercdrive.fr/image.ashx?id=2995439&use=l&cat=p&typeid=i","cat":285286},{"id":169430,"n":"Tendres Effilés en Gelée Felix Selection campagne 12x85g","p":4.69,"u":"4,60 €/KG","img":"https://fd2-photos.leclercdrive.fr/image.ashx?id=2957668&use=l&cat=p&typeid=i","cat":285286},{"id":169432,"n":"Tendres Effilés en Gelée Felix Selection mixte - 24x85g","p":8.75,"u":"4,29 €/KG","img":"https://fd2-photos.leclercdrive.fr/image.ashx?id=2869651&use=l&cat=p&typeid=i","cat":285286},{"id":169435,"n":"Délicieux Duos en Gelée Felix Selection mixte 24x85g","p":9.75,"u":"4,78 €/KG","img":"https://fd2-photos.leclercdrive.fr/image.ashx?id=2861779&use=l&cat=p&typeid=i","cat":285286},{"id":169443,"n":"Tendres Effilés Gelée 44x85g","p":15.95,"u":"4,26 €/KG","img":"https://fd2-photos.leclercdrive.fr/image.ashx?id=2957674&use=l&cat=p&typeid=i","cat":285286},{"id":169445,"n":"Duos en gelée Felix Selection campagne - 44x85g","p":15.95,"u":"4,26 €/KG","img":"https://fd2-photos.leclercdrive.fr/image.ashx?id=2976857&use=l&cat=p&typeid=i","cat":285286},{"id":169447,"n":"Emincés En Gelée Felix Selection mixte - 12x85g","p":4.05,"u":"3,97 €/KG","img":"https://fd2-photos.leclercdrive.fr/image.ashx?id=2869657&use=l&cat=p&typeid=i","cat":285286},{"id":169448,"n":"Emincés En Gelée  Felix Volaille légumes - 12x85g","p":3.99,"u":"3,91 €/KG","img":"https://fd2-photos.leclercdrive.fr/image.ashx?id=2909212&use=l&cat=p&typeid=i","cat":285286},{"id":169508,"n":"Margarine Planta Fin  Doux - 500g","p":5.85,"u":"11,70 €/KG","img":"https://fd2-photos.leclercdrive.fr/image.ashx?id=2240979&use=l&cat=p&typeid=i","cat":315229},{"id":169559,"n":"Père Noël Smarties Bleu - 85g","p":3.43,"u":"40,35 €/KG","img":"https://fd2-photos.leclercdrive.fr/image.ashx?id=2265626&use=l&cat=p&typeid=i","cat":327592},{"id":169716,"n":"Carpaccio à la truffe noire Bigard - 190g","p":5.95,"u":"31,32 €/KG","img":"https://fd2-photos.leclercdrive.fr/image.ashx?id=2320579&use=l&cat=p&typeid=i","cat":327288},{"id":170322,"n":"Sauce à la truffe blanche d'été Charal - 120g","p":2.0,"u":"16,67 €/KG","img":"https://fd2-photos.leclercdrive.fr/image.ashx?id=2245508&use=l&cat=p&typeid=i","cat":327293},{"id":170561,"n":"Friandises chien Tous mes Amis Sticks au Boeuf - 3x11g","p":0.5,"u":"15,15 €/KG","img":"https://fd2-photos.leclercdrive.fr/image.ashx?id=2302265&use=l&cat=p&typeid=i","cat":294527},{"id":170778,"n":"Bloc de foie gras Jean Larnaudie - 230g","p":36.87,"u":"160,30 €/KG","img":"https://fd2-photos.leclercdrive.fr/image.ashx?id=2915811&use=l&cat=p&typeid=i","cat":316008},{"id":170900,"n":"Emmental râpé Paysan Breton Spécial pizza - 200g","p":2.84,"u":"14,20 €/KG","img":"https://fd2-photos.leclercdrive.fr/image.ashx?id=2774556&use=l&cat=p&typeid=i","cat":314035},{"id":170922,"n":"Essuie-tout Sopalin Ultr'Absorb Blanc - x3 maxi rouleaux =6","p":4.99,"u":"1,66 €/P","img":"https://fd2-photos.leclercdrive.fr/image.ashx?id=2941958&use=l&cat=p&typeid=i","cat":284635},{"id":170957,"n":"Confiture Douceur du Verger Abricot - 750g","p":2.31,"u":"3,08 €/KG","img":"https://fd2-photos.leclercdrive.fr/image.ashx?id=2965581&use=l&cat=p&typeid=i","cat":284480},{"id":171105,"n":"Foie gras de canard Delpeyrat Barquette 360g","p":46.78,"u":"129,94 €/KG","img":"https://fd2-photos.leclercdrive.fr/image.ashx?id=2901710&use=l&cat=p&typeid=i","cat":316008},{"id":171110,"n":"Foie gras de canard Delpeyrat Bocal 360g","p":46.78,"u":"129,94 €/KG","img":"https://fd2-photos.leclercdrive.fr/image.ashx?id=2730565&use=l&cat=p&typeid=i","cat":316008},{"id":171187,"n":"Barres glacées Snickers  Caramel & Cacahuètes x12 - 547g","p":5.29,"u":"9,67 €/KG","img":"https://fd2-photos.leclercdrive.fr/image.ashx?id=2295505&use=l&cat=p&typeid=i","cat":284264},{"id":171188,"n":"Glace Barre Glacée Snickers  Caramel & Cacahuètes x6 - 274g","p":2.66,"u":"9,71 €/KG","img":"https://fd2-photos.leclercdrive.fr/image.ashx?id=2295508&use=l&cat=p&typeid=i","cat":284264},{"id":171191,"n":"Barre glacée Mars  Caramel x6 - 240g","p":2.79,"img":"https://fd2-photos.leclercdrive.fr/image.ashx?id=2295924&use=l&cat=p&typeid=i","cat":284264},{"id":171192,"n":"Barre glacée Mars  Chocolat & Caramel x12 - 480g","p":4.78,"u":"9,96 €/KG","img":"https://fd2-photos.leclercdrive.fr/image.ashx?id=2295927&use=l&cat=p&typeid=i","cat":284264},{"id":171409,"n":"Sac poubelle Elembal 50L - x40","p":5.99,"u":"0,15 €/P","img":"https://fd2-photos.leclercdrive.fr/image.ashx?id=2793311&use=l&cat=p&typeid=i","cat":285168},{"id":171462,"n":"Pâte à tartiner Nestlé dessert 590g","p":6.31,"u":"10,69 €/KG","img":"https://fd2-photos.leclercdrive.fr/image.ashx?id=2383001&use=l&cat=p&typeid=i","cat":284481},{"id":171646,"n":"Petits Filous Tub's Yoplait Panachés x15 - 555g","p":2.54,"u":"4,58 €/KG","img":"https://fd2-photos.leclercdrive.fr/image.ashx?id=2841349&use=l&cat=p&typeid=i","cat":284415},{"id":171836,"n":"Céréales Trésor Kellogg's Chocolat au lait - 620g","p":4.39,"u":"7,08 €/KG","img":"https://fd2-photos.leclercdrive.fr/image.ashx?id=2598334&use=l&cat=p&typeid=i","cat":309513},{"id":171839,"n":"Yaourts Light & Free Aux fruits rouges 0% - 8x125g","p":3.1,"u":"3,10 €/KG","img":"https://fd2-photos.leclercdrive.fr/image.ashx?id=3008014&use=l&cat=p&typeid=i","cat":315000},{"id":171846,"n":"Skyr vanille Délisse 450g","p":1.98,"u":"4,40 €/KG","img":"https://fd2-photos.leclercdrive.fr/image.ashx?id=2992585&use=l&cat=p&typeid=i","cat":315000},{"id":172078,"n":"Choucroute Garnie du Jour Stoeffler - 350g","p":3.97,"u":"11,34 €/KG","img":"https://fd2-photos.leclercdrive.fr/image.ashx?id=2257937&use=l&cat=p&typeid=i","cat":333665},{"id":172510,"n":"Morilles et champignons à la Crème Magda - 300g","p":3.98,"pp":2.63,"u":"8,77 €/KG","img":"https://fd2-photos.leclercdrive.fr/image.ashx?id=2790027&use=l&cat=p&typeid=i","cat":319823},{"id":172585,"n":"Fromage blanc 0%MG Light & Free Pêche - 4x120g","p":2.44,"u":"5,08 €/KG","img":"https://fd2-photos.leclercdrive.fr/image.ashx?id=3008002&use=l&cat=p&typeid=i","cat":315000},{"id":172588,"n":"Fromage blanc 0%MG Light & Free Nature - 8x100g","p":2.97,"u":"3,71 €/KG","img":"https://fd2-photos.leclercdrive.fr/image.ashx?id=3008008&use=l&cat=p&typeid=i","cat":315000},{"id":172592,"n":"Fromage blanc 0%MG Light & Free Vanille - 4x120g","p":2.02,"u":"4,21 €/KG","img":"https://fd2-photos.leclercdrive.fr/image.ashx?id=3008005&use=l&cat=p&typeid=i","cat":315000},{"id":172715,"n":"Allumettes fumées Herta -25% sel - 2x75g","p":1.75,"u":"11,67 €/KG","img":"https://fd2-photos.leclercdrive.fr/image.ashx?id=2731363&use=l&cat=p&typeid=i","cat":316011},{"id":172718,"n":"Lessive en poudre Xeor Savon de Marseille x50 - 2.5kg","p":5.99,"u":"2,40 €/KG","img":"https://fd2-photos.leclercdrive.fr/image.ashx?id=2450161&use=l&cat=p&typeid=i","cat":284642},{"id":172740,"n":"Farine à Pizza Mon Fournil T00 - 1kg","p":1.61,"u":"1,61 €/KG","img":"https://fd2-photos.leclercdrive.fr/image.ashx?id=2341660&use=l&cat=p&typeid=i","cat":284503},{"id":172829,"n":"Yaourt à boire protéiné Hipro  Mangue 0%mg - 300g","p":1.94,"u":"6,47 €/KG","img":"https://fd2-photos.leclercdrive.fr/image.ashx?id=2807432&use=l&cat=p&typeid=i","cat":315000},{"id":172919,"n":"Kit choucroute Clermont 1kg","p":9.99,"u":"9,99 €/KG","img":"https://fd2-photos.leclercdrive.fr/image.ashx?id=2788631&use=l&cat=p&typeid=i","cat":333666},{"id":173240,"n":"Caviar d'aubergines  Les Tartinables Florelli 190g","p":2.4,"u":"12,63 €/KG","img":"https://fd2-photos.leclercdrive.fr/image.ashx?id=2902786&use=l&cat=p&typeid=i","cat":289010},{"id":173332,"n":"Soupe liquide Liebig poireaux Saint jacques - Brique 1L","p":4.39,"u":"4,39 €/L","img":"https://fd2-photos.leclercdrive.fr/image.ashx?id=2472195&use=l&cat=p&typeid=i","cat":284462},{"id":173989,"n":"Porc au caramel Paul et Louise Et son riz - 300g","p":2.89,"u":"9,63 €/KG","img":"https://fd2-photos.leclercdrive.fr/image.ashx?id=3008464&use=l&cat=p&typeid=i","cat":284953},{"id":173990,"n":"Empresure au beurre salé Malo 4x125g","p":1.66,"u":"3,32 €/KG","img":"https://fd2-photos.leclercdrive.fr/image.ashx?id=2756272&use=l&cat=p&typeid=i","cat":285041},{"id":173998,"n":"Cylindre d'échange CO2 Sodastream - A clipser - 60L","p":11.6,"img":"https://fd2-photos.leclercdrive.fr/image.ashx?id=2650816&use=l&cat=p&typeid=i","cat":334140},{"id":174145,"n":"Confiture Douceur du Verger Cerises - 370 g","p":1.27,"u":"3,43 €/KG","img":"https://fd2-photos.leclercdrive.fr/image.ashx?id=2965599&use=l&cat=p&typeid=i","cat":284480},{"id":174147,"n":"Confiture Douceur du Verger Châtaignes/vanille - 370g","p":1.75,"u":"4,73 €/KG","img":"https://fd2-photos.leclercdrive.fr/image.ashx?id=2965593&use=l&cat=p&typeid=i","cat":284480},{"id":174148,"n":"Confiture Douceur du Verger Pêches - 370 g","p":1.6,"u":"4,32 €/KG","img":"https://fd2-photos.leclercdrive.fr/image.ashx?id=2965602&use=l&cat=p&typeid=i","cat":284480},{"id":174149,"n":"Confiture Douceur du Verger Fraises - 370 g","p":1.12,"u":"3,03 €/KG","img":"https://fd2-photos.leclercdrive.fr/image.ashx?id=2965539&use=l&cat=p&typeid=i","cat":284480},{"id":174150,"n":"Confiture Douceur du Verger Framboises - 370 g","p":1.99,"u":"5,38 €/KG","img":"https://fd2-photos.leclercdrive.fr/image.ashx?id=2965575&use=l&cat=p&typeid=i","cat":284480},{"id":174151,"n":"Confiture Douceur du Verger 4 fruits rouges - 370 g","p":1.18,"u":"3,19 €/KG","img":"https://fd2-photos.leclercdrive.fr/image.ashx?id=2965551&use=l&cat=p&typeid=i","cat":284480},{"id":174153,"n":"Sauce tomates cuisinées Panzani 210g","p":1.16,"u":"5,52 €/KG","img":"https://fd2-photos.leclercdrive.fr/image.ashx?id=2880688&use=l&cat=p&typeid=i","cat":299047},{"id":174154,"n":"Sauce Tomate Basilic Panzani - 210G","p":1.09,"u":"5,19 €/KG","img":"https://fd2-photos.leclercdrive.fr/image.ashx?id=2881290&use=l&cat=p&typeid=i","cat":288384},{"id":174157,"n":"Sauce Tomate Basilic Panzani - 400G","p":1.97,"u":"4,93 €/KG","img":"https://fd2-photos.leclercdrive.fr/image.ashx?id=2968088&use=l&cat=p&typeid=i","cat":288384},{"id":174158,"n":"Sauce Tomate Provençale Panzani - 650G","p":2.07,"u":"3,18 €/KG","img":"https://fd2-photos.leclercdrive.fr/image.ashx?id=2977942&use=l&cat=p&typeid=i","cat":299047},{"id":174159,"n":"Sauce Tomate Basilic Panzani - 650G","p":2.46,"u":"3,78 €/KG","img":"https://fd2-photos.leclercdrive.fr/image.ashx?id=2977945&use=l&cat=p&typeid=i","cat":288384},{"id":174160,"n":"Sauce tomates fraîches Panzani 3x190g","p":2.58,"u":"4,53 €/KG","img":"https://fd2-photos.leclercdrive.fr/image.ashx?id=2835274&use=l&cat=p&typeid=i","cat":288384},{"id":174188,"n":"Crevettes décortiquées Eco+ 500g","p":4.93,"u":"9,86 €/KG","img":"https://fd2-photos.leclercdrive.fr/image.ashx?id=2690877&use=l&cat=p&typeid=i","cat":319787},{"id":174189,"n":"Beignets de calamar Eco+ 500g","p":2.46,"u":"4,92 €/KG","img":"https://fd2-photos.leclercdrive.fr/image.ashx?id=2690955&use=l&cat=p&typeid=i","cat":319788},{"id":174204,"n":"Margarine Oméga 3 Fruit d'Or Sans huile de palme - 225g","p":1.62,"u":"7,20 €/KG","img":"https://fd2-photos.leclercdrive.fr/image.ashx?id=2887332&use=l&cat=p&typeid=i","cat":315229},{"id":174221,"n":"Pur jus d'orange Eco  Avec pulpe - 1L","p":2.07,"u":"2,07 €/L","img":"https://fd2-photos.leclercdrive.fr/image.ashx?id=2843102&use=l&cat=p&typeid=i","cat":285435},{"id":174222,"n":"Pur jus d'orange Eco  Sans pulpe - 1L","p":2.07,"u":"2,07 €/L","img":"https://fd2-photos.leclercdrive.fr/image.ashx?id=2779874&use=l&cat=p&typeid=i","cat":285435},{"id":174223,"n":"Pur jus de pomme Eco  1L","p":1.47,"u":"1,47 €/L","img":"https://fd2-photos.leclercdrive.fr/image.ashx?id=2779877&use=l&cat=p&typeid=i","cat":285435},{"id":174398,"n":"Eponges grattantes Eco + x6","p":0.96,"u":"0,16 €/P","img":"https://fd2-photos.leclercdrive.fr/image.ashx?id=2690982&use=l&cat=p&typeid=i","cat":284667},{"id":174477,"n":"Brownies Saint Michel Chocolat blanc pocket x8 - 240g","p":2.65,"u":"11,04 €/KG","img":"https://fd2-photos.leclercdrive.fr/image.ashx?id=2949952&use=l&cat=p&typeid=i","cat":294776},{"id":174517,"n":"Pur jus multifruits Jafaden 90cl","p":1.7,"u":"1,89 €/L","img":"https://fd2-photos.leclercdrive.fr/image.ashx?id=2723153&use=l&cat=p&typeid=i","cat":285435},{"id":174658,"n":"Eau gazeuse Plancoët Fines Bulles - 6x50 cl","p":2.15,"u":"0,72 €/L","img":"https://fd2-photos.leclercdrive.fr/image.ashx?id=2574284&use=l&cat=p&typeid=i","cat":284536},{"id":174668,"n":"Confiture Comtes de Provence  Fruits rouges bio - 350g","p":3.26,"u":"9,31 €/KG","img":"https://fd2-photos.leclercdrive.fr/image.ashx?id=2316072&use=l&cat=p&typeid=i","cat":284480},{"id":174675,"n":"Cidre brut quadrette Kerisac Pur Jus - 4.5%vol. - 4x25cl","p":3.9,"u":"3,90 €/L","img":"https://fd2-photos.leclercdrive.fr/image.ashx?id=2873925&use=l&cat=p&typeid=i","cat":334880},{"id":174709,"n":"Confiture Douceur du Verger 4 fruits rouges - 750 g","p":2.39,"u":"3,19 €/KG","img":"https://fd2-photos.leclercdrive.fr/image.ashx?id=2965557&use=l&cat=p&typeid=i","cat":284480},{"id":174714,"n":"Confiture Douceur du Verger Mûres - 370g","p":1.99,"u":"5,38 €/KG","img":"https://fd2-photos.leclercdrive.fr/image.ashx?id=2970587&use=l&cat=p&typeid=i","cat":284480},{"id":174764,"n":"Graisse fine de canard En pot - 800g","p":7.95,"u":"9,94 €/KG","img":"https://fd2-photos.leclercdrive.fr/image.ashx?id=2833831&use=l&cat=p&typeid=i","cat":284453},{"id":174815,"n":"Confiture Douceur du Verger Myrtilles - 370g","p":1.72,"u":"4,65 €/KG","img":"https://fd2-photos.leclercdrive.fr/image.ashx?id=2965590&use=l&cat=p&typeid=i","cat":284480},{"id":174816,"n":"Confiture Douceur du Verger Rhubarbe - 370g","p":1.69,"u":"4,57 €/KG","img":"https://fd2-photos.leclercdrive.fr/image.ashx?id=2965584&use=l&cat=p&typeid=i","cat":284480},{"id":174832,"n":"Saucisses de Toulouse x4 Soutenons Nos Agriculteurs 400g","p":4.7,"u":"11,75 €/KG","img":"https://fd2-photos.leclercdrive.fr/image.ashx?id=2835232&use=l&cat=p&typeid=i","cat":284334},{"id":174844,"n":"Amandes en poudre d'Espagne Sainte Lucie - 100g","p":3.04,"u":"30,40 €/KG","img":"https://fd2-photos.leclercdrive.fr/image.ashx?id=2774331&use=l&cat=p&typeid=i","cat":284504},{"id":174875,"n":"Gelée douceur du Verger Groseilles - 370g","p":1.29,"u":"3,49 €/KG","img":"https://fd2-photos.leclercdrive.fr/image.ashx?id=2965563&use=l&cat=p&typeid=i","cat":284480},{"id":174915,"n":"Roll-on bio So Bio Etic SOS maux de tête - 5ml","p":4.9,"u":"980,00 €/L","img":"https://fd2-photos.leclercdrive.fr/image.ashx?id=2849064&use=l&cat=p&typeid=i","cat":284630},{"id":174932,"n":"Poisson Pané Findus Croustibat Colin d'Alaska MSC x18 - 540g","p":3.91,"u":"7,24 €/KG","img":"https://fd2-photos.leclercdrive.fr/image.ashx?id=2653774&use=l&cat=p&typeid=i","cat":319788},{"id":174949,"n":"Crème fluide légère 3x20cl Soutenons Nos Agriculteurs","p":2.45,"u":"4,08 €/L","img":"https://fd2-photos.leclercdrive.fr/image.ashx?id=2291417&use=l&cat=p&typeid=i","cat":284381},{"id":174954,"n":"Crème liquide UHT 3x20cl Soutenons Nos Agriculteurs","p":3.49,"u":"5,82 €/L","img":"https://fd2-photos.leclercdrive.fr/image.ashx?id=2291414&use=l&cat=p&typeid=i","cat":284381},{"id":174999,"n":"Jambon superieur 4 tranches Soutenons Nos Agriculteurs 140g","p":2.66,"u":"19,00 €/KG","img":"https://fd2-photos.leclercdrive.fr/image.ashx?id=2943707&use=l&cat=p&typeid=i","cat":316009},{"id":175058,"n":"Pois chiches Bonduelle Cuits Dans Très Peu De Jus 265g","p":1.06,"u":"4,00 €/KG","img":"https://fd2-photos.leclercdrive.fr/image.ashx?id=2926272&use=l&cat=p&typeid=i","cat":312609},{"id":175125,"n":"Sauce Deluxe AMORA 250ml","p":1.88,"u":"7,52 €/L","img":"https://fd2-photos.leclercdrive.fr/image.ashx?id=3009266&use=l&cat=p&typeid=i","cat":318431},{"id":175303,"n":"Skyr Siggi's  Citron - 2x140g","p":1.97,"u":"7,04 €/KG","img":"https://fd2-photos.leclercdrive.fr/image.ashx?id=2673082&use=l&cat=p&typeid=i","cat":315000},{"id":175368,"n":"Bière Dremmwel 0°0 Bio - 6x25cl","p":4.99,"u":"3,33 €/L","img":"https://fd2-photos.leclercdrive.fr/image.ashx?id=2790129&use=l&cat=p&typeid=i","cat":334877},{"id":175482,"n":"AOC Vin Blanc Corse Terra Nostra - 75cl","p":5.98,"u":"7,97 €/L","img":"https://fd2-photos.leclercdrive.fr/image.ashx?id=2284496&use=l&cat=p&typeid=i","cat":289557},{"id":175551,"n":"Confit de canard du Sud-Ouest Nos Régions ont du Talent  420g","p":8.68,"u":"20,67 €/KG","img":"https://fd2-photos.leclercdrive.fr/image.ashx?id=2753544&use=l&cat=p&typeid=i","cat":284339},{"id":175560,"n":"Sérum nutrition Vitanove 100ml","p":3.99,"u":"39,90 €/L","img":"https://fd2-photos.leclercdrive.fr/image.ashx?id=2691441&use=l&cat=p&typeid=i","cat":284608},{"id":175572,"n":"Thé noir Earl Grey Bio Village Bio - x20 - 36g","p":1.09,"u":"30,28 €/KG","img":"https://fd2-photos.leclercdrive.fr/image.ashx?id=2897913&use=l&cat=p&typeid=i","cat":293233},{"id":175574,"n":"Sauce bolognaise Panzani Extra riche - 400g","p":2.49,"u":"6,23 €/KG","img":"https://fd2-photos.leclercdrive.fr/image.ashx?id=2887527&use=l&cat=p&typeid=i","cat":299047},{"id":175579,"n":"Pur jus Bio Village Bio Pomme  - 1L","p":2.14,"u":"2,14 €/L","img":"https://fd2-photos.leclercdrive.fr/image.ashx?id=2285081&use=l&cat=p&typeid=i","cat":284522},{"id":175586,"n":"Lentilles vertes Vivien Paille 1kg","p":3.6,"pp":2.38,"u":"2,38 €/KG","img":"https://fd2-photos.leclercdrive.fr/image.ashx?id=2285093&use=l&cat=p&typeid=i","cat":284430},{"id":175603,"n":"Thé vert bio Bio Village Menthe x20 - 36g","p":1.65,"u":"45,83 €/KG","img":"https://fd2-photos.leclercdrive.fr/image.ashx?id=2897907&use=l&cat=p&typeid=i","cat":293233},{"id":175605,"n":"Amandes California Sainte Lucie Décortiquées - 125g","p":3.26,"u":"26,08 €/KG","img":"https://fd2-photos.leclercdrive.fr/image.ashx?id=2285219&use=l&cat=p&typeid=i","cat":284504},{"id":175610,"n":"2 tétines Air Control Tigex Base étroite silicone +12mois","p":2.77,"img":"https://fd2-photos.leclercdrive.fr/image.ashx?id=2286714&use=l&cat=p&typeid=i","cat":284743},{"id":175612,"n":"2 Tétines Silicone  Nuk Base large Serenity + 6-18 mois","p":3.57,"img":"https://fd2-photos.leclercdrive.fr/image.ashx?id=2286708&use=l&cat=p&typeid=i","cat":284743},{"id":175713,"n":"Bière \"La Goudale\" Rubis - 6x25cl","p":5.25,"u":"3,50 €/L","img":"https://fd2-photos.leclercdrive.fr/image.ashx?id=2778245&use=l&cat=p&typeid=i","cat":334878},{"id":175765,"n":"Chocolat au lait Lindt Création Praliné Feuillantine - 110g","p":3.71,"u":"33,73 €/KG","img":"https://fd2-photos.leclercdrive.fr/image.ashx?id=2287394&use=l&cat=p&typeid=i","cat":284497},{"id":175781,"n":"Gambas cuites d'Equateur ASC L'Atelier Poissonnerie - 500g","p":6.99,"u":"13,98 €/KG","img":"https://fd2-photos.leclercdrive.fr/image.ashx?id=2325335&use=l&cat=p&typeid=i","cat":327284},{"id":175933,"n":"Pain de mie La Boulangère Avoine et graines - 500g","p":1.81,"u":"3,62 €/KG","img":"https://fd2-photos.leclercdrive.fr/image.ashx?id=2912431&use=l&cat=p&typeid=i","cat":325068},{"id":176027,"n":"Frites Classiques McCain Just Au Four - 700g","p":2.49,"u":"3,56 €/KG","img":"https://fd2-photos.leclercdrive.fr/image.ashx?id=2997340&use=l&cat=p&typeid=i","cat":319791},{"id":176029,"n":"Frites Classiques McCain Just Au Four - 1,69kg","p":5.13,"u":"3,04 €/KG","img":"https://fd2-photos.leclercdrive.fr/image.ashx?id=2771319&use=l&cat=p&typeid=i","cat":319791},{"id":176030,"n":"Frites Allumettes McCain Just Au Four - 700g","p":2.59,"u":"3,70 €/KG","img":"https://fd2-photos.leclercdrive.fr/image.ashx?id=2772491&use=l&cat=p&typeid=i","cat":319791},{"id":176031,"n":"Frites Allumettes McCain Just Au Four - 1,69kg","p":5.2,"u":"3,08 €/KG","img":"https://fd2-photos.leclercdrive.fr/image.ashx?id=2997343&use=l&cat=p&typeid=i","cat":319791},{"id":176033,"n":"Frites Steakhouse McCain Just Au Four - 700g","p":2.69,"u":"3,84 €/KG","img":"https://fd2-photos.leclercdrive.fr/image.ashx?id=2737921&use=l&cat=p&typeid=i","cat":319791},{"id":176034,"n":"Frites Express McCain Just Au Four - 600g","p":2.99,"u":"4,98 €/KG","img":"https://fd2-photos.leclercdrive.fr/image.ashx?id=2997337&use=l&cat=p&typeid=i","cat":319791},{"id":176036,"n":"Frites friteuse McCain Tradition - 1,080kg","p":2.69,"u":"2,49 €/KG","img":"https://fd2-photos.leclercdrive.fr/image.ashx?id=2737930&use=l&cat=p&typeid=i","cat":319791},{"id":176038,"n":"Frites friteuse McCain Tradition - 2,66kg","p":5.97,"u":"2,24 €/KG","img":"https://fd2-photos.leclercdrive.fr/image.ashx?id=2737927&use=l&cat=p&typeid=i","cat":319791},{"id":176040,"n":"Frites friteuse McCain Golden Allumette - 1,080kg","p":2.9,"u":"2,69 €/KG","img":"https://fd2-photos.leclercdrive.fr/image.ashx?id=2737939&use=l&cat=p&typeid=i","cat":319791},{"id":176043,"n":"La Frite Belge McCain 1.080kg","p":3.05,"u":"2,82 €/KG","img":"https://fd2-photos.leclercdrive.fr/image.ashx?id=2737942&use=l&cat=p&typeid=i","cat":319791},{"id":176214,"n":"Perle de Lait Yoplait Nature - 4x125g + 2 offerts","p":1.8,"u":"2,40 €/KG","img":"https://fd2-photos.leclercdrive.fr/image.ashx?id=2989249&use=l&cat=p&typeid=i","cat":284409},{"id":176217,"n":"Perle de Lait Yoplait Citron - 4x125g + 2 offerts","p":1.85,"u":"2,47 €/KG","img":"https://fd2-photos.leclercdrive.fr/image.ashx?id=2990592&use=l&cat=p&typeid=i","cat":286006},{"id":176238,"n":"Le rapé de Chèvre Soignon 150g","p":3.21,"u":"21,40 €/KG","img":"https://fd2-photos.leclercdrive.fr/image.ashx?id=2773694&use=l&cat=p&typeid=i","cat":314035},{"id":176239,"n":"Gnocchi Lustucru Selection  390g","p":1.73,"u":"4,44 €/KG","img":"https://fd2-photos.leclercdrive.fr/image.ashx?id=2965999&use=l&cat=p&typeid=i","cat":333682},{"id":176384,"n":"Soin Cheveux Magique Elsève Dream Long Embellisseur - 200ml","p":7.02,"u":"35,10 €/L","img":"https://fd2-photos.leclercdrive.fr/image.ashx?id=2439308&use=l&cat=p&typeid=i","cat":284608},{"id":176400,"n":"Gnocchi à poeler Lustucru  Lot de 2 + 1 offert - 900g","p":3.19,"u":"3,54 €/KG","img":"https://fd2-photos.leclercdrive.fr/image.ashx?id=2446671&use=l&cat=p&typeid=i","cat":333682},{"id":176436,"n":"Mini BN Cœur de Lait 175g","p":1.69,"u":"9,66 €/KG","img":"https://fd2-photos.leclercdrive.fr/image.ashx?id=2730484&use=l&cat=p&typeid=i","cat":284489},{"id":176534,"n":"Beurre bio Bio Village Doux  - 82% MG - 250g","p":2.85,"u":"11,40 €/KG","img":"https://fd2-photos.leclercdrive.fr/image.ashx?id=2294366&use=l&cat=p&typeid=i","cat":284379},{"id":176535,"n":"Beurre bio Bio Village  Demi-sel - 80% MG - 250g","p":2.99,"u":"11,96 €/KG","img":"https://fd2-photos.leclercdrive.fr/image.ashx?id=2961719&use=l&cat=p&typeid=i","cat":284379},{"id":176621,"n":"Crêpes Bretonnes Even Chocolat noisettes x6 - 180g","p":1.85,"u":"10,28 €/KG","img":"https://fd2-photos.leclercdrive.fr/image.ashx?id=2298625&use=l&cat=p&typeid=i","cat":284494},{"id":176677,"n":"Sablés noisettes chocolat Bonne Maman - 150g","p":2.15,"u":"14,33 €/KG","img":"https://fd2-photos.leclercdrive.fr/image.ashx?id=2984386&use=l&cat=p&typeid=i","cat":284488},{"id":176720,"n":"Ball's goût cordon bleu Le Gaulois - 200g","p":2.57,"u":"12,85 €/KG","img":"https://fd2-photos.leclercdrive.fr/image.ashx?id=2504608&use=l&cat=p&typeid=i","cat":333683},{"id":176823,"n":"Moussaka au boeuf Fleury Michon 300g","p":3.78,"u":"12,60 €/KG","img":"https://fd2-photos.leclercdrive.fr/image.ashx?id=3003236&use=l&cat=p&typeid=i","cat":333665},{"id":176846,"n":"Knacki Original Herta x6 - 210g","p":1.61,"u":"7,67 €/KG","img":"https://fd2-photos.leclercdrive.fr/image.ashx?id=2299070&use=l&cat=p&typeid=i","cat":316012},{"id":176847,"n":"Knacki Original Herta x10 - 350g","p":1.75,"u":"5,00 €/KG","img":"https://fd2-photos.leclercdrive.fr/image.ashx?id=2304111&use=l&cat=p&typeid=i","cat":316012},{"id":176848,"n":"Knacki Original Herta Sans nitrite x6 - 210g","p":2.35,"u":"11,19 €/KG","img":"https://fd2-photos.leclercdrive.fr/image.ashx?id=2299073&use=l&cat=p&typeid=i","cat":316012},{"id":176865,"n":"Saucisses fumées Clermont 6x125g","p":7.94,"u":"10,59 €/KG","img":"https://fd2-photos.leclercdrive.fr/image.ashx?id=2299157&use=l&cat=p&typeid=i","cat":316012},{"id":176929,"n":"Burger Moelleux Férial x2 - 220g","p":3.25,"u":"14,77 €/KG","img":"https://fd2-photos.leclercdrive.fr/image.ashx?id=2888407&use=l&cat=p&typeid=i","cat":284332},{"id":176968,"n":"yaourt aux fruits bifidus activia myrtille - 6x125g","p":3.64,"u":"4,85 €/KG","img":"https://fd2-photos.leclercdrive.fr/image.ashx?id=2741835&use=l&cat=p&typeid=i","cat":315000},{"id":176970,"n":"yaourt aux fruits bifidus activia abricot - 6x125g","p":3.64,"u":"4,85 €/KG","img":"https://fd2-photos.leclercdrive.fr/image.ashx?id=2741820&use=l&cat=p&typeid=i","cat":315000},{"id":176972,"n":"Yaourt aux fruits bifidus Activia ananas - 6x125g","p":3.64,"u":"4,85 €/KG","img":"https://fd2-photos.leclercdrive.fr/image.ashx?id=2741826&use=l&cat=p&typeid=i","cat":315000},{"id":176978,"n":"Filet de poulet  Volailles de Korrigan - 720g","p":5.95,"u":"8,26 €/KG","img":"https://fd2-photos.leclercdrive.fr/image.ashx?id=2307862&use=l&cat=p&typeid=i","cat":284336},{"id":176979,"n":"Cuisse de poulet  Volailles de Korrigan - 2x225g","p":3.15,"u":"7,00 €/KG","img":"https://fd2-photos.leclercdrive.fr/image.ashx?id=2307865&use=l&cat=p&typeid=i","cat":284336},{"id":176983,"n":"Escalope de dinde  Volailles de Korrigan - 120g","p":2.38,"u":"19,83 €/KG","img":"https://fd2-photos.leclercdrive.fr/image.ashx?id=2307868&use=l&cat=p&typeid=i","cat":284337},{"id":176984,"n":"Escalope de dinde extra fine Volailles de Korrigan - 2x120g","p":2.85,"u":"11,88 €/KG","img":"https://fd2-photos.leclercdrive.fr/image.ashx?id=2307871&use=l&cat=p&typeid=i","cat":284337},{"id":176988,"n":"Bonbon à sucer Ricola Menthol Stévia - 50g","p":1.44,"u":"28,80 €/KG","img":"https://fd2-photos.leclercdrive.fr/image.ashx?id=2382201&use=l&cat=p&typeid=i","cat":304252},{"id":176990,"n":"Bonbon à sucer Ricola Citron melisse stévia - 50g","p":1.44,"u":"28,80 €/KG","img":"https://fd2-photos.leclercdrive.fr/image.ashx?id=2382207&use=l&cat=p&typeid=i","cat":304252},{"id":176997,"n":"Pesto à la Calabrese Florelli - 190g","p":2.29,"u":"12,05 €/KG","img":"https://fd2-photos.leclercdrive.fr/image.ashx?id=2904922&use=l&cat=p&typeid=i","cat":289010},{"id":177003,"n":"Tiramisu au spéculoos Equador 2x100g","p":2.25,"u":"11,25 €/KG","img":"https://fd2-photos.leclercdrive.fr/image.ashx?id=2566691&use=l&cat=p&typeid=i","cat":284419},{"id":177111,"n":"Pralines Raffaello Noix de coco amandes x26 - 260g","p":7.75,"u":"29,81 €/KG","img":"https://fd2-photos.leclercdrive.fr/image.ashx?id=2964030&use=l&cat=p&typeid=i","cat":327595},{"id":177219,"n":"Sorbet Plein Fruit L'Angélys Fraise - 500g","p":5.19,"u":"10,38 €/KG","img":"https://fd2-photos.leclercdrive.fr/image.ashx?id=2963610&use=l&cat=p&typeid=i","cat":284263},{"id":177233,"n":"Sorbet Plein Fruit L'Angélys Fruit de la passion - 500g","p":5.19,"u":"10,38 €/KG","img":"https://fd2-photos.leclercdrive.fr/image.ashx?id=2963613&use=l&cat=p&typeid=i","cat":284263},{"id":177234,"n":"Sorbet Plein Fruit L'Angélys Mangue - 500g","p":5.1,"u":"10,20 €/KG","img":"https://fd2-photos.leclercdrive.fr/image.ashx?id=2963616&use=l&cat=p&typeid=i","cat":284263},{"id":177246,"n":"Pizza Crust Sodebo Mythic  Bœuf Cheddar - 600g","p":6.45,"u":"10,75 €/KG","img":"https://fd2-photos.leclercdrive.fr/image.ashx?id=3011200&use=l&cat=p&typeid=i","cat":333679},{"id":177247,"n":"Pizza Crust Sodebo Spicy Chorizo Poivrons - 600g","p":5.85,"u":"9,75 €/KG","img":"https://fd2-photos.leclercdrive.fr/image.ashx?id=2346912&use=l&cat=p&typeid=i","cat":333679},{"id":177257,"n":"Yaourt à la Grecque Nat&Vie Mangue Passion - 4x115g","p":2.6,"u":"5,65 €/KG","img":"https://fd2-photos.leclercdrive.fr/image.ashx?id=2852061&use=l&cat=p&typeid=i","cat":316071},{"id":177275,"n":"La Bûche de Chèvre Soignon Nature - 150g","p":1.82,"u":"12,13 €/KG","img":"https://fd2-photos.leclercdrive.fr/image.ashx?id=2995322&use=l&cat=p&typeid=i","cat":314031},{"id":177276,"n":"La bûche de Chèvre Soignon Cendrée - 150g","p":2.28,"u":"15,20 €/KG","img":"https://fd2-photos.leclercdrive.fr/image.ashx?id=2995319&use=l&cat=p&typeid=i","cat":314031},{"id":177366,"n":"Feuille de chêne verte  Bonduelle - 175g","p":1.95,"u":"11,14 €/KG","img":"https://fd2-photos.leclercdrive.fr/image.ashx?id=2894203&use=l&cat=p&typeid=i","cat":284353},{"id":177367,"n":"Coeur de Laitue Bonduelle 280g","p":2.5,"pp":1.65,"u":"5,89 €/KG","img":"https://fd2-photos.leclercdrive.fr/image.ashx?id=2939265&use=l&cat=p&typeid=i","cat":284353},{"id":177369,"n":"Feuille de chêne rouge Bonduelle - 125g","p":1.91,"u":"15,28 €/KG","img":"https://fd2-photos.leclercdrive.fr/image.ashx?id=2939268&use=l&cat=p&typeid=i","cat":284353},{"id":177381,"n":"Bière blonde Ch'ti 6.8% vol. - 75cl","p":2.9,"u":"3,87 €/L","img":"https://fd2-photos.leclercdrive.fr/image.ashx?id=2840169&use=l&cat=p&typeid=i","cat":334852},{"id":177457,"n":"Délice Gelée Chats Poésie Volaille - 12x85g","p":7.47,"u":"7,32 €/KG","img":"https://fd2-photos.leclercdrive.fr/image.ashx?id=2380655&use=l&cat=p&typeid=i","cat":285286},{"id":177458,"n":"Bière blonde La Goudale 0° - 6x25cl","p":4.43,"u":"2,95 €/L","img":"https://fd2-photos.leclercdrive.fr/image.ashx?id=2970963&use=l&cat=p&typeid=i","cat":334877},{"id":177643,"n":"Gnocchi Roll à poêler Lustucru Format maxi - 500g","p":2.91,"u":"5,82 €/KG","img":"https://fd2-photos.leclercdrive.fr/image.ashx?id=2786210&use=l&cat=p&typeid=i","cat":333682},{"id":177644,"n":"Gnocchi à poêler Lustucru Extra Chèvre - 280g","p":2.1,"u":"7,50 €/KG","img":"https://fd2-photos.leclercdrive.fr/image.ashx?id=2915979&use=l&cat=p&typeid=i","cat":333682},{"id":177650,"n":"Jambon Le Fumé Fleury Michon Sans nitrite x4 - 140g","p":2.94,"u":"21,00 €/KG","img":"https://fd2-photos.leclercdrive.fr/image.ashx?id=2923948&use=l&cat=p&typeid=i","cat":316009},{"id":177652,"n":"Jambon Label Rouge Fleury Michon sans nitrite x4- 160g","p":3.59,"u":"22,44 €/KG","img":"https://fd2-photos.leclercdrive.fr/image.ashx?id=2923957&use=l&cat=p&typeid=i","cat":316009},{"id":177655,"n":"Blanc de poulet Fleury Michon Doré au Four x6 - 190g","p":1.85,"u":"9,74 €/KG","img":"https://fd2-photos.leclercdrive.fr/image.ashx?id=3004972&use=l&cat=p&typeid=i","cat":316010},{"id":177657,"n":"Blanc de dinde Fleury Michon Doré au Four x4 - 160g","p":1.93,"u":"12,06 €/KG","img":"https://fd2-photos.leclercdrive.fr/image.ashx?id=2816868&use=l&cat=p&typeid=i","cat":316010},{"id":177670,"n":"Crème fraîche entière Yoplait 30%MG - 450g","p":2.0,"u":"4,44 €/KG","img":"https://fd2-photos.leclercdrive.fr/image.ashx?id=2811044&use=l&cat=p&typeid=i","cat":284381},{"id":177672,"n":"Crème fraîche entière Yoplait 30%MG - 190g","p":0.97,"u":"5,11 €/KG","img":"https://fd2-photos.leclercdrive.fr/image.ashx?id=2811041&use=l&cat=p&typeid=i","cat":284381},{"id":177676,"n":"Skyr Yoplait  Nature 0%MG - 8x100G","p":3.25,"u":"4,06 €/KG","img":"https://fd2-photos.leclercdrive.fr/image.ashx?id=2884450&use=l&cat=p&typeid=i","cat":315000},{"id":177677,"n":"Skyr Yoplait  Lit Fruits Rouges 0%MG - 8x100G","p":3.51,"u":"4,39 €/KG","img":"https://fd2-photos.leclercdrive.fr/image.ashx?id=2884453&use=l&cat=p&typeid=i","cat":315000},{"id":177698,"n":"Knacki Original Herta Sans nitrite x4 - 140g","p":1.98,"u":"14,14 €/KG","img":"https://fd2-photos.leclercdrive.fr/image.ashx?id=2309423&use=l&cat=p&typeid=i","cat":316012},{"id":177704,"n":"Knacki Original Herta 100% Porc - 210g","p":2.27,"u":"10,81 €/KG","img":"https://fd2-photos.leclercdrive.fr/image.ashx?id=2309417&use=l&cat=p&typeid=i","cat":316012},{"id":177709,"n":"Chou-fleur Florette 180g","p":1.8,"u":"10,00 €/KG","img":"https://fd2-photos.leclercdrive.fr/image.ashx?id=2786486&use=l&cat=p&typeid=i","cat":284352},{"id":177717,"n":"Bière blonde Ch'ti  6,8° - 33cl","p":1.51,"u":"4,58 €/L","img":"https://fd2-photos.leclercdrive.fr/image.ashx?id=2309615&use=l&cat=p&typeid=i","cat":334873},{"id":178097,"n":"L'Ovale de Chèvre  Soignon - 160g","p":2.86,"u":"17,88 €/KG","img":"https://fd2-photos.leclercdrive.fr/image.ashx?id=2995328&use=l&cat=p&typeid=i","cat":314031},{"id":178110,"n":"Pizza Dr.Oetker Ristorante Thon - 355g","p":2.59,"u":"7,30 €/KG","img":"https://fd2-photos.leclercdrive.fr/image.ashx?id=2993056&use=l&cat=p&typeid=i","cat":284256},{"id":178111,"n":"Pizza Dr.Oetker Ristorante 4 fromages - 340g","p":2.59,"u":"7,62 €/KG","img":"https://fd2-photos.leclercdrive.fr/image.ashx?id=2993050&use=l&cat=p&typeid=i","cat":284256},{"id":178112,"n":"Pizza Dr.Oetker Ristorante Mozzarella - 335g","p":2.7,"u":"8,06 €/KG","img":"https://fd2-photos.leclercdrive.fr/image.ashx?id=2993062&use=l&cat=p&typeid=i","cat":284256},{"id":178113,"n":"Pizza Dr.Oetker Ristorante  Vegetale aux légumes - 385g","p":2.79,"u":"7,25 €/KG","img":"https://fd2-photos.leclercdrive.fr/image.ashx?id=2993068&use=l&cat=p&typeid=i","cat":284256},{"id":178114,"n":"Pizza Ristorante Dr Oetker Royale - 350g","p":2.87,"u":"8,20 €/KG","img":"https://fd2-photos.leclercdrive.fr/image.ashx?id=2993044&use=l&cat=p&typeid=i","cat":284256},{"id":178120,"n":"Verrines de Courgettes  Pesto Chèvre Poivrons x4 - 160g","p":3.5,"u":"21,88 €/KG","img":"https://fd2-photos.leclercdrive.fr/image.ashx?id=2560963&use=l&cat=p&typeid=i","cat":316003},{"id":178127,"n":"Sablé salé Michel et Augustin Coppa corse - 90g","p":2.59,"u":"28,78 €/KG","img":"https://fd2-photos.leclercdrive.fr/image.ashx?id=2315422&use=l&cat=p&typeid=i","cat":297000},{"id":178144,"n":"Thé glacé MayTea Saveur Pêche - 1,2L","p":1.95,"u":"1,63 €/L","img":"https://fd2-photos.leclercdrive.fr/image.ashx?id=2648661&use=l&cat=p&typeid=i","cat":295019},{"id":178147,"n":"Céréales Trésor Kellogg's Chocolat noisettes - 620g","p":4.35,"u":"7,02 €/KG","img":"https://fd2-photos.leclercdrive.fr/image.ashx?id=2598331&use=l&cat=p&typeid=i","cat":309513},{"id":178161,"n":"Pizza Dr.Oetker Ristorante Jambon salami champignons 345g","p":2.57,"u":"7,45 €/KG","img":"https://fd2-photos.leclercdrive.fr/image.ashx?id=2993059&use=l&cat=p&typeid=i","cat":284256},{"id":178163,"n":"Thé glacé MayTea Saveur Menthe - 1,2L","p":1.94,"u":"1,62 €/L","img":"https://fd2-photos.leclercdrive.fr/image.ashx?id=2648664&use=l&cat=p&typeid=i","cat":295019},{"id":178165,"n":"Crème glacée Nuii  Cookies & Cream - x4 - 268g","p":4.49,"u":"16,75 €/KG","img":"https://fd2-photos.leclercdrive.fr/image.ashx?id=2506816&use=l&cat=p&typeid=i","cat":284265},{"id":178253,"n":"Yaourt aux fruits Eco+ Panaché - 12x125g","p":2.47,"u":"1,65 €/KG","img":"https://fd2-photos.leclercdrive.fr/image.ashx?id=2849635&use=l&cat=p&typeid=i","cat":284410},{"id":178260,"n":"Truite fumée Eco+ 100g","p":2.33,"u":"23,30 €/KG","img":"https://fd2-photos.leclercdrive.fr/image.ashx?id=2973505&use=l&cat=p&typeid=i","cat":285188},{"id":178346,"n":"Thé glacé MayTea Saveur Framboise - 1,2L","p":1.96,"u":"1,63 €/L","img":"https://fd2-photos.leclercdrive.fr/image.ashx?id=2643863&use=l&cat=p&typeid=i","cat":295019},{"id":178350,"n":"Légumes pour pot-au-feu Notre Jardin - 1kg","p":2.9,"u":"2,90 €/KG","img":"https://fd2-photos.leclercdrive.fr/image.ashx?id=2900190&use=l&cat=p&typeid=i","cat":319823},{"id":178351,"n":"Poêlée à la Mexicaine Notre Jardin - 1kg","p":3.72,"u":"3,72 €/KG","img":"https://fd2-photos.leclercdrive.fr/image.ashx?id=2771375&use=l&cat=p&typeid=i","cat":319823},{"id":178355,"n":"Hachis Parmentier Fleury Michon à l'Emmental - 300g","p":2.45,"u":"8,17 €/KG","img":"https://fd2-photos.leclercdrive.fr/image.ashx?id=3003248&use=l&cat=p&typeid=i","cat":333665},{"id":178358,"n":"Gratin d'Endives au jambon sans nitrite Fleury michon - 280g","p":3.21,"u":"11,46 €/KG","img":"https://fd2-photos.leclercdrive.fr/image.ashx?id=3003254&use=l&cat=p&typeid=i","cat":333665},{"id":178553,"n":"Eau Cologne Eco + Lavande 1L","p":2.53,"u":"2,53 €/L","img":"https://fd2-photos.leclercdrive.fr/image.ashx?id=2690859&use=l&cat=p&typeid=i","cat":291525},{"id":178554,"n":"Eau de Cologne Eco + Fraîcheur 500ml","p":1.97,"u":"3,94 €/L","img":"https://fd2-photos.leclercdrive.fr/image.ashx?id=3001196&use=l&cat=p&typeid=i","cat":291525},{"id":178571,"n":"Désodorisant Eco + Marine 300ml","p":0.68,"u":"2,27 €/L","img":"https://fd2-photos.leclercdrive.fr/image.ashx?id=2607897&use=l&cat=p&typeid=i","cat":311626},{"id":178625,"n":"Recharge gel douche Sanex Zéro% Tous types de peaux - 500ml","p":3.02,"u":"6,04 €/L","img":"https://fd2-photos.leclercdrive.fr/image.ashx?id=2859986&use=l&cat=p&typeid=i","cat":284594},{"id":178845,"n":"Tampons Tampax Compak  Avec applicateur - Super+ - x22","p":2.88,"u":"0,13 €/P","img":"https://fd2-photos.leclercdrive.fr/image.ashx?id=2850405&use=l&cat=p&typeid=i","cat":284626},{"id":178948,"n":"Gâteau Savane Brossard Tout chocolat pocket x7 210g","p":2.4,"u":"11,43 €/KG","img":"https://fd2-photos.leclercdrive.fr/image.ashx?id=2870728&use=l&cat=p&typeid=i","cat":294776},{"id":178949,"n":"Gâteau Savane Brossard Max Barr' Pocket x7 - 210g","p":2.25,"u":"10,71 €/KG","img":"https://fd2-photos.leclercdrive.fr/image.ashx?id=2870731&use=l&cat=p&typeid=i","cat":294776},{"id":178950,"n":"Eponge Spontex  Flash - x2","p":2.25,"u":"75,00 €/KG","img":"https://fd2-photos.leclercdrive.fr/image.ashx?id=2657781&use=l&cat=p&typeid=i","cat":284667},{"id":178951,"n":"Sacs poubelle Handy Bag   Ultra résistant 50L - x10","p":2.93,"u":"0,29 €/P","img":"https://fd2-photos.leclercdrive.fr/image.ashx?id=2918970&use=l&cat=p&typeid=i","cat":285168},{"id":178954,"n":"Mouchoirs Family Kleenex® Boîte x128","p":1.75,"u":"0,01 €/P","img":"https://fd2-photos.leclercdrive.fr/image.ashx?id=3009017&use=l&cat=p&typeid=i","cat":284638},{"id":178974,"n":"Mouchoirs Balsam Kleenex® Boîte x64","p":1.75,"u":"0,03 €/P","img":"https://fd2-photos.leclercdrive.fr/image.ashx?id=2853353&use=l&cat=p&typeid=i","cat":284638},{"id":178976,"n":"Beurre moulé Grand Fermage Sel de mer - 80% MG - 125g","p":1.73,"u":"13,84 €/KG","img":"https://fd2-photos.leclercdrive.fr/image.ashx?id=2985330&use=l&cat=p&typeid=i","cat":284379},{"id":178977,"n":"Bûche de Chèvre Soignon  120g","p":1.86,"u":"15,50 €/KG","img":"https://fd2-photos.leclercdrive.fr/image.ashx?id=2676717&use=l&cat=p&typeid=i","cat":314031},{"id":178992,"n":"Cordon Bleu Le Gaulois Ourson x2 - 160g","p":2.36,"u":"14,75 €/KG","img":"https://fd2-photos.leclercdrive.fr/image.ashx?id=2575249&use=l&cat=p&typeid=i","cat":333683},{"id":179001,"n":"Préservatifs Durex Nude Sans  Latex Sensation Peau à Peau x20","p":14.17,"u":"0,71 €/P","img":"https://fd2-photos.leclercdrive.fr/image.ashx?id=2730448&use=l&cat=p&typeid=i","cat":284631},{"id":179012,"n":"Beurre gastronomique Président Demi-sel - 80% MG - 125g","p":1.65,"u":"13,20 €/KG","img":"https://fd2-photos.leclercdrive.fr/image.ashx?id=2653489&use=l&cat=p&typeid=i","cat":284379},{"id":179022,"n":"Risotto Chou-fleur Paysan Breton - 750g","p":3.75,"u":"5,00 €/KG","img":"https://fd2-photos.leclercdrive.fr/image.ashx?id=2882427&use=l&cat=p&typeid=i","cat":319823},{"id":179025,"n":"Sacs poubelle 30L Handy Bag Ultra résistant - x20","p":2.22,"u":"0,11 €/P","img":"https://fd2-photos.leclercdrive.fr/image.ashx?id=2603800&use=l&cat=p&typeid=i","cat":285168},{"id":179027,"n":"Sacs poubelle 30L Handy Bag Ultra résistant - x15","p":2.81,"u":"0,19 €/P","img":"https://fd2-photos.leclercdrive.fr/image.ashx?id=2992278&use=l&cat=p&typeid=i","cat":285168},{"id":179028,"n":"Gel douche Sanex zéro 0% Peaux normales - 725ml","p":4.63,"u":"6,39 €/L","img":"https://fd2-photos.leclercdrive.fr/image.ashx?id=2685540&use=l&cat=p&typeid=i","cat":284594},{"id":179030,"n":"Sacs poubelle 30L Handy Bag Ultra résistant - x15","p":3.18,"u":"0,21 €/P","img":"https://fd2-photos.leclercdrive.fr/image.ashx?id=2633145&use=l&cat=p&typeid=i","cat":285168},{"id":179031,"n":"Gel douche Sanex zéro 0% Peaux normales - 475ml","p":3.21,"u":"6,76 €/L","img":"https://fd2-photos.leclercdrive.fr/image.ashx?id=2648851&use=l&cat=p&typeid=i","cat":284594},{"id":179039,"n":"Film fraîcheur Albal 30m","p":2.24,"img":"https://fd2-photos.leclercdrive.fr/image.ashx?id=2929056&use=l&cat=p&typeid=i","cat":334134},{"id":179075,"n":"Smoothie Yellow True Fruits 75cl","p":4.2,"u":"5,60 €/L","img":"https://fd2-photos.leclercdrive.fr/image.ashx?id=2871082&use=l&cat=p&typeid=i","cat":285435},{"id":179076,"n":"Smoothie Pink True Fruits 75cl","p":4.92,"u":"6,56 €/L","img":"https://fd2-photos.leclercdrive.fr/image.ashx?id=2871085&use=l&cat=p&typeid=i","cat":285435},{"id":179085,"n":"Rhum épicé Bacardi Spiced 35° - 70cl","p":15.75,"u":"22,50 €/L","img":"https://fd2-photos.leclercdrive.fr/image.ashx?id=2322823&use=l&cat=p&typeid=i","cat":284550},{"id":179126,"n":"Lait demi-écrémé Candia Brique Jeunes Agriculteurs - 6X1L","p":6.84,"u":"1,14 €/L","img":"https://fd2-photos.leclercdrive.fr/image.ashx?id=2623262&use=l&cat=p&typeid=i","cat":284377},{"id":179256,"n":"Jus Ocean Spray Classic  Cranberry - 1L","p":1.99,"u":"1,99 €/L","img":"https://fd2-photos.leclercdrive.fr/image.ashx?id=2324021&use=l&cat=p&typeid=i","cat":284915},{"id":179299,"n":"Lait bébé Candia Baby  croissance 3ème âge - 6x1L","p":10.65,"u":"1,78 €/L","img":"https://fd2-photos.leclercdrive.fr/image.ashx?id=2963349&use=l&cat=p&typeid=i","cat":284728},{"id":179326,"n":"Gel douche Sanex Zéro 0% Peaux sèches - 475ml","p":3.21,"u":"6,76 €/L","img":"https://fd2-photos.leclercdrive.fr/image.ashx?id=2692857&use=l&cat=p&typeid=i","cat":284594},{"id":179355,"n":"Eco recharge gel douche Sanex Zéro 0% famille hydratant - 1L","p":6.86,"u":"6,86 €/L","img":"https://fd2-photos.leclercdrive.fr/image.ashx?id=2676927&use=l&cat=p&typeid=i","cat":284594},{"id":179356,"n":"Gel douche Sanex Zéro 0% Peaux sèches - 725ml","p":4.59,"u":"6,33 €/L","img":"https://fd2-photos.leclercdrive.fr/image.ashx?id=2738392&use=l&cat=p&typeid=i","cat":284594},{"id":179384,"n":"Pâte à tartiner Eco+ 750g - aux noissettes","p":2.47,"u":"3,29 €/KG","img":"https://fd2-photos.leclercdrive.fr/image.ashx?id=2841148&use=l&cat=p&typeid=i","cat":284481},{"id":179386,"n":"Nettoyant ménager Ajax  Citron vert - 1,5L","p":2.41,"u":"1,61 €/L","img":"https://fd2-photos.leclercdrive.fr/image.ashx?id=2512438&use=l&cat=p&typeid=i","cat":284907},{"id":179389,"n":"Gel à raser SO'BiO Men précision - 150ml","p":6.01,"u":"40,07 €/L","img":"https://fd2-photos.leclercdrive.fr/image.ashx?id=2325251&use=l&cat=p&typeid=i","cat":284617},{"id":179390,"n":"Huile barbe SO'BiO étic Men nourrissante - 50ml","p":8.75,"u":"175,00 €/L","img":"https://fd2-photos.leclercdrive.fr/image.ashx?id=2694842&use=l&cat=p&typeid=i","cat":284622},{"id":179405,"n":"Nems cocktail à la crevette Et sauce nuoc mam - 180g","p":3.49,"u":"19,39 €/KG","img":"https://fd2-photos.leclercdrive.fr/image.ashx?id=2130337&use=l&cat=p&typeid=i","cat":333673},{"id":179413,"n":"Piles Alcalines Energizer Max 9V - pack de 2","p":8.6,"img":"https://fd2-photos.leclercdrive.fr/image.ashx?id=2850713&use=l&cat=p&typeid=i","cat":300572},{"id":179415,"n":"Pile Alcalines Energizer Max Plus AA/LR6 - x4","p":6.49,"img":"https://fd2-photos.leclercdrive.fr/image.ashx?id=2393365&use=l&cat=p&typeid=i","cat":300572},{"id":179416,"n":"Pile Alcalines Energizer Max Plus AAA/LR03 - x4","p":6.49,"img":"https://fd2-photos.leclercdrive.fr/image.ashx?id=2393368&use=l&cat=p&typeid=i","cat":300572},{"id":179418,"n":"Pile Alcalines Energizer Max AAA/LR03 - x6","p":7.5,"img":"https://fd2-photos.leclercdrive.fr/image.ashx?id=2850722&use=l&cat=p&typeid=i","cat":300572},{"id":179421,"n":"Pain burger Jacquet Nature x6 - 350g","p":1.49,"u":"4,26 €/KG","img":"https://fd2-photos.leclercdrive.fr/image.ashx?id=2729833&use=l&cat=p&typeid=i","cat":325067},{"id":179431,"n":"Brioche Pitch Chocolat x8 - 300g","p":1.72,"u":"5,73 €/KG","img":"https://fd2-photos.leclercdrive.fr/image.ashx?id=2452119&use=l&cat=p&typeid=i","cat":293505},{"id":179432,"n":"Brioches Pitch Fraise x8 - 300g","p":1.95,"u":"6,50 €/KG","img":"https://fd2-photos.leclercdrive.fr/image.ashx?id=2452116&use=l&cat=p&typeid=i","cat":293505},{"id":179433,"n":"Brioche Pitch Chocolat au lait x8 - 300g","p":2.15,"u":"7,17 €/KG","img":"https://fd2-photos.leclercdrive.fr/image.ashx?id=2452113&use=l&cat=p&typeid=i","cat":293505},{"id":179435,"n":"Brioche Pitch Chocolat x12 - 450g","p":2.62,"u":"5,82 €/KG","img":"https://fd2-photos.leclercdrive.fr/image.ashx?id=2452110&use=l&cat=p&typeid=i","cat":293505},{"id":179437,"n":"Brioches Pitch Pépites chocolat x8 - 300g","p":1.99,"u":"6,63 €/KG","img":"https://fd2-photos.leclercdrive.fr/image.ashx?id=2452107&use=l&cat=p&typeid=i","cat":293505},{"id":179438,"n":"Brioche Pitch Pépites de chocolat x12 - 450g","p":2.71,"u":"6,02 €/KG","img":"https://fd2-photos.leclercdrive.fr/image.ashx?id=2452104&use=l&cat=p&typeid=i","cat":293505},{"id":179439,"n":"Brioches Pitch Choco barre noir x8-  300g","p":2.35,"u":"7,83 €/KG","img":"https://fd2-photos.leclercdrive.fr/image.ashx?id=2452101&use=l&cat=p&typeid=i","cat":293505},{"id":179440,"n":"Brioches Pitch  Choco barre lait x8 - 300g","p":2.2,"u":"7,33 €/KG","img":"https://fd2-photos.leclercdrive.fr/image.ashx?id=2454115&use=l&cat=p&typeid=i","cat":293505},{"id":179442,"n":"Brioches Pitch Choco barre noisette x8 - 300g","p":2.3,"u":"7,67 €/KG","img":"https://fd2-photos.leclercdrive.fr/image.ashx?id=2454112&use=l&cat=p&typeid=i","cat":293505},{"id":179443,"n":"Brioches Pitch Crousti x8 - 300g","p":2.79,"u":"9,30 €/KG","img":"https://fd2-photos.leclercdrive.fr/image.ashx?id=2454109&use=l&cat=p&typeid=i","cat":293505},{"id":179524,"n":"Jambon Fleury Michon Label  Rouge sans nitrite x2 - 80g","p":2.28,"u":"28,50 €/KG","img":"https://fd2-photos.leclercdrive.fr/image.ashx?id=2923954&use=l&cat=p&typeid=i","cat":316009},{"id":179645,"n":"Limonade double zest Lorina Bouteille - 1,25L","p":1.29,"u":"1,03 €/L","img":"https://fd2-photos.leclercdrive.fr/image.ashx?id=2723836&use=l&cat=p&typeid=i","cat":284531},{"id":179669,"n":"Liquide vaisselle Paic Citron - 1,5L","p":2.68,"u":"1,79 €/L","img":"https://fd2-photos.leclercdrive.fr/image.ashx?id=2328673&use=l&cat=p&typeid=i","cat":284655},{"id":179674,"n":"IGP Sable de Camargue rosé Bio L'Estil - 75cl","p":6.27,"u":"8,36 €/L","img":"https://fd2-photos.leclercdrive.fr/image.ashx?id=2630376&use=l&cat=p&typeid=i","cat":289558},{"id":179757,"n":"Compote Charles & Alices Pommes Mirabelles - 4x97g","p":1.4,"u":"3,61 €/KG","img":"https://fd2-photos.leclercdrive.fr/image.ashx?id=2757353&use=l&cat=p&typeid=i","cat":284416},{"id":179770,"n":"Bière Rince cochon triple 75cl","p":3.61,"u":"4,81 €/L","img":"https://fd2-photos.leclercdrive.fr/image.ashx?id=2475747&use=l&cat=p&typeid=i","cat":334872},{"id":179858,"n":"Mini bâtonnets Trium  Rocher Coco x4 - 202g","p":3.22,"u":"15,94 €/KG","img":"https://fd2-photos.leclercdrive.fr/image.ashx?id=2376103&use=l&cat=p&typeid=i","cat":284265},{"id":179859,"n":"Mini bâtonnets Trium  Rocher Chocolat x4 - 204g","p":3.05,"u":"14,95 €/KG","img":"https://fd2-photos.leclercdrive.fr/image.ashx?id=2911711&use=l&cat=p&typeid=i","cat":284265},{"id":179860,"n":"Glaces Kinder Bueno noisettes chocolat lait x4 248g","p":3.61,"u":"14,56 €/KG","img":"https://fd2-photos.leclercdrive.fr/image.ashx?id=2759068&use=l&cat=p&typeid=i","cat":284264},{"id":179870,"n":"Mochi glacé  Vanille - 210g","p":5.59,"u":"26,62 €/KG","img":"https://fd2-photos.leclercdrive.fr/image.ashx?id=2336329&use=l&cat=p&typeid=i","cat":284266},{"id":179871,"n":"Mochi glacé  Chocolat - 210g","p":5.79,"u":"27,57 €/KG","img":"https://fd2-photos.leclercdrive.fr/image.ashx?id=2338474&use=l&cat=p&typeid=i","cat":284266},{"id":179881,"n":"Crème glacée Ben & Jerry's Cookie Vermont-Ster - 324g","p":5.75,"u":"17,75 €/KG","img":"https://fd2-photos.leclercdrive.fr/image.ashx?id=2793044&use=l&cat=p&typeid=i","cat":284725},{"id":179897,"n":"Couronne de crevettes Delpierre MSC Sauce Asiatique - 130g","p":3.75,"u":"28,85 €/KG","img":"https://fd2-photos.leclercdrive.fr/image.ashx?id=2772017&use=l&cat=p&typeid=i","cat":284343},{"id":179934,"n":"Chips bio Jardin Bio Nature - 125g","p":2.32,"u":"18,56 €/KG","img":"https://fd2-photos.leclercdrive.fr/image.ashx?id=2792642&use=l&cat=p&typeid=i","cat":284447},{"id":179939,"n":"Bâtonnets Trium vanille choco blanc fruits rouges x4 - 274g","p":2.69,"u":"9,82 €/KG","img":"https://fd2-photos.leclercdrive.fr/image.ashx?id=2758312&use=l&cat=p&typeid=i","cat":284265},{"id":179956,"n":"Crousti apéro bio Jardin Bio Tomates - 85g","p":2.0,"u":"23,53 €/KG","img":"https://fd2-photos.leclercdrive.fr/image.ashx?id=2329301&use=l&cat=p&typeid=i","cat":284449},{"id":179961,"n":"Haricots verts Jardin Bio Etic Bio - sans sel ajouté - 185g","p":2.81,"u":"15,19 €/KG","img":"https://fd2-photos.leclercdrive.fr/image.ashx?id=2835421&use=l&cat=p&typeid=i","cat":312606},{"id":179967,"n":"Beurre de cacahuete Jardin Bio Bio - Creamy - 500g","p":6.86,"u":"13,72 €/KG","img":"https://fd2-photos.leclercdrive.fr/image.ashx?id=2926503&use=l&cat=p&typeid=i","cat":284481},{"id":179970,"n":"Thé noir bio Jardin Bio Etic Fruits rouges x20 - 28g","p":3.07,"u":"109,64 €/KG","img":"https://fd2-photos.leclercdrive.fr/image.ashx?id=2419089&use=l&cat=p&typeid=i","cat":293233},{"id":179973,"n":"Rosso  14,4% - 1L","p":3.47,"u":"3,47 €/L","img":"https://fd2-photos.leclercdrive.fr/image.ashx?id=2675747&use=l&cat=p&typeid=i","cat":284913},{"id":179974,"n":"Bianco 14,4% - 1L","p":3.5,"u":"3,50 €/L","img":"https://fd2-photos.leclercdrive.fr/image.ashx?id=2800231&use=l&cat=p&typeid=i","cat":284913},{"id":179976,"n":"Chocolat noir Lindt Excellence 28 bouchées - 154g","p":5.15,"u":"33,44 €/KG","img":"https://fd2-photos.leclercdrive.fr/image.ashx?id=2425592&use=l&cat=p&typeid=i","cat":284499},{"id":179977,"n":"Sucre glace Saint Louis - 500g","p":1.22,"u":"2,44 €/KG","img":"https://fd2-photos.leclercdrive.fr/image.ashx?id=2558963&use=l&cat=p&typeid=i","cat":284502},{"id":179979,"n":"AOC Crémant d'Alsace brut 75cl","p":5.35,"u":"7,13 €/L","img":"https://fd2-photos.leclercdrive.fr/image.ashx?id=2888932&use=l&cat=p&typeid=i","cat":284545},{"id":180024,"n":"Tablette de chocolat noir Lindt Noisette caramel - 100g","p":2.24,"u":"22,40 €/KG","img":"https://fd2-photos.leclercdrive.fr/image.ashx?id=2881296&use=l&cat=p&typeid=i","cat":284956},{"id":180029,"n":"Sucre gélifiant Daddy  spécial gelée - 1kg","p":2.14,"u":"2,14 €/KG","img":"https://fd2-photos.leclercdrive.fr/image.ashx?id=2975861&use=l&cat=p&typeid=i","cat":284502},{"id":180030,"n":"Sauce Crudités Bénédicta Nature - 735g","p":3.33,"u":"4,53 €/KG","img":"https://fd2-photos.leclercdrive.fr/image.ashx?id=2549777&use=l&cat=p&typeid=i","cat":284456},{"id":180041,"n":"Chips Tuiles Pringles Paprika - 175g","p":1.74,"u":"9,94 €/KG","img":"https://fd2-photos.leclercdrive.fr/image.ashx?id=2902301&use=l&cat=p&typeid=i","cat":287899},{"id":180061,"n":"Thé vert bio Bio village  36g","p":1.33,"u":"36,94 €/KG","img":"https://fd2-photos.leclercdrive.fr/image.ashx?id=2897910&use=l&cat=p&typeid=i","cat":293233},{"id":180065,"n":"Rillettes de thon Petit Navire 125g","p":1.92,"u":"15,36 €/KG","img":"https://fd2-photos.leclercdrive.fr/image.ashx?id=2533388&use=l&cat=p&typeid=i","cat":303867},{"id":180069,"n":"Rillettes au saumon  Petit Navire - 125g","p":1.73,"u":"13,84 €/KG","img":"https://fd2-photos.leclercdrive.fr/image.ashx?id=2533391&use=l&cat=p&typeid=i","cat":305147},{"id":180074,"n":"Fond de veau Maggi - 240g","p":3.49,"u":"14,54 €/KG","img":"https://fd2-photos.leclercdrive.fr/image.ashx?id=2918047&use=l&cat=p&typeid=i","cat":288379},{"id":180083,"n":"Pastis Eco+ 40% - 1L","p":15.08,"u":"15,08 €/L","img":"https://fd2-photos.leclercdrive.fr/image.ashx?id=2637823&use=l&cat=p&typeid=i","cat":284548},{"id":180084,"n":"Basilic Sainte Lucie Saveur du potager - 4g","p":2.57,"u":"642,50 €/KG","img":"https://fd2-photos.leclercdrive.fr/image.ashx?id=2774466&use=l&cat=p&typeid=i","cat":298297},{"id":180088,"n":"Cerfeuil Sainte Lucie feuilles de France - 8g","p":1.95,"u":"243,75 €/KG","img":"https://fd2-photos.leclercdrive.fr/image.ashx?id=2973586&use=l&cat=p&typeid=i","cat":298297},{"id":180090,"n":"Baies de Genièvre Sainte Lucie - 30g","p":2.16,"u":"72,00 €/KG","img":"https://fd2-photos.leclercdrive.fr/image.ashx?id=2776130&use=l&cat=p&typeid=i","cat":298297},{"id":180110,"n":"Chocolat noir Lindt Excellence Fleur de sel et Lait x28 - 154g","p":5.12,"u":"33,25 €/KG","img":"https://fd2-photos.leclercdrive.fr/image.ashx?id=2329765&use=l&cat=p&typeid=i","cat":284499},{"id":180114,"n":"Tablette chocolat Poulain noir fondant x2 - 190g","p":3.1,"u":"16,32 €/KG","img":"https://fd2-photos.leclercdrive.fr/image.ashx?id=2950378&use=l&cat=p&typeid=i","cat":284956},{"id":180118,"n":"Mais d'aucy  Bio - 2x140g","p":1.69,"u":"6,04 €/KG","img":"https://fd2-photos.leclercdrive.fr/image.ashx?id=2651825&use=l&cat=p&typeid=i","cat":312611},{"id":180121,"n":"Riz curry et poulet individuel William Saurin - 300g","p":3.52,"u":"11,73 €/KG","img":"https://fd2-photos.leclercdrive.fr/image.ashx?id=2335184&use=l&cat=p&typeid=i","cat":284953},{"id":180153,"n":"Gâche des gourmands tranchée La Fournée dorée - 450g","p":2.19,"u":"4,87 €/KG","img":"https://fd2-photos.leclercdrive.fr/image.ashx?id=2424557&use=l&cat=p&typeid=i","cat":284478},{"id":180181,"n":"Sardines à l'huile d'olive Connétable - 135g","p":2.81,"u":"20,81 €/KG","img":"https://fd2-photos.leclercdrive.fr/image.ashx?id=2762115&use=l&cat=p&typeid=i","cat":305146},{"id":180188,"n":"Sauce Charal Parmesan - 3x40g","p":2.79,"u":"23,25 €/KG","img":"https://fd2-photos.leclercdrive.fr/image.ashx?id=2330625&use=l&cat=p&typeid=i","cat":284382},{"id":180190,"n":"Sauce Charal Miel Moutarde - 3x40g","p":2.79,"u":"23,25 €/KG","img":"https://fd2-photos.leclercdrive.fr/image.ashx?id=2330622&use=l&cat=p&typeid=i","cat":284382},{"id":180191,"n":"Sucre gélifiant Béghin Say spécial gelée - 1kg","p":1.88,"u":"1,88 €/KG","img":"https://fd2-photos.leclercdrive.fr/image.ashx?id=2653441&use=l&cat=p&typeid=i","cat":284502},{"id":180196,"n":"Brioches Pitch  Pomme poire - x8 - 300g","p":2.14,"u":"7,13 €/KG","img":"https://fd2-photos.leclercdrive.fr/image.ashx?id=2454100&use=l&cat=p&typeid=i","cat":293505},{"id":180201,"n":"Thé Earl Grey Twinings 50 sachets - 100g","p":3.92,"u":"39,20 €/KG","img":"https://fd2-photos.leclercdrive.fr/image.ashx?id=2893018&use=l&cat=p&typeid=i","cat":293233},{"id":180266,"n":"Parmentier de bœuf Marie 300g","p":4.18,"u":"13,93 €/KG","img":"https://fd2-photos.leclercdrive.fr/image.ashx?id=2881347&use=l&cat=p&typeid=i","cat":333665},{"id":180284,"n":"Brownie St Michel au chocolat ultra fondant - 240g","p":2.48,"u":"10,33 €/KG","img":"https://fd2-photos.leclercdrive.fr/image.ashx?id=2936167&use=l&cat=p&typeid=i","cat":294776},{"id":180302,"n":"Biscuits Palmier St Michel  au beurre - 87g","p":1.17,"u":"13,45 €/KG","img":"https://fd2-photos.leclercdrive.fr/image.ashx?id=2555379&use=l&cat=p&typeid=i","cat":284487},{"id":180303,"n":"Biscuits galettes St Michel au  beurre 1905 - 150g","p":1.43,"u":"9,53 €/KG","img":"https://fd2-photos.leclercdrive.fr/image.ashx?id=2937766&use=l&cat=p&typeid=i","cat":284487},{"id":180311,"n":"Double concentré de tomates  Eco+ - 200g","p":1.22,"u":"6,10 €/KG","img":"https://fd2-photos.leclercdrive.fr/image.ashx?id=2794820&use=l&cat=p&typeid=i","cat":288384},{"id":180335,"n":"Chocolat noir Poulain extra-fin à cuisiner - 2x180g","p":3.65,"u":"10,14 €/KG","img":"https://fd2-photos.leclercdrive.fr/image.ashx?id=2986672&use=l&cat=p&typeid=i","cat":284956},{"id":180340,"n":"Lait bébé 1A GUIGOZ OPTIPRO  0-6 mois - 2x600g","p":20.67,"u":"17,23 €/KG","img":"https://fd2-photos.leclercdrive.fr/image.ashx?id=2846147&use=l&cat=p&typeid=i","cat":284726},{"id":180342,"n":"Muesli avoine amande chocolat  bio Terres et Céréales - 500g","p":4.09,"u":"8,18 €/KG","img":"https://fd2-photos.leclercdrive.fr/image.ashx?id=2471877&use=l&cat=p&typeid=i","cat":309512},{"id":180344,"n":"Fromage enfant Mini Babybel 6 portions goûter - 132g","p":2.3,"u":"17,42 €/KG","img":"https://fd2-photos.leclercdrive.fr/image.ashx?id=2970822&use=l&cat=p&typeid=i","cat":314030},{"id":180345,"n":"Fromage enfant Mini Babybel 12 portions goûter - 264g","p":4.32,"u":"16,36 €/KG","img":"https://fd2-photos.leclercdrive.fr/image.ashx?id=2970825&use=l&cat=p&typeid=i","cat":314030},{"id":180392,"n":"Bonbons Lutti Pokémon fizz - 180g","p":1.78,"u":"9,89 €/KG","img":"https://fd2-photos.leclercdrive.fr/image.ashx?id=2806150&use=l&cat=p&typeid=i","cat":304250},{"id":180395,"n":"Dragées M&M'S chocolat caramel salé - 176g","p":2.66,"u":"15,11 €/KG","img":"https://fd2-photos.leclercdrive.fr/image.ashx?id=2331267&use=l&cat=p&typeid=i","cat":304238},{"id":180397,"n":"Barres Chocolatées KINDER BUENO  Chocolat au Lait x3 - 129g","p":2.14,"u":"16,59 €/KG","img":"https://fd2-photos.leclercdrive.fr/image.ashx?id=2762295&use=l&cat=p&typeid=i","cat":284498},{"id":180405,"n":"Thon au Naturel Petit Navire 2x112g","p":4.13,"u":"18,44 €/KG","img":"https://fd2-photos.leclercdrive.fr/image.ashx?id=2944618&use=l&cat=p&typeid=i","cat":303867},{"id":180411,"n":"Graines de folie Michel et  Augustin épices cajun - 95g","p":3.26,"u":"34,32 €/KG","img":"https://fd2-photos.leclercdrive.fr/image.ashx?id=2539938&use=l&cat=p&typeid=i","cat":284448},{"id":180418,"n":"Pois chiches Sultanines 530g","p":1.4,"u":"2,64 €/KG","img":"https://fd2-photos.leclercdrive.fr/image.ashx?id=2331363&use=l&cat=p&typeid=i","cat":312609},{"id":180421,"n":"Bûchettes de sucre Saint Louis 4g x 125 - coffret de 500g","p":2.39,"u":"4,78 €/KG","img":"https://fd2-photos.leclercdrive.fr/image.ashx?id=2331387&use=l&cat=p&typeid=i","cat":284502},{"id":180432,"n":"Thé noir Twinings vanille x20 - 32g","p":2.67,"u":"83,44 €/KG","img":"https://fd2-photos.leclercdrive.fr/image.ashx?id=2893057&use=l&cat=p&typeid=i","cat":293233},{"id":180498,"n":"Chips ancienne nature Lay's Sel - 155g","p":1.25,"u":"8,06 €/KG","img":"https://fd2-photos.leclercdrive.fr/image.ashx?id=2996596&use=l&cat=p&typeid=i","cat":284447},{"id":180546,"n":"Serviettes Ultra Régulier+ Nana Deo Ailettes Flux modéré - x14","p":2.19,"u":"0,16 €/P","img":"https://fd2-photos.leclercdrive.fr/image.ashx?id=2767225&use=l&cat=p&typeid=i","cat":284624},{"id":180550,"n":"Serviettes hygiéniques Nana Ultra - Spécial Nuit - x10","p":1.85,"u":"0,19 €/P","img":"https://fd2-photos.leclercdrive.fr/image.ashx?id=2944990&use=l&cat=p&typeid=i","cat":284624},{"id":180551,"n":"Serviettes hygiéniques Nana Ultra - Spécial Nuit - x20","p":2.9,"u":"0,15 €/P","img":"https://fd2-photos.leclercdrive.fr/image.ashx?id=2756401&use=l&cat=p&typeid=i","cat":284624},{"id":180552,"n":"Soda à l'orange Orangina 6x25cl verre","p":5.05,"u":"3,37 €/L","img":"https://fd2-photos.leclercdrive.fr/image.ashx?id=2476431&use=l&cat=p&typeid=i","cat":284532},{"id":180556,"n":"Sirop de Citron Bio Village Bio - 50cl","p":2.29,"u":"4,58 €/L","img":"https://fd2-photos.leclercdrive.fr/image.ashx?id=2873192&use=l&cat=p&typeid=i","cat":295020},{"id":180558,"n":"Caffè latte Starbucks 220ml","p":1.9,"u":"8,64 €/L","img":"https://fd2-photos.leclercdrive.fr/image.ashx?id=2679353&use=l&cat=p&typeid=i","cat":295246},{"id":180559,"n":"Caramel  Macchiato Starbucks  220ml","p":1.74,"u":"7,91 €/L","img":"https://fd2-photos.leclercdrive.fr/image.ashx?id=2334004&use=l&cat=p&typeid=i","cat":295246},{"id":180561,"n":"Cappuccino Starbucks 220ml","p":1.93,"u":"8,77 €/L","img":"https://fd2-photos.leclercdrive.fr/image.ashx?id=2472009&use=l&cat=p&typeid=i","cat":295246},{"id":180562,"n":"Noisette Macchiato Starbucks 220ml","p":1.89,"u":"8,59 €/L","img":"https://fd2-photos.leclercdrive.fr/image.ashx?id=2659160&use=l&cat=p&typeid=i","cat":295246},{"id":180563,"n":"Viande des Grisons Aoste 10 Tranches - 70g","p":4.46,"u":"63,71 €/KG","img":"https://fd2-photos.leclercdrive.fr/image.ashx?id=2939838&use=l&cat=p&typeid=i","cat":316007},{"id":180909,"n":"4 surligneurs + 1 duo Maped","p":2.59,"img":"https://fd2-photos.leclercdrive.fr/image.ashx?id=2386566&use=l&cat=p&typeid=i","cat":284696},{"id":181729,"n":"Bière Blanche Slash Mangue - 50cl  8% vol.","p":2.02,"u":"4,04 €/L","img":"https://fd2-photos.leclercdrive.fr/image.ashx?id=2341534&use=l&cat=p&typeid=i","cat":334853},{"id":182047,"n":"Jambon de Bayonne Saint Azay 6 tranches - 150g","p":3.72,"u":"24,80 €/KG","img":"https://fd2-photos.leclercdrive.fr/image.ashx?id=2342190&use=l&cat=p&typeid=i","cat":316007},{"id":182063,"n":"Dessert liégeois VIENNOIS Panaché vanille chocolat 8x100g","p":3.03,"u":"3,79 €/KG","img":"https://fd2-photos.leclercdrive.fr/image.ashx?id=2628179&use=l&cat=p&typeid=i","cat":285042},{"id":182071,"n":"Croquettes chien Ultima Mini Adulte poulet - 1.35kg","p":5.19,"u":"3,84 €/KG","img":"https://fd2-photos.leclercdrive.fr/image.ashx?id=2926645&use=l&cat=p&typeid=i","cat":294526},{"id":182098,"n":"Panés Mozzarella Grand Fermage 100g","p":2.41,"u":"24,10 €/KG","img":"https://fd2-photos.leclercdrive.fr/image.ashx?id=2645209&use=l&cat=p&typeid=i","cat":314027},{"id":182111,"n":"DOC Prosecco perlino Vin pétillant 37.5cl","p":3.96,"u":"10,56 €/L","img":"https://fd2-photos.leclercdrive.fr/image.ashx?id=2955513&use=l&cat=p&typeid=i","cat":284544},{"id":182152,"n":"Emmental râpé fondant Président 350g","p":3.59,"u":"10,26 €/KG","img":"https://fd2-photos.leclercdrive.fr/image.ashx?id=2490599&use=l&cat=p&typeid=i","cat":314035},{"id":182179,"n":"Boisson aux fruits Oasis Tropical - 1,5L","p":1.98,"u":"1,32 €/L","img":"https://fd2-photos.leclercdrive.fr/image.ashx?id=2666698&use=l&cat=p&typeid=i","cat":295018},{"id":182180,"n":"Sirop de Grenadine Bio Village Bio - 50cl","p":2.45,"u":"4,90 €/L","img":"https://fd2-photos.leclercdrive.fr/image.ashx?id=2931947&use=l&cat=p&typeid=i","cat":295020},{"id":182181,"n":"Sirop de Menthe Bio Village Bio - 50cl","p":2.45,"u":"4,90 €/L","img":"https://fd2-photos.leclercdrive.fr/image.ashx?id=2873189&use=l&cat=p&typeid=i","cat":295020},{"id":182218,"n":"Chips paysanne nature Lay's Sel - 155g","p":1.19,"u":"7,68 €/KG","img":"https://fd2-photos.leclercdrive.fr/image.ashx?id=2818602&use=l&cat=p&typeid=i","cat":284447},{"id":182224,"n":"IGP Côtes de Gascogne rosé Domus by Uby - Bib 3L","p":14.9,"u":"4,97 €/L","img":"https://fd2-photos.leclercdrive.fr/image.ashx?id=2362966&use=l&cat=p&typeid=i","cat":289558},{"id":182242,"n":"Vin mousseux Charles Volner Brut - 3x20cl","p":4.7,"u":"7,83 €/L","img":"https://fd2-photos.leclercdrive.fr/image.ashx?id=2344903&use=l&cat=p&typeid=i","cat":284544},{"id":182243,"n":"Vin mousseux Charles Volner 1/2 sec - 3x20cl","p":4.67,"u":"7,78 €/L","img":"https://fd2-photos.leclercdrive.fr/image.ashx?id=2344906&use=l&cat=p&typeid=i","cat":284544},{"id":182252,"n":"Girasoli Rana Légumes du soleil 250g","p":3.41,"u":"13,64 €/KG","img":"https://fd2-photos.leclercdrive.fr/image.ashx?id=2757102&use=l&cat=p&typeid=i","cat":333682},{"id":182259,"n":"Chips ancienne nature Lay's Sel format familial - 295g","p":2.35,"u":"7,97 €/KG","img":"https://fd2-photos.leclercdrive.fr/image.ashx?id=2999243&use=l&cat=p&typeid=i","cat":284447},{"id":182260,"n":"Chips paysanne nature Lay's Sel format familial - 295g","p":2.15,"u":"7,29 €/KG","img":"https://fd2-photos.leclercdrive.fr/image.ashx?id=2848716&use=l&cat=p&typeid=i","cat":284447},{"id":182317,"n":"Sauce tomate Jardin Bio Etic bio 200g","p":1.62,"u":"8,10 €/KG","img":"https://fd2-photos.leclercdrive.fr/image.ashx?id=3000195&use=l&cat=p&typeid=i","cat":288384},{"id":182340,"n":"Lait en poudre Guigoz Optipro 2ème âge - 6-12 mois - 830g","p":15.26,"u":"18,39 €/KG","img":"https://fd2-photos.leclercdrive.fr/image.ashx?id=2737747&use=l&cat=p&typeid=i","cat":284727},{"id":182342,"n":"Lait bébé en poudre Guigoz Gest 2ème âge - 6-12 mois - 830g","p":17.75,"u":"21,39 €/KG","img":"https://fd2-photos.leclercdrive.fr/image.ashx?id=2469478&use=l&cat=p&typeid=i","cat":284727},{"id":182347,"n":"Emincés de porc marinés Hénaff Au Caramel - 280g","p":4.57,"u":"16,32 €/KG","img":"https://fd2-photos.leclercdrive.fr/image.ashx?id=2794502&use=l&cat=p&typeid=i","cat":284331},{"id":182352,"n":"Emincés de porc marinés Hénaff Tex Mex - 280g","p":4.69,"u":"16,75 €/KG","img":"https://fd2-photos.leclercdrive.fr/image.ashx?id=2794505&use=l&cat=p&typeid=i","cat":284331},{"id":182354,"n":"Emincés de porc marinés Hénaff Au Curry - 280g","p":5.07,"u":"18,11 €/KG","img":"https://fd2-photos.leclercdrive.fr/image.ashx?id=2794508&use=l&cat=p&typeid=i","cat":284331},{"id":182364,"n":"Jambon sec Saint Azay Label Rouge - 6 tranches - 100g","p":3.69,"u":"36,90 €/KG","img":"https://fd2-photos.leclercdrive.fr/image.ashx?id=2345845&use=l&cat=p&typeid=i","cat":316007},{"id":182365,"n":"Jambon de Bayonne Saint Azay 4 tranches - 100g","p":2.48,"u":"24,80 €/KG","img":"https://fd2-photos.leclercdrive.fr/image.ashx?id=2345848&use=l&cat=p&typeid=i","cat":316007},{"id":182373,"n":"Skyr Siggi's  Mangue Passion - 2x140g","p":1.92,"u":"6,86 €/KG","img":"https://fd2-photos.leclercdrive.fr/image.ashx?id=2792027&use=l&cat=p&typeid=i","cat":315000},{"id":182396,"n":"Le Lait Ribot Bio Paysan Breton - 1L","p":2.09,"u":"2,09 €/L","img":"https://fd2-photos.leclercdrive.fr/image.ashx?id=3000153&use=l&cat=p&typeid=i","cat":285609},{"id":182479,"n":"Huile d'Olive Tramier Vierge  Extra Sans Pesticides 75cl","p":9.37,"u":"12,49 €/L","img":"https://fd2-photos.leclercdrive.fr/image.ashx?id=2647188&use=l&cat=p&typeid=i","cat":284453},{"id":182480,"n":"Lait bébé en poudre Guigoz Gest 1er âge - 0-6 mois - 830g","p":18.43,"u":"22,20 €/KG","img":"https://fd2-photos.leclercdrive.fr/image.ashx?id=2895047&use=l&cat=p&typeid=i","cat":284726},{"id":182481,"n":"Lait bébé Guigoz Pelargon  Poudre- 1er âge- 0-6 mois -780g","p":17.87,"u":"22,91 €/KG","img":"https://fd2-photos.leclercdrive.fr/image.ashx?id=2961308&use=l&cat=p&typeid=i","cat":284726},{"id":182490,"n":"Lait bébé Guigoz Pelargon Poudre- 2e âge- 6-12 mois -780g","p":18.0,"u":"23,08 €/KG","img":"https://fd2-photos.leclercdrive.fr/image.ashx?id=2347386&use=l&cat=p&typeid=i","cat":284727},{"id":182524,"n":"Brioch' Bagel La Fournée Dorée x4 - 300g","p":1.97,"u":"6,57 €/KG","img":"https://fd2-photos.leclercdrive.fr/image.ashx?id=2479300&use=l&cat=p&typeid=i","cat":284985},{"id":182670,"n":"Bière Britt blanche 75cl","p":3.39,"u":"4,52 €/L","img":"https://fd2-photos.leclercdrive.fr/image.ashx?id=2902780&use=l&cat=p&typeid=i","cat":334878},{"id":182752,"n":"Sandwich Mega Club Sodebo  Pain Suédois Jambon ChedD -230g","p":2.42,"u":"10,52 €/KG","img":"https://fd2-photos.leclercdrive.fr/image.ashx?id=2936443&use=l&cat=p&typeid=i","cat":333658},{"id":182791,"n":"Croquettes chiens adultes Poulet - 7kg","p":21.95,"u":"3,14 €/KG","img":"https://fd2-photos.leclercdrive.fr/image.ashx?id=2894968&use=l&cat=p&typeid=i","cat":294526},{"id":182808,"n":"Croquettes chiens Ultima Mini Senior Agevital - 1.35kg","p":5.19,"u":"3,84 €/KG","img":"https://fd2-photos.leclercdrive.fr/image.ashx?id=2921918&use=l&cat=p&typeid=i","cat":294526},{"id":182856,"n":"Saucisse de Strasbourg Tradilège x6 - 210g","p":1.4,"u":"6,67 €/KG","img":"https://fd2-photos.leclercdrive.fr/image.ashx?id=2349379&use=l&cat=p&typeid=i","cat":316012},{"id":182859,"n":"Muesli protéines chocolat bio  Terres et Céréales -500g","p":4.4,"u":"8,80 €/KG","img":"https://fd2-photos.leclercdrive.fr/image.ashx?id=2349448&use=l&cat=p&typeid=i","cat":309512},{"id":182887,"n":"Fromage à tartiner Boursin Ail & fines herbes - 150g","p":2.16,"u":"14,40 €/KG","img":"https://fd2-photos.leclercdrive.fr/image.ashx?id=2964449&use=l&cat=p&typeid=i","cat":314029},{"id":182888,"n":"Lait bébé poudre Guigoz Optipro 1er âge - 0-6mois - 830g","p":16.37,"u":"19,72 €/KG","img":"https://fd2-photos.leclercdrive.fr/image.ashx?id=2806423&use=l&cat=p&typeid=i","cat":284726},{"id":182899,"n":"Mélange Tajine Sainte Lucie 30g","p":1.89,"u":"63,00 €/KG","img":"https://fd2-photos.leclercdrive.fr/image.ashx?id=2349785&use=l&cat=p&typeid=i","cat":298297},{"id":182938,"n":"Sauce crudités Caesar Amora 380ml","p":2.36,"u":"6,21 €/L","img":"https://fd2-photos.leclercdrive.fr/image.ashx?id=2655223&use=l&cat=p&typeid=i","cat":284456},{"id":182939,"n":"Chips Tuiles Pringles Barbecue - 175g","p":2.15,"u":"12,29 €/KG","img":"https://fd2-photos.leclercdrive.fr/image.ashx?id=2662502&use=l&cat=p&typeid=i","cat":287899},{"id":182963,"n":"Glace Trium Vanille - x4 - 294g","p":3.27,"u":"11,12 €/KG","img":"https://fd2-photos.leclercdrive.fr/image.ashx?id=2911714&use=l&cat=p&typeid=i","cat":284265},{"id":182966,"n":"Mini bâtonnets Trium Vanille Caramel beurre salé x8 - 294g","p":2.99,"u":"10,17 €/KG","img":"https://fd2-photos.leclercdrive.fr/image.ashx?id=2791347&use=l&cat=p&typeid=i","cat":284265},{"id":183034,"n":"Mousse au chocolat Marie Morin Noir intense - 2x100g","p":4.46,"u":"22,30 €/KG","img":"https://fd2-photos.leclercdrive.fr/image.ashx?id=2631723&use=l&cat=p&typeid=i","cat":284417},{"id":183117,"n":"Boisson Citronnade Pulco Saveur Citron et Framboise - 1L","p":1.89,"u":"1,89 €/L","img":"https://fd2-photos.leclercdrive.fr/image.ashx?id=2942266&use=l&cat=p&typeid=i","cat":295018},{"id":183128,"n":"Epinards hachés à la crème  Findus légume - 500g","p":2.33,"u":"4,66 €/KG","img":"https://fd2-photos.leclercdrive.fr/image.ashx?id=3008767&use=l&cat=p&typeid=i","cat":319805},{"id":183129,"n":"Epinards Légumes Findus branches à la crème - 480g","p":2.24,"u":"4,67 €/KG","img":"https://fd2-photos.leclercdrive.fr/image.ashx?id=2937349&use=l&cat=p&typeid=i","cat":319805},{"id":183130,"n":"Epinards hachés Findus À la crème fraîche - 900g","p":3.35,"u":"3,72 €/KG","img":"https://fd2-photos.leclercdrive.fr/image.ashx?id=2904245&use=l&cat=p&typeid=i","cat":319805},{"id":183159,"n":"Pizza Ristorante Dr.Oetker Bolognaise - 375g","p":2.86,"u":"7,63 €/KG","img":"https://fd2-photos.leclercdrive.fr/image.ashx?id=2993071&use=l&cat=p&typeid=i","cat":284256},{"id":183175,"n":"Isey Skyr Framboise Myrtille - 400g","p":2.82,"u":"7,05 €/KG","img":"https://fd2-photos.leclercdrive.fr/image.ashx?id=2598612&use=l&cat=p&typeid=i","cat":315000},{"id":183186,"n":"Isey Skyr Chocolat blanc/Fraise - 400 g","p":2.95,"u":"7,38 €/KG","img":"https://fd2-photos.leclercdrive.fr/image.ashx?id=2354144&use=l&cat=p&typeid=i","cat":315000},{"id":183193,"n":"Pile alcaline Varta  Longlife power 9V 6LR61 - x2","p":8.69,"u":"4,35 €/P","img":"https://fd2-photos.leclercdrive.fr/image.ashx?id=2353821&use=l&cat=p&typeid=i","cat":300572},{"id":183205,"n":"Pile bouton Lithium Varta CR2032 - x2","p":1.99,"u":"1,00 €/P","img":"https://fd2-photos.leclercdrive.fr/image.ashx?id=2575822&use=l&cat=p&typeid=i","cat":300572},{"id":183254,"n":"Magret de Canard précuit Maison Montfort - 290 g","p":8.47,"u":"29,21 €/KG","img":"https://fd2-photos.leclercdrive.fr/image.ashx?id=2533493&use=l&cat=p&typeid=i","cat":284339},{"id":183311,"n":"Sucettes Classic silicone Nuk 6-18 mois Fille - x2","p":4.66,"img":"https://fd2-photos.leclercdrive.fr/image.ashx?id=2681751&use=l&cat=p&typeid=i","cat":284743},{"id":183312,"n":"Sucettes Classic silicone Nuk 6-18 mois Mixte - x2","p":5.8,"img":"https://fd2-photos.leclercdrive.fr/image.ashx?id=2680975&use=l&cat=p&typeid=i","cat":284743},{"id":183313,"n":"Sucettes Classic silicone Nuk 18-36 mois Mixte - x2","p":4.84,"img":"https://fd2-photos.leclercdrive.fr/image.ashx?id=2355575&use=l&cat=p&typeid=i","cat":284743},{"id":183314,"n":"Sucettes Classic silicone Nuk 18-36 mois Fille - x2","p":4.84,"img":"https://fd2-photos.leclercdrive.fr/image.ashx?id=2680978&use=l&cat=p&typeid=i","cat":284743},{"id":183318,"n":"Sucettes Jour/Nuit reversible  Tigex - 18-36 mois Fille - x3","p":5.4,"img":"https://fd2-photos.leclercdrive.fr/image.ashx?id=2355548&use=l&cat=p&typeid=i","cat":284743},{"id":183357,"n":"Cœurs de Palmiers Rochefontaine - 220g","p":3.12,"u":"14,18 €/KG","img":"https://fd2-photos.leclercdrive.fr/image.ashx?id=2650513&use=l&cat=p&typeid=i","cat":312611},{"id":183391,"n":"Fraisoo' bool 200g","p":1.63,"u":"8,15 €/KG","img":"https://fd2-photos.leclercdrive.fr/image.ashx?id=2454172&use=l&cat=p&typeid=i","cat":304250},{"id":183395,"n":"Huile d'olive Puget 75cl","p":8.95,"u":"11,93 €/L","img":"https://fd2-photos.leclercdrive.fr/image.ashx?id=2460925&use=l&cat=p&typeid=i","cat":284453},{"id":183496,"n":"Brocolis fleurette Notre Jardin 900g","p":1.99,"u":"2,21 €/KG","img":"https://fd2-photos.leclercdrive.fr/image.ashx?id=2873162&use=l&cat=p&typeid=i","cat":319805},{"id":183795,"n":"Yaourt brassé Ker Ronan Mangue Passion - 4x125g","p":2.22,"u":"4,44 €/KG","img":"https://fd2-photos.leclercdrive.fr/image.ashx?id=2359843&use=l&cat=p&typeid=i","cat":284410},{"id":183854,"n":"Déodorant Rexona Men anti transpirant Cobalt Dry - 200ml","p":3.72,"u":"18,60 €/L","img":"https://fd2-photos.leclercdrive.fr/image.ashx?id=2858711&use=l&cat=p&typeid=i","cat":284618},{"id":183856,"n":"Yaourt Gourmand Mamie Nova Mandarine Citron x2 - 300g","p":1.31,"u":"4,37 €/KG","img":"https://fd2-photos.leclercdrive.fr/image.ashx?id=2879053&use=l&cat=p&typeid=i","cat":284410},{"id":183858,"n":"Coeur de Liégeois Mamie Nova Cappuccino x2 - 240g","p":1.66,"u":"6,92 €/KG","img":"https://fd2-photos.leclercdrive.fr/image.ashx?id=2909026&use=l&cat=p&typeid=i","cat":285042},{"id":183862,"n":"Bloc WC Bref Brilliant Gel Toilettes propres - 42g x1","p":2.15,"u":"51,19 €/KG","img":"https://fd2-photos.leclercdrive.fr/image.ashx?id=2976782&use=l&cat=p&typeid=i","cat":284662},{"id":183866,"n":"Dentifrice blancheur Colgate Max white one - 75ml","p":2.46,"u":"32,80 €/L","img":"https://fd2-photos.leclercdrive.fr/image.ashx?id=2767255&use=l&cat=p&typeid=i","cat":284612},{"id":183877,"n":"Désodorisant diffuseur Airwick  Electrique Vanille - 19ml","p":3.13,"u":"164,74 €/L","img":"https://fd2-photos.leclercdrive.fr/image.ashx?id=2768237&use=l&cat=p&typeid=i","cat":311629},{"id":183907,"n":"Dentifrice blancheur Colgate Max white optic - 75ml","p":2.09,"u":"27,87 €/L","img":"https://fd2-photos.leclercdrive.fr/image.ashx?id=2738395&use=l&cat=p&typeid=i","cat":284612},{"id":183910,"n":"Perles de Cire Chaude Expert  Veet A la Cire d'abeille 250ml","p":5.29,"u":"23,00 €/KG","img":"https://fd2-photos.leclercdrive.fr/image.ashx?id=2960678&use=l&cat=p&typeid=i","cat":325351},{"id":184000,"n":"Déodorant L'Arbre Vert Fleurs de cerisiers, Hamamélis - 50ml","p":3.17,"u":"63,40 €/L","img":"https://fd2-photos.leclercdrive.fr/image.ashx?id=2865824&use=l&cat=p&typeid=i","cat":284595},{"id":184141,"n":"Desserts Lactés P'TIT BRASSE Mangue 6M+ - 4x90g","p":2.11,"u":"5,86 €/KG","img":"https://fd2-photos.leclercdrive.fr/image.ashx?id=2594226&use=l&cat=p&typeid=i","cat":312392},{"id":184142,"n":"Desserts Lactés P'TIT BRASSE Fruits rouges 6M+ - 4x90g","p":2.14,"u":"5,94 €/KG","img":"https://fd2-photos.leclercdrive.fr/image.ashx?id=2599943&use=l&cat=p&typeid=i","cat":312392},{"id":184143,"n":"Desserts Lactés P'TIT BRASSE Fraise banane 6M+ - 4x90g","p":2.13,"u":"5,92 €/KG","img":"https://fd2-photos.leclercdrive.fr/image.ashx?id=2594229&use=l&cat=p&typeid=i","cat":312392},{"id":184145,"n":"Galettes bretonnes sarrasin NRT 100g","p":1.89,"u":"18,90 €/KG","img":"https://fd2-photos.leclercdrive.fr/image.ashx?id=2909431&use=l&cat=p&typeid=i","cat":284487},{"id":184239,"n":"Ampoule LED Spot Osram GU10 - 4,3W=50 froid - x1","p":5.65,"u":"Dont 0,12 € d'éco-part.","img":"https://fd2-photos.leclercdrive.fr/image.ashx?id=2652706&use=l&cat=p&typeid=i","cat":300573},{"id":184270,"n":"Ampoule Led Spot Osram GU10 4,3W=50 blanc chaud - x1","p":5.65,"u":"Dont 0,12 € d'éco-part.","img":"https://fd2-photos.leclercdrive.fr/image.ashx?id=2655055&use=l&cat=p&typeid=i","cat":300573},{"id":184353,"n":"Soda Coca-Cola Vanille Canette - Pack 6x33CL","p":4.53,"u":"2,29 €/L","img":"https://fd2-photos.leclercdrive.fr/image.ashx?id=2997238&use=l&cat=p&typeid=i","cat":284530},{"id":184411,"n":"Croquettes chiens Ultima mini stérilisé poulet - 1,35kg","p":5.19,"u":"3,84 €/KG","img":"https://fd2-photos.leclercdrive.fr/image.ashx?id=2902184&use=l&cat=p&typeid=i","cat":294526},{"id":184416,"n":"Bière Ch'ti originale ambrée  6,2° - 33cl","p":1.6,"u":"4,85 €/L","img":"https://fd2-photos.leclercdrive.fr/image.ashx?id=2362199&use=l&cat=p&typeid=i","cat":334852},{"id":184420,"n":"Sirop de citron Eco+ - 1L","p":1.66,"u":"1,66 €/L","img":"https://fd2-photos.leclercdrive.fr/image.ashx?id=2901416&use=l&cat=p&typeid=i","cat":295020},{"id":184427,"n":"Thé glacé Oasis Ice Tea Saveur Pêche - 1,5L","p":1.66,"u":"1,11 €/L","img":"https://fd2-photos.leclercdrive.fr/image.ashx?id=2688836&use=l&cat=p&typeid=i","cat":295019},{"id":184537,"n":"Émincés de saumon fumé MSC Sauvage Ronde des mers - 100g","p":4.99,"u":"49,90 €/KG","img":"https://fd2-photos.leclercdrive.fr/image.ashx?id=2362417&use=l&cat=p&typeid=i","cat":285188},{"id":184540,"n":"Fromage Fouetté Nature à tartiner Les Croisés - 150g","p":1.41,"u":"9,40 €/KG","img":"https://fd2-photos.leclercdrive.fr/image.ashx?id=2933452&use=l&cat=p&typeid=i","cat":314029},{"id":184548,"n":"Dessert Liégeois Délisse Café noisette - 4x100g","p":1.39,"u":"3,48 €/KG","img":"https://fd2-photos.leclercdrive.fr/image.ashx?id=2602370&use=l&cat=p&typeid=i","cat":285042},{"id":184551,"n":"Lessive en poudre Xeor fraîcheur x50 - 2.5kg","p":5.99,"u":"2,40 €/KG","img":"https://fd2-photos.leclercdrive.fr/image.ashx?id=2450101&use=l&cat=p&typeid=i","cat":284642},{"id":184553,"n":"Blocs WC Syphon fraîcheur marine x2 - 110g","p":2.0,"u":"18,18 €/KG","img":"https://fd2-photos.leclercdrive.fr/image.ashx?id=2376079&use=l&cat=p&typeid=i","cat":284662},{"id":184561,"n":"Glaces Kinder Bueno x4 noisettes chocolat blanc - 248g","p":3.96,"u":"15,97 €/KG","img":"https://fd2-photos.leclercdrive.fr/image.ashx?id=2759071&use=l&cat=p&typeid=i","cat":284264},{"id":184568,"n":"Muesli croustillant Bio village Bio Chocolat quinoa - 500g","p":4.2,"u":"8,40 €/KG","img":"https://fd2-photos.leclercdrive.fr/image.ashx?id=2720196&use=l&cat=p&typeid=i","cat":309512},{"id":184569,"n":"Muesli croustillant Bio Village Bio Chocolat - 500g","p":3.72,"u":"7,44 €/KG","img":"https://fd2-photos.leclercdrive.fr/image.ashx?id=2559984&use=l&cat=p&typeid=i","cat":309512},{"id":184571,"n":"Sauce barbecue Amora 285g","p":1.7,"u":"5,96 €/KG","img":"https://fd2-photos.leclercdrive.fr/image.ashx?id=3004447&use=l&cat=p&typeid=i","cat":318431},{"id":184961,"n":"Quiches Lorraines Marie 2x170g","p":3.54,"u":"10,41 €/KG","img":"https://fd2-photos.leclercdrive.fr/image.ashx?id=2996695&use=l&cat=p&typeid=i","cat":284257},{"id":184996,"n":"Infusion verveine Elephant Menthe, bio - x20","p":2.04,"u":"78,46 €/KG","img":"https://fd2-photos.leclercdrive.fr/image.ashx?id=2507578&use=l&cat=p&typeid=i","cat":293234},{"id":184997,"n":"Infusion bio Elephant Detox - x20","p":1.8,"u":"52,94 €/KG","img":"https://fd2-photos.leclercdrive.fr/image.ashx?id=2507566&use=l&cat=p&typeid=i","cat":293234},{"id":184999,"n":"Infusion bio Elephant Relax - x20","p":2.25,"u":"86,54 €/KG","img":"https://fd2-photos.leclercdrive.fr/image.ashx?id=2507572&use=l&cat=p&typeid=i","cat":293234},{"id":185165,"n":"Skyr Yoplait  Coco 1%Mg - 4x100g","p":2.24,"u":"5,60 €/KG","img":"https://fd2-photos.leclercdrive.fr/image.ashx?id=2884459&use=l&cat=p&typeid=i","cat":315000},{"id":185166,"n":"Skyr Yoplait  Vanille 0%MG - 4x100G","p":1.93,"u":"4,83 €/KG","img":"https://fd2-photos.leclercdrive.fr/image.ashx?id=2884456&use=l&cat=p&typeid=i","cat":315000},{"id":185443,"n":"Thé vert citron Yate x25 - 37,5g","p":0.79,"u":"20,79 €/KG","img":"https://fd2-photos.leclercdrive.fr/image.ashx?id=2646008&use=l&cat=p&typeid=i","cat":293233},{"id":185460,"n":"Crème dessert La Laitière  Frais Fondant vanille - 4x115g","p":2.1,"u":"4,57 €/KG","img":"https://fd2-photos.leclercdrive.fr/image.ashx?id=2674548&use=l&cat=p&typeid=i","cat":285041},{"id":185461,"n":"Crème dessert La Laitière  Frais Fondant caramel - 4x115g","p":2.1,"u":"4,57 €/KG","img":"https://fd2-photos.leclercdrive.fr/image.ashx?id=2742794&use=l&cat=p&typeid=i","cat":285041},{"id":185567,"n":"Liniment oléo-calcaire Biolane  700 ml","p":7.19,"u":"10,27 €/L","img":"https://fd2-photos.leclercdrive.fr/image.ashx?id=2586864&use=l&cat=p&typeid=i","cat":284741},{"id":185568,"n":"Gel Lavant Biolane Corps et cheveux 750 ml","p":5.59,"u":"7,45 €/L","img":"https://fd2-photos.leclercdrive.fr/image.ashx?id=2586867&use=l&cat=p&typeid=i","cat":284740},{"id":185571,"n":"Eau pure H2O Biolane 750 ml","p":4.92,"u":"6,56 €/L","img":"https://fd2-photos.leclercdrive.fr/image.ashx?id=2733247&use=l&cat=p&typeid=i","cat":284741},{"id":185595,"n":"Yaourts nature Malo Pot carton - 8x125g","p":3.18,"u":"3,18 €/KG","img":"https://fd2-photos.leclercdrive.fr/image.ashx?id=2377001&use=l&cat=p&typeid=i","cat":284409},{"id":185831,"n":"Préparation Gâteau alsa Moelleux Marbré - 435g","p":2.19,"u":"5,03 €/KG","img":"https://fd2-photos.leclercdrive.fr/image.ashx?id=2996428&use=l&cat=p&typeid=i","cat":284505},{"id":185950,"n":"Cristaline fontaine 8L","p":2.25,"u":"0,28 €/L","img":"https://fd2-photos.leclercdrive.fr/image.ashx?id=2418891&use=l&cat=p&typeid=i","cat":284535},{"id":185999,"n":"Boisson végétale Bio Village Riz nature bio - 1l","p":1.65,"u":"1,65 €/L","img":"https://fd2-photos.leclercdrive.fr/image.ashx?id=2601016&use=l&cat=p&typeid=i","cat":316067},{"id":186043,"n":"Lardons Nature Herta  Sans nitrite - 2x75g","p":1.87,"u":"12,47 €/KG","img":"https://fd2-photos.leclercdrive.fr/image.ashx?id=2785802&use=l&cat=p&typeid=i","cat":316011},{"id":186056,"n":"Boisson énergisante Red Bull Goût Coco-Acaï, 250ml","p":1.21,"u":"4,84 €/L","img":"https://fd2-photos.leclercdrive.fr/image.ashx?id=2471658&use=l&cat=p&typeid=i","cat":284533},{"id":186071,"n":"Brandade à la morue gratinée  Maison Briau - 750g","p":7.8,"u":"10,40 €/KG","img":"https://fd2-photos.leclercdrive.fr/image.ashx?id=2851072&use=l&cat=p&typeid=i","cat":285340},{"id":186109,"n":"Yaourt aux fruits bifidus  Activia - 16x125g","p":6.61,"u":"3,31 €/KG","img":"https://fd2-photos.leclercdrive.fr/image.ashx?id=2741850&use=l&cat=p&typeid=i","cat":315000},{"id":186202,"n":"Mozzarella Les Croisés Tranchettes - 200g","p":1.99,"u":"9,95 €/KG","img":"https://fd2-photos.leclercdrive.fr/image.ashx?id=2383094&use=l&cat=p&typeid=i","cat":314026},{"id":186258,"n":"Lessive Capsules Tout-en-1 Skip Fraîcheur Intense x26 Capsules","p":9.75,"u":"17,70 €/KG","img":"https://fd2-photos.leclercdrive.fr/image.ashx?id=2978934&use=l&cat=p&typeid=i","cat":284641},{"id":186263,"n":"Lessive Capsules Tout-en-1 Skip Fraîcheur Intense 38 Lavages","p":14.49,"u":"17,98 €/KG","img":"https://fd2-photos.leclercdrive.fr/image.ashx?id=2929236&use=l&cat=p&typeid=i","cat":284641},{"id":186267,"n":"Lingettes bébé visage et mains Biolane - 64 lingettes","p":2.34,"u":"0,04 €/P","img":"https://fd2-photos.leclercdrive.fr/image.ashx?id=2876539&use=l&cat=p&typeid=i","cat":284738},{"id":186296,"n":"Lessive Capsules Skip Tout-en-1 Active Clean x38","p":13.46,"u":"16,70 €/KG","img":"https://fd2-photos.leclercdrive.fr/image.ashx?id=2757114&use=l&cat=p&typeid=i","cat":284641},{"id":186297,"n":"Lessive Capsules Tout-en-1 Skip Peaux Sensibles & Bébé x38","p":13.52,"u":"16,77 €/KG","img":"https://fd2-photos.leclercdrive.fr/image.ashx?id=2757111&use=l&cat=p&typeid=i","cat":284641},{"id":186306,"n":"Liniment oléo-calcaire Biolane 300ml","p":3.36,"u":"11,20 €/L","img":"https://fd2-photos.leclercdrive.fr/image.ashx?id=2586861&use=l&cat=p&typeid=i","cat":284741},{"id":186314,"n":"Brosse à dent enfant Dentamyl Bambou - x1","p":0.99,"img":"https://fd2-photos.leclercdrive.fr/image.ashx?id=2384710&use=l&cat=p&typeid=i","cat":288897},{"id":186471,"n":"Gousses de vanille Madagascar Sainte Lucie - 5.4g","p":5.99,"img":"https://fd2-photos.leclercdrive.fr/image.ashx?id=2386569&use=l&cat=p&typeid=i","cat":284504},{"id":186502,"n":"Sachet Chat Stérilisé Ultima Poulet, Dinde, Saumon - 4x85g","p":2.33,"u":"27,41 €/KG","img":"https://fd2-photos.leclercdrive.fr/image.ashx?id=2985633&use=l&cat=p&typeid=i","cat":285286},{"id":186566,"n":"Smoothie Purple True Fruits - 75cl","p":4.73,"u":"6,31 €/L","img":"https://fd2-photos.leclercdrive.fr/image.ashx?id=3008996&use=l&cat=p&typeid=i","cat":285435},{"id":186568,"n":"Smoothie Green True Fruits - 75cl","p":4.21,"u":"5,61 €/L","img":"https://fd2-photos.leclercdrive.fr/image.ashx?id=3008999&use=l&cat=p&typeid=i","cat":285435},{"id":186660,"n":"Dessert végétal soja Alpro  Citron et Citron Vert - 500g","p":7.87,"u":"15,74 €/KG","img":"https://fd2-photos.leclercdrive.fr/image.ashx?id=2977678&use=l&cat=p&typeid=i","cat":316071},{"id":186661,"n":"Crème dessert Delisse Caramel - 6x125g","p":1.39,"u":"1,85 €/KG","img":"https://fd2-photos.leclercdrive.fr/image.ashx?id=2441504&use=l&cat=p&typeid=i","cat":285041},{"id":186853,"n":"Lessive Capsules Tout-en-1 Skip Touche de Cajoline 24 Lavages","p":10.15,"u":"19,94 €/KG","img":"https://fd2-photos.leclercdrive.fr/image.ashx?id=2956688&use=l&cat=p&typeid=i","cat":284641},{"id":186855,"n":"Lessive Capsules Tout-en-1 Skip Odeur Control 24 Lavages","p":10.61,"u":"20,84 €/KG","img":"https://fd2-photos.leclercdrive.fr/image.ashx?id=2866205&use=l&cat=p&typeid=i","cat":284641},{"id":186857,"n":"Lessive Capsules Skip Tout-en-1 Cajoline 36 Lavages","p":12.65,"u":"16,58 €/KG","img":"https://fd2-photos.leclercdrive.fr/image.ashx?id=2929239&use=l&cat=p&typeid=i","cat":284641},{"id":186870,"n":"Préparation pour moelleux Tablier Blanc citron - 435g","p":1.97,"u":"4,53 €/KG","img":"https://fd2-photos.leclercdrive.fr/image.ashx?id=2487497&use=l&cat=p&typeid=i","cat":284504},{"id":186920,"n":"Tuiles Monster Munch Crazy Original - 150g","p":1.9,"u":"12,67 €/KG","img":"https://fd2-photos.leclercdrive.fr/image.ashx?id=2921735&use=l&cat=p&typeid=i","cat":287899},{"id":186923,"n":"Tuiles Monster Munch  Crazy crème oignon - 150g","p":1.9,"u":"12,67 €/KG","img":"https://fd2-photos.leclercdrive.fr/image.ashx?id=2916881&use=l&cat=p&typeid=i","cat":287899},{"id":186924,"n":"Kit de démarrage balai Swiffer Système anti poussière","p":15.92,"img":"https://fd2-photos.leclercdrive.fr/image.ashx?id=2692746&use=l&cat=p&typeid=i","cat":325364},{"id":186926,"n":"Tuiles Monster Munch Crazy paprika - 150g","p":1.9,"u":"12,67 €/KG","img":"https://fd2-photos.leclercdrive.fr/image.ashx?id=2955339&use=l&cat=p&typeid=i","cat":287899},{"id":186946,"n":"Mouliné Bio Village Bio - légumes variés  - 2x30cl","p":1.69,"u":"5,63 €/L","img":"https://fd2-photos.leclercdrive.fr/image.ashx?id=2404157&use=l&cat=p&typeid=i","cat":284462},{"id":187059,"n":"Champignon Émincé Bonduelle Sans Sulfite, Sans Additif 230g","p":1.23,"u":"5,35 €/KG","img":"https://fd2-photos.leclercdrive.fr/image.ashx?id=2913118&use=l&cat=p&typeid=i","cat":312610},{"id":187126,"n":"Crunch Chocolat Noël Moulage Renne - 88g","p":3.43,"u":"38,98 €/KG","img":"https://fd2-photos.leclercdrive.fr/image.ashx?id=2394096&use=l&cat=p&typeid=i","cat":327592},{"id":187151,"n":"Tasse Pat Patrouille Chase et Stella Chocolat au lait - 34g","p":6.18,"u":"181,76 €/KG","img":"https://fd2-photos.leclercdrive.fr/image.ashx?id=2964081&use=l&cat=p&typeid=i","cat":327789},{"id":187158,"n":"Tasse céramique Spiderman Chocolat au lait  - 34g","p":6.18,"u":"181,76 €/KG","img":"https://fd2-photos.leclercdrive.fr/image.ashx?id=2394288&use=l&cat=p&typeid=i","cat":327789},{"id":187160,"n":"Assortiment Novi pralinés chocolat 250g","p":8.49,"pp":5.6,"u":"22,40 €/KG","img":"https://fd2-photos.leclercdrive.fr/image.ashx?id=2615152&use=l&cat=p&typeid=i","cat":327595},{"id":187161,"n":"Pralinés Gianduiotto Novi 250g","p":8.49,"pp":5.6,"u":"22,40 €/KG","img":"https://fd2-photos.leclercdrive.fr/image.ashx?id=2615164&use=l&cat=p&typeid=i","cat":327595},{"id":187168,"n":"Assortiment Cuadro Novi 250g","p":8.49,"pp":5.6,"u":"22,40 €/KG","img":"https://fd2-photos.leclercdrive.fr/image.ashx?id=2615173&use=l&cat=p&typeid=i","cat":327595},{"id":187172,"n":"Bouchées Chocolat Noël Nestlé L'Atelier Lait Noisettes - 262g","p":9.26,"u":"35,34 €/KG","img":"https://fd2-photos.leclercdrive.fr/image.ashx?id=2938244&use=l&cat=p&typeid=i","cat":327595},{"id":187173,"n":"Bouchées Chocolat Noël Nestlé L'Atelier Noir Feves Cacao 262g","p":9.26,"u":"35,34 €/KG","img":"https://fd2-photos.leclercdrive.fr/image.ashx?id=2938247&use=l&cat=p&typeid=i","cat":327595},{"id":187176,"n":"After Eight Chocolat Noël Saveur Cerise - 400g","p":6.75,"u":"16,88 €/KG","img":"https://fd2-photos.leclercdrive.fr/image.ashx?id=2394315&use=l&cat=p&typeid=i","cat":327595},{"id":187177,"n":"Bûche glacée L'Angélys Caramel beurre salé Poire 330g","p":11.36,"u":"34,42 €/KG","img":"https://fd2-photos.leclercdrive.fr/image.ashx?id=2902211&use=l&cat=p&typeid=i","cat":284266},{"id":187241,"n":"Savon Le Petit Marseillais  Solide amande douce - 2x100g","p":1.49,"u":"7,45 €/KG","img":"https://fd2-photos.leclercdrive.fr/image.ashx?id=2684203&use=l&cat=p&typeid=i","cat":284597},{"id":187287,"n":"Desserts Lactés P'TIT BRASSE Banane pêche 6M+ - 4x90g","p":2.05,"u":"5,69 €/KG","img":"https://fd2-photos.leclercdrive.fr/image.ashx?id=2616252&use=l&cat=p&typeid=i","cat":312392},{"id":187288,"n":"Desserts Lactés P'TIT BRASSE Poire SSA 6M+ - 4x90g","p":2.05,"u":"5,69 €/KG","img":"https://fd2-photos.leclercdrive.fr/image.ashx?id=2593050&use=l&cat=p&typeid=i","cat":312392},{"id":187342,"n":"Bûche Nestlé 3 Chocolats 540g","p":7.05,"u":"13,06 €/KG","img":"https://fd2-photos.leclercdrive.fr/image.ashx?id=2936713&use=l&cat=p&typeid=i","cat":284266},{"id":187343,"n":"Bûche Pilpa Exquise 3 Chocolats - 535g","p":5.27,"u":"9,85 €/KG","img":"https://fd2-photos.leclercdrive.fr/image.ashx?id=2751027&use=l&cat=p&typeid=i","cat":284266},{"id":187344,"n":"Bûche Pilpa Caramel beurre salé - 535g","p":5.27,"u":"9,85 €/KG","img":"https://fd2-photos.leclercdrive.fr/image.ashx?id=2751036&use=l&cat=p&typeid=i","cat":284266},{"id":187347,"n":"Bûchettes Pilpa Les délices Pistache Chocolat Café x6 348g","p":3.95,"u":"11,35 €/KG","img":"https://fd2-photos.leclercdrive.fr/image.ashx?id=2395921&use=l&cat=p&typeid=i","cat":284266},{"id":187348,"n":"Bûchettes Pilpa Les Délices Fraise Vanille Chocolat x6 354g","p":4.05,"u":"11,44 €/KG","img":"https://fd2-photos.leclercdrive.fr/image.ashx?id=2395930&use=l&cat=p&typeid=i","cat":284266},{"id":187353,"n":"Bûchettes Pilpa Les Délices Chocolat x6 - 360g","p":3.88,"u":"10,78 €/KG","img":"https://fd2-photos.leclercdrive.fr/image.ashx?id=2395924&use=l&cat=p&typeid=i","cat":284266},{"id":187355,"n":"Bûche Signature Eskiss Nougat - 487g","p":5.59,"u":"11,48 €/KG","img":"https://fd2-photos.leclercdrive.fr/image.ashx?id=2791365&use=l&cat=p&typeid=i","cat":284266},{"id":187356,"n":"Bûche Signature Eskiss Coco Mangue - 476g","p":5.59,"u":"11,74 €/KG","img":"https://fd2-photos.leclercdrive.fr/image.ashx?id=2791368&use=l&cat=p&typeid=i","cat":284266},{"id":187357,"n":"Bûche Signature Eskiss Vanille Caramel - 490g","p":5.59,"u":"11,41 €/KG","img":"https://fd2-photos.leclercdrive.fr/image.ashx?id=2791371&use=l&cat=p&typeid=i","cat":284266},{"id":187358,"n":"Bûche Signature Eskiss Façon rocher - 501g","p":5.59,"u":"11,16 €/KG","img":"https://fd2-photos.leclercdrive.fr/image.ashx?id=2791374&use=l&cat=p&typeid=i","cat":284266},{"id":187366,"n":"Gros sel Le Guérandais 750g","p":2.54,"u":"3,39 €/KG","img":"https://fd2-photos.leclercdrive.fr/image.ashx?id=2397974&use=l&cat=p&typeid=i","cat":284457},{"id":187369,"n":"Escargots de Bourgogne Escal x60 - 336g","p":22.63,"u":"67,35 €/KG","img":"https://fd2-photos.leclercdrive.fr/image.ashx?id=2913241&use=l&cat=p&typeid=i","cat":319775},{"id":187379,"n":"Bûche glacée Erhard Vanille Caramel - 470g","p":9.97,"u":"21,21 €/KG","img":"https://fd2-photos.leclercdrive.fr/image.ashx?id=2395939&use=l&cat=p&typeid=i","cat":284266},{"id":187383,"n":"Fromage à tartiner Madame Loïk Fouetté Ail Fines Herbes - 275g","p":2.68,"u":"9,75 €/KG","img":"https://fd2-photos.leclercdrive.fr/image.ashx?id=2774619&use=l&cat=p&typeid=i","cat":314029},{"id":187388,"n":"Assortiment chocolats Côte d'Or Collection - 345g","p":14.78,"u":"42,84 €/KG","img":"https://fd2-photos.leclercdrive.fr/image.ashx?id=2494057&use=l&cat=p&typeid=i","cat":327595},{"id":187389,"n":"Saumon fumé du Pacifique  Labeyrie - 4 tranches - 110g","p":7.58,"u":"68,91 €/KG","img":"https://fd2-photos.leclercdrive.fr/image.ashx?id=2877694&use=l&cat=p&typeid=i","cat":285188},{"id":187392,"n":"Tagliatelle Lustucru Selection  Basilic - 300g","p":2.08,"u":"6,93 €/KG","img":"https://fd2-photos.leclercdrive.fr/image.ashx?id=2939490&use=l&cat=p&typeid=i","cat":333682},{"id":187393,"n":"Assortiment chocolats belges Equador - 195g","p":5.15,"u":"26,41 €/KG","img":"https://fd2-photos.leclercdrive.fr/image.ashx?id=3004115&use=l&cat=p&typeid=i","cat":327595},{"id":187394,"n":"Assortiment chocolats belges Equador - 390g","p":9.59,"u":"24,59 €/KG","img":"https://fd2-photos.leclercdrive.fr/image.ashx?id=3004118&use=l&cat=p&typeid=i","cat":327595},{"id":187395,"n":"Tortellini Lustucru Selection  Poulet Crème 300g","p":2.04,"u":"6,80 €/KG","img":"https://fd2-photos.leclercdrive.fr/image.ashx?id=2975212&use=l&cat=p&typeid=i","cat":333682},{"id":187403,"n":"Feuilletés Jambon Fromage Eco+ x10 - 650g","p":2.63,"u":"4,05 €/KG","img":"https://fd2-photos.leclercdrive.fr/image.ashx?id=2814851&use=l&cat=p&typeid=i","cat":319776},{"id":187411,"n":"Sélection de gambas sauvages Pescanova - 800g","p":24.87,"pp":16.41,"u":"20,51 €/KG","img":"https://fd2-photos.leclercdrive.fr/image.ashx?id=2395948&use=l&cat=p&typeid=i","cat":319787},{"id":187445,"n":"Sandwich jambon emmental Daunat Le Goûteux - 220g","p":2.58,"u":"11,73 €/KG","img":"https://fd2-photos.leclercdrive.fr/image.ashx?id=2623232&use=l&cat=p&typeid=i","cat":333658},{"id":187448,"n":"Frites ondulées McCain Côté Burger - 650g","p":2.29,"u":"3,52 €/KG","img":"https://fd2-photos.leclercdrive.fr/image.ashx?id=2920027&use=l&cat=p&typeid=i","cat":319791},{"id":187450,"n":"Cassolettes Noix St Jacques Celtigel - 2x100g","p":8.19,"u":"40,95 €/KG","img":"https://fd2-photos.leclercdrive.fr/image.ashx?id=2912137&use=l&cat=p&typeid=i","cat":284254},{"id":187453,"n":"Thé noir Lipton Yellow x100 sachets - 200g","p":3.88,"u":"19,40 €/KG","img":"https://fd2-photos.leclercdrive.fr/image.ashx?id=2517655&use=l&cat=p&typeid=i","cat":293233},{"id":187454,"n":"Crème dessert Sojasun Caramel pointe de sel - 4x100g","p":1.47,"u":"3,68 €/KG","img":"https://fd2-photos.leclercdrive.fr/image.ashx?id=2397349&use=l&cat=p&typeid=i","cat":316071},{"id":187457,"n":"Bûche glacée Nestlé Façon Dame Blanche - 540g","p":6.93,"u":"12,83 €/KG","img":"https://fd2-photos.leclercdrive.fr/image.ashx?id=2936725&use=l&cat=p&typeid=i","cat":284266},{"id":187468,"n":"Bûche glacée artisanale Erhard Fraise passion - 550g","p":9.97,"u":"18,13 €/KG","img":"https://fd2-photos.leclercdrive.fr/image.ashx?id=2397400&use=l&cat=p&typeid=i","cat":284266},{"id":187469,"n":"Bûche glacée Erhard Coco exotique - 500g","p":9.97,"u":"19,94 €/KG","img":"https://fd2-photos.leclercdrive.fr/image.ashx?id=2397403&use=l&cat=p&typeid=i","cat":284266},{"id":187470,"n":"Brocolis surgelés Eco+ 900g","p":1.77,"u":"1,97 €/KG","img":"https://fd2-photos.leclercdrive.fr/image.ashx?id=2809870&use=l&cat=p&typeid=i","cat":319805},{"id":187471,"n":"Bûche glacée L'Angélys Chocolat Mandarine - 330g","p":9.2,"u":"27,88 €/KG","img":"https://fd2-photos.leclercdrive.fr/image.ashx?id=2902208&use=l&cat=p&typeid=i","cat":284266},{"id":187472,"n":"Bûche glacée L'Angélys Chocolat Vanille - 330g","p":11.36,"u":"34,42 €/KG","img":"https://fd2-photos.leclercdrive.fr/image.ashx?id=2963631&use=l&cat=p&typeid=i","cat":284266},{"id":187475,"n":"Dés de Chorizo Fleury Michon 120g","p":2.15,"u":"17,92 €/KG","img":"https://fd2-photos.leclercdrive.fr/image.ashx?id=2661196&use=l&cat=p&typeid=i","cat":316011},{"id":187478,"n":"Cordon bleu de poulet Eco+ 200g","p":1.45,"u":"7,25 €/KG","img":"https://fd2-photos.leclercdrive.fr/image.ashx?id=2758294&use=l&cat=p&typeid=i","cat":333683},{"id":187483,"n":"Pâtes Côté Table  Saumon épinard - 900g","p":5.92,"u":"6,58 €/KG","img":"https://fd2-photos.leclercdrive.fr/image.ashx?id=2900187&use=l&cat=p&typeid=i","cat":284254},{"id":187489,"n":"Eclats croquants Kambly 90g","p":2.77,"u":"30,78 €/KG","img":"https://fd2-photos.leclercdrive.fr/image.ashx?id=2830933&use=l&cat=p&typeid=i","cat":297000},{"id":187499,"n":"Yaourt fruits bifidus Activia  Pruneau - 6x125g","p":2.76,"u":"3,68 €/KG","img":"https://fd2-photos.leclercdrive.fr/image.ashx?id=2741817&use=l&cat=p&typeid=i","cat":315000},{"id":187547,"n":"Moutarde Fine & Forte AMORA Flacon Souple - 460g","p":2.37,"u":"5,15 €/KG","img":"https://fd2-photos.leclercdrive.fr/image.ashx?id=2877271&use=l&cat=p&typeid=i","cat":288850},{"id":187588,"n":"Dessert Sojasun Chocolat Noisette - 4x100g","p":1.93,"u":"4,83 €/KG","img":"https://fd2-photos.leclercdrive.fr/image.ashx?id=2398580&use=l&cat=p&typeid=i","cat":316071},{"id":187613,"n":"Petits pots bébé P'TITE RECETTE Poisson provençal 12M+ - 2x200g","p":2.03,"u":"5,08 €/KG","img":"https://fd2-photos.leclercdrive.fr/image.ashx?id=2737150&use=l&cat=p&typeid=i","cat":312237},{"id":187631,"n":"Estragon de France Sainte Lucie 50g","p":5.87,"u":"117,40 €/KG","img":"https://fd2-photos.leclercdrive.fr/image.ashx?id=2774310&use=l&cat=p&typeid=i","cat":298297},{"id":187667,"n":"Piles alcalines Energizer Max AAA/LR03 - x4","p":5.0,"img":"https://fd2-photos.leclercdrive.fr/image.ashx?id=2689076&use=l&cat=p&typeid=i","cat":300572},{"id":187807,"n":"Petits pois carottes d'aucy  Bio - 58cl","p":2.97,"u":"8,74 €/KG","img":"https://fd2-photos.leclercdrive.fr/image.ashx?id=2529789&use=l&cat=p&typeid=i","cat":312607},{"id":187808,"n":"Haricots rouges D'aucy  2x125g","p":1.74,"u":"6,96 €/KG","img":"https://fd2-photos.leclercdrive.fr/image.ashx?id=2861933&use=l&cat=p&typeid=i","cat":312606},{"id":187986,"n":"Déodorant stick Mennen  Homme intraçable 72h - 60ml","p":4.12,"u":"68,67 €/L","img":"https://fd2-photos.leclercdrive.fr/image.ashx?id=2402346&use=l&cat=p&typeid=i","cat":284618},{"id":187999,"n":"Lait Corps réparateur Mixa Peaux desséchées - 300ml","p":3.55,"u":"11,83 €/L","img":"https://fd2-photos.leclercdrive.fr/image.ashx?id=2402394&use=l&cat=p&typeid=i","cat":325349},{"id":188000,"n":"Epices curry Sainte Lucie 40g","p":2.62,"u":"65,50 €/KG","img":"https://fd2-photos.leclercdrive.fr/image.ashx?id=2996590&use=l&cat=p&typeid=i","cat":298297},{"id":188013,"n":"Tablette de chocolat Lindt Lait extra fin - 3x100g","p":5.62,"u":"18,73 €/KG","img":"https://fd2-photos.leclercdrive.fr/image.ashx?id=2655853&use=l&cat=p&typeid=i","cat":284497},{"id":188015,"n":"Cœurs de palmier D'aucy  125g","p":3.96,"u":"18,00 €/KG","img":"https://fd2-photos.leclercdrive.fr/image.ashx?id=2401369&use=l&cat=p&typeid=i","cat":312611},{"id":188067,"n":"Gressins au sésame Florelli - 250g","p":2.22,"u":"8,88 €/KG","img":"https://fd2-photos.leclercdrive.fr/image.ashx?id=2544449&use=l&cat=p&typeid=i","cat":289010},{"id":188136,"n":"Salade coffret poulet pâné  Mix Buffet - 320g","p":5.93,"u":"18,53 €/KG","img":"https://fd2-photos.leclercdrive.fr/image.ashx?id=2735593&use=l&cat=p&typeid=i","cat":333657},{"id":188271,"n":"Matière grasse doux Astra  À tartiner à cuire 70%MG - 500g","p":2.59,"u":"5,18 €/KG","img":"https://fd2-photos.leclercdrive.fr/image.ashx?id=2406301&use=l&cat=p&typeid=i","cat":315229},{"id":188287,"n":"Haché de dinde Maître Coq 350g","p":4.97,"u":"14,20 €/KG","img":"https://fd2-photos.leclercdrive.fr/image.ashx?id=2788538&use=l&cat=p&typeid=i","cat":284337},{"id":188293,"n":"Moutarde Amora Mi-forte - 260g","p":2.19,"u":"8,42 €/KG","img":"https://fd2-photos.leclercdrive.fr/image.ashx?id=3005398&use=l&cat=p&typeid=i","cat":288850},{"id":188294,"n":"Jambon Le Bon Paris Herta À l'étouffé x2 - 85g","p":1.49,"u":"17,53 €/KG","img":"https://fd2-photos.leclercdrive.fr/image.ashx?id=2566263&use=l&cat=p&typeid=i","cat":316009},{"id":188295,"n":"Jambon Le Bon Paris Herta À l'étouffée x4 - 170g","p":2.1,"u":"12,35 €/KG","img":"https://fd2-photos.leclercdrive.fr/image.ashx?id=2731390&use=l&cat=p&typeid=i","cat":316009},{"id":188296,"n":"Jambon Le Bon Paris Herta À l'étouffée x6 - 255g","p":2.95,"u":"11,57 €/KG","img":"https://fd2-photos.leclercdrive.fr/image.ashx?id=2418720&use=l&cat=p&typeid=i","cat":316009},{"id":188297,"n":"Jambon Le Bon Paris Herta À l'étouffée x8 - 340g","p":3.86,"u":"11,35 €/KG","img":"https://fd2-photos.leclercdrive.fr/image.ashx?id=2921519&use=l&cat=p&typeid=i","cat":316009},{"id":188299,"n":"Jambon Le Bon Paris Herta À l'étouffée x10 - 425g","p":4.75,"u":"11,18 €/KG","img":"https://fd2-photos.leclercdrive.fr/image.ashx?id=2757599&use=l&cat=p&typeid=i","cat":316009},{"id":189926,"n":"Concombre 1p","p":1.95,"img":"https://fd2-photos.leclercdrive.fr/image.ashx?id=1631895&use=l&cat=p&typeid=i","cat":284352},{"id":194064,"n":"Jambon Le Bon Paris Herta  sans nitrite x6 - 210g","p":3.47,"u":"16,52 €/KG","img":"https://fd2-photos.leclercdrive.fr/image.ashx?id=2731396&use=l&cat=p&typeid=i","cat":316009},{"id":194066,"n":"Jambon Le Bon Paris Herta  Torchon sans nitrite x4 - 140g","p":2.85,"u":"20,36 €/KG","img":"https://fd2-photos.leclercdrive.fr/image.ashx?id=2995070&use=l&cat=p&typeid=i","cat":316009},{"id":194071,"n":"Jambon Le Bon Paris Herta -25% de sel x2 - 70g","p":1.49,"u":"21,29 €/KG","img":"https://fd2-photos.leclercdrive.fr/image.ashx?id=2405899&use=l&cat=p&typeid=i","cat":316009},{"id":194073,"n":"Jambon Le Bon Paris Herta -25% de sel x4 - 140g","p":2.4,"u":"17,14 €/KG","img":"https://fd2-photos.leclercdrive.fr/image.ashx?id=2995067&use=l&cat=p&typeid=i","cat":316009},{"id":194075,"n":"Jambon Le Bon Paris Herta -25%  de sel sans nitrite x4 - 140g","p":2.6,"u":"18,57 €/KG","img":"https://fd2-photos.leclercdrive.fr/image.ashx?id=2910124&use=l&cat=p&typeid=i","cat":316009},{"id":194078,"n":"Jambon Le Bon Paris Herta Fumé x4 - 140g","p":2.48,"u":"17,71 €/KG","img":"https://fd2-photos.leclercdrive.fr/image.ashx?id=2918664&use=l&cat=p&typeid=i","cat":316009},{"id":194080,"n":"Jambon Le Bon Paris Herta  broche sans nitrite x4 - 140g","p":3.1,"u":"22,14 €/KG","img":"https://fd2-photos.leclercdrive.fr/image.ashx?id=2881804&use=l&cat=p&typeid=i","cat":316009},{"id":194081,"n":"Jambon Le Bon Paris Fumé Herta sans nitrite x4 - 140g","p":2.75,"u":"19,64 €/KG","img":"https://fd2-photos.leclercdrive.fr/image.ashx?id=2881807&use=l&cat=p&typeid=i","cat":316009},{"id":194296,"n":"Bloc de fromage Leerdammer Le Moelleux - 250g","p":3.69,"u":"14,76 €/KG","img":"https://fd2-photos.leclercdrive.fr/image.ashx?id=2421606&use=l&cat=p&typeid=i","cat":314034},{"id":194297,"n":"Tranches de fromage Leerdammer L'Original - 8 Tranches - 200g","p":2.47,"u":"12,35 €/KG","img":"https://fd2-photos.leclercdrive.fr/image.ashx?id=2489199&use=l&cat=p&typeid=i","cat":314028},{"id":194310,"n":"Bonbons KINDER Schoko-Bons Chocolat blanc - 200G","p":3.77,"u":"18,85 €/KG","img":"https://fd2-photos.leclercdrive.fr/image.ashx?id=2406265&use=l&cat=p&typeid=i","cat":304238},{"id":195892,"n":"Mini brownie chocolat St Michel - 8x240g","p":2.61,"u":"10,88 €/KG","img":"https://fd2-photos.leclercdrive.fr/image.ashx?id=2936209&use=l&cat=p&typeid=i","cat":294776},{"id":195919,"n":"Jambon Le Bon Paris Herta  sans nitrite x2 - 70g","p":1.81,"u":"25,86 €/KG","img":"https://fd2-photos.leclercdrive.fr/image.ashx?id=2413531&use=l&cat=p&typeid=i","cat":316009},{"id":195922,"n":"Jambon Le Bon Paris Herta sans nitrite  x4 - 140g","p":2.19,"u":"15,64 €/KG","img":"https://fd2-photos.leclercdrive.fr/image.ashx?id=2535135&use=l&cat=p&typeid=i","cat":316009},{"id":196112,"n":"Jambon Le Bon Paris Herta Tranché fin CSNI x4 - 120g","p":3.03,"u":"25,25 €/KG","img":"https://fd2-photos.leclercdrive.fr/image.ashx?id=2413251&use=l&cat=p&typeid=i","cat":316009},{"id":196114,"n":"Jambon Le Bon Paris Herta À l'étouffé x8 - 280g","p":4.53,"u":"16,18 €/KG","img":"https://fd2-photos.leclercdrive.fr/image.ashx?id=2795036&use=l&cat=p&typeid=i","cat":316009},{"id":196116,"n":"Jambon Le Bon Paris Herta  -25% Sel x6 - 210g","p":2.64,"u":"12,57 €/KG","img":"https://fd2-photos.leclercdrive.fr/image.ashx?id=2707750&use=l&cat=p&typeid=i","cat":316009},{"id":196117,"n":"Jambon Le Bon Paris Herta -25% de sel x2 - 70g","p":1.87,"u":"26,71 €/KG","img":"https://fd2-photos.leclercdrive.fr/image.ashx?id=2414109&use=l&cat=p&typeid=i","cat":316009},{"id":196118,"n":"Jambon Le Bon Paris Herta -25% de sel -x6 - 210g","p":3.86,"u":"18,38 €/KG","img":"https://fd2-photos.leclercdrive.fr/image.ashx?id=2414112&use=l&cat=p&typeid=i","cat":316009},{"id":196120,"n":"Jambon Le Bon Paris Herta Broche x4 - 140g","p":2.73,"u":"19,50 €/KG","img":"https://fd2-photos.leclercdrive.fr/image.ashx?id=3008158&use=l&cat=p&typeid=i","cat":316009},{"id":196179,"n":"Brioches Pitch pâte à tartiner x7 - 262g","p":2.33,"u":"8,89 €/KG","img":"https://fd2-photos.leclercdrive.fr/image.ashx?id=2454097&use=l&cat=p&typeid=i","cat":293505},{"id":196241,"n":"Jambon supérieur Eco+ Sans couenne 4 tranches - 160g","p":1.38,"u":"8,63 €/KG","img":"https://fd2-photos.leclercdrive.fr/image.ashx?id=2744407&use=l&cat=p&typeid=i","cat":316009},{"id":196266,"n":"Mousse à Raser 0% Alcool Mennen Peaux sensibles - 250ml","p":2.17,"u":"8,68 €/L","img":"https://fd2-photos.leclercdrive.fr/image.ashx?id=2661733&use=l&cat=p&typeid=i","cat":284617},{"id":196267,"n":"Mousse à Raser 0% Alcool Mennen Hypoallergénique - 250ml","p":2.17,"u":"8,68 €/L","img":"https://fd2-photos.leclercdrive.fr/image.ashx?id=2661736&use=l&cat=p&typeid=i","cat":284617},{"id":196271,"n":"Nettoyant Ménager Cif Crème à Récurer 750 ml","p":1.7,"u":"2,27 €/L","img":"https://fd2-photos.leclercdrive.fr/image.ashx?id=2752513&use=l&cat=p&typeid=i","cat":325357},{"id":196277,"n":"Lessive liquide Persil Douceur d'amande - 2.565L","p":9.05,"u":"3,53 €/L","img":"https://fd2-photos.leclercdrive.fr/image.ashx?id=2739896&use=l&cat=p&typeid=i","cat":284640},{"id":196278,"n":"Crème à récurer CIF Citron CleanBoost 101 Usages 750ml","p":2.66,"u":"3,55 €/L","img":"https://fd2-photos.leclercdrive.fr/image.ashx?id=2948540&use=l&cat=p&typeid=i","cat":325357},{"id":196280,"n":"Couches Jumbo Biolane Taille 5 - x40","p":14.29,"u":"0,36 €/P","img":"https://fd2-photos.leclercdrive.fr/image.ashx?id=2876527&use=l&cat=p&typeid=i","cat":284737},{"id":196319,"n":"Jambon supérieur Eco+ Avec couenne 4 tranches - 160g","p":1.43,"u":"8,94 €/KG","img":"https://fd2-photos.leclercdrive.fr/image.ashx?id=2706550&use=l&cat=p&typeid=i","cat":316009},{"id":196321,"n":"Jambon supérieur Eco+ Sans couenne 6 tranches - 240g","p":2.11,"u":"8,79 €/KG","img":"https://fd2-photos.leclercdrive.fr/image.ashx?id=2706556&use=l&cat=p&typeid=i","cat":316009},{"id":196378,"n":"Boîte chocolats Ferrero Rocher x16 pralines - 200g","p":5.3,"u":"26,50 €/KG","img":"https://fd2-photos.leclercdrive.fr/image.ashx?id=2963841&use=l&cat=p&typeid=i","cat":327600},{"id":196391,"n":"Fizzy tubo mini canes Accroches sapin - 120g","p":3.8,"u":"31,67 €/KG","img":"https://fd2-photos.leclercdrive.fr/image.ashx?id=2416748&use=l&cat=p&typeid=i","cat":327592},{"id":196431,"n":"Beurre Nature de Breton  Demi-sel - 80% MG - 250g","p":2.38,"u":"9,52 €/KG","img":"https://fd2-photos.leclercdrive.fr/image.ashx?id=2872042&use=l&cat=p&typeid=i","cat":284379},{"id":196435,"n":"Essuie-Tout Sopalin Maxi Expert x1","p":5.98,"img":"https://fd2-photos.leclercdrive.fr/image.ashx?id=2418022&use=l&cat=p&typeid=i","cat":284635},{"id":196439,"n":"Beurre Nature de Breton Doux - 82% MG - 250g","p":2.31,"u":"9,24 €/KG","img":"https://fd2-photos.leclercdrive.fr/image.ashx?id=2872039&use=l&cat=p&typeid=i","cat":284379},{"id":196452,"n":"Authentique Revillon  Pralinés - 360g","p":10.51,"u":"29,19 €/KG","img":"https://fd2-photos.leclercdrive.fr/image.ashx?id=2662000&use=l&cat=p&typeid=i","cat":327597},{"id":196454,"n":"Authentique Revillon  Noir - 360g","p":9.7,"u":"26,94 €/KG","img":"https://fd2-photos.leclercdrive.fr/image.ashx?id=2661997&use=l&cat=p&typeid=i","cat":327597},{"id":196457,"n":"Moulage chocolat petit biscuit Rohan - 80g","p":3.41,"u":"42,63 €/KG","img":"https://fd2-photos.leclercdrive.fr/image.ashx?id=2484197&use=l&cat=p&typeid=i","cat":327592},{"id":196488,"n":"Authentique Revillon Chocolat  Lait Voie Lactée - 360g","p":9.7,"u":"26,94 €/KG","img":"https://fd2-photos.leclercdrive.fr/image.ashx?id=2662116&use=l&cat=p&typeid=i","cat":327597},{"id":196500,"n":"Authentique Révillon Noir Lait et Blanc - 360g","p":10.51,"u":"29,19 €/KG","img":"https://fd2-photos.leclercdrive.fr/image.ashx?id=2661994&use=l&cat=p&typeid=i","cat":327597},{"id":196506,"n":"Nuggets Fish & Chips Findus Extra croustillant MSC - 490g","p":5.55,"u":"11,33 €/KG","img":"https://fd2-photos.leclercdrive.fr/image.ashx?id=2650705&use=l&cat=p&typeid=i","cat":319788},{"id":196536,"n":"Cake au jambon et olives 230g","p":4.5,"u":"19,57 €/KG","img":"https://fd2-photos.leclercdrive.fr/image.ashx?id=2785970&use=l&cat=p&typeid=i","cat":316003},{"id":196566,"n":"Fromage de Chèvre Chavroux Frais Nature - 150g","p":1.98,"u":"13,20 €/KG","img":"https://fd2-photos.leclercdrive.fr/image.ashx?id=2912161&use=l&cat=p&typeid=i","cat":314031},{"id":196685,"n":"Pizza Numero Uno Italpizza Margherita - 410g","p":4.36,"u":"10,63 €/KG","img":"https://fd2-photos.leclercdrive.fr/image.ashx?id=2419752&use=l&cat=p&typeid=i","cat":284256},{"id":196686,"n":"Pizza Numero Uno Italpizza Prosciutto & Funghi - 440g","p":4.37,"u":"9,93 €/KG","img":"https://fd2-photos.leclercdrive.fr/image.ashx?id=2419758&use=l&cat=p&typeid=i","cat":284256},{"id":196687,"n":"Pizza Numero Uno Italpizza 5 Fromaggi - 410g","p":4.62,"u":"11,27 €/KG","img":"https://fd2-photos.leclercdrive.fr/image.ashx?id=2419761&use=l&cat=p&typeid=i","cat":284256},{"id":196688,"n":"Pizza Numero Uno Italpizza Salamino - 410g","p":4.63,"u":"11,29 €/KG","img":"https://fd2-photos.leclercdrive.fr/image.ashx?id=2419755&use=l&cat=p&typeid=i","cat":284256},{"id":196689,"n":"Pizza Numero Uno Italpizza Tonno e Cipolla - 410g","p":3.78,"u":"9,22 €/KG","img":"https://fd2-photos.leclercdrive.fr/image.ashx?id=2419764&use=l&cat=p&typeid=i","cat":284256},{"id":196776,"n":"Fromage frais Malo Stracciatella - 4x100g","p":2.21,"u":"5,53 €/KG","img":"https://fd2-photos.leclercdrive.fr/image.ashx?id=2421252&use=l&cat=p&typeid=i","cat":284409},{"id":196790,"n":"Cassolette de la Mer  Comptoir des Marées - 300g","p":7.49,"u":"24,97 €/KG","img":"https://fd2-photos.leclercdrive.fr/image.ashx?id=2421231&use=l&cat=p&typeid=i","cat":284254},{"id":196798,"n":"Lait en poudre Picot  1er âge - 850g","p":18.23,"u":"21,45 €/KG","img":"https://fd2-photos.leclercdrive.fr/image.ashx?id=2925421&use=l&cat=p&typeid=i","cat":284726},{"id":196799,"n":"Lait en poudre Picot 2ème âge - 850g","p":14.95,"u":"17,59 €/KG","img":"https://fd2-photos.leclercdrive.fr/image.ashx?id=2925424&use=l&cat=p&typeid=i","cat":284727},{"id":196800,"n":"Lait de croissance Picot 3ème âge - 850g","p":11.5,"u":"13,53 €/KG","img":"https://fd2-photos.leclercdrive.fr/image.ashx?id=2925427&use=l&cat=p&typeid=i","cat":290219},{"id":196820,"n":"Sucre Vanillé Sainte Lucie  Bourbon - x5","p":2.42,"u":"63,68 €/KG","img":"https://fd2-photos.leclercdrive.fr/image.ashx?id=2421132&use=l&cat=p&typeid=i","cat":284504},{"id":196824,"n":"Palets Sainte Lucie Chocolat noir - 125g","p":4.09,"u":"32,72 €/KG","img":"https://fd2-photos.leclercdrive.fr/image.ashx?id=2421141&use=l&cat=p&typeid=i","cat":284504},{"id":196965,"n":"Liqueur de menthe Get 27 17,9° - 70cl","p":12.03,"u":"17,19 €/L","img":"https://fd2-photos.leclercdrive.fr/image.ashx?id=2835565&use=l&cat=p&typeid=i","cat":286032},{"id":197161,"n":"Traîneau chocolat oeuf Kinder Jaune - 75g","p":3.95,"u":"52,67 €/KG","img":"https://fd2-photos.leclercdrive.fr/image.ashx?id=2426809&use=l&cat=p&typeid=i","cat":327592},{"id":197164,"n":"Traîneau chocolat œuf Kinder Vert - 75g","p":3.95,"u":"52,67 €/KG","img":"https://fd2-photos.leclercdrive.fr/image.ashx?id=2426815&use=l&cat=p&typeid=i","cat":327592},{"id":197170,"n":"Ruban adhésif gris Pattex Power Tape Extrême - 20m","p":9.99,"u":"0,50 €/MT","img":"https://fd2-photos.leclercdrive.fr/image.ashx?id=2429239&use=l&cat=p&typeid=i","cat":300576},{"id":197174,"n":"Colle Super glue 3 Loctite Power gel - 3x1g","p":4.95,"u":"1,65 €/P","img":"https://fd2-photos.leclercdrive.fr/image.ashx?id=2425682&use=l&cat=p&typeid=i","cat":300576},{"id":197175,"n":"Tube mastic Re-New Rubson Blanc - 5m de joint","p":7.12,"u":"89,00 €/KG","img":"https://fd2-photos.leclercdrive.fr/image.ashx?id=2425685&use=l&cat=p&typeid=i","cat":300576},{"id":197345,"n":"Salière sel équilibre Cérébos  170g","p":1.45,"u":"8,53 €/KG","img":"https://fd2-photos.leclercdrive.fr/image.ashx?id=2425697&use=l&cat=p&typeid=i","cat":284457},{"id":197354,"n":"Préparation Moelleux Nature Alsa- 500g","p":3.85,"u":"7,70 €/KG","img":"https://fd2-photos.leclercdrive.fr/image.ashx?id=2812666&use=l&cat=p&typeid=i","cat":284505},{"id":197421,"n":"Croquettes Chien Junior Ultima Medium Maxi - poulet - 7kg","p":24.91,"u":"3,56 €/KG","img":"https://fd2-photos.leclercdrive.fr/image.ashx?id=2926642&use=l&cat=p&typeid=i","cat":284672},{"id":197625,"n":"Tablette de chocolat noir Lindt 3x100g","p":4.55,"u":"15,17 €/KG","img":"https://fd2-photos.leclercdrive.fr/image.ashx?id=2721422&use=l&cat=p&typeid=i","cat":284956},{"id":197634,"n":"Noisettes poudre Sainte Luci Grillées France - 100g","p":4.16,"u":"41,60 €/KG","img":"https://fd2-photos.leclercdrive.fr/image.ashx?id=2428009&use=l&cat=p&typeid=i","cat":284504},{"id":197635,"n":"Ail de France Sainte Lucie 55g","p":4.06,"u":"73,82 €/KG","img":"https://fd2-photos.leclercdrive.fr/image.ashx?id=2427970&use=l&cat=p&typeid=i","cat":298297},{"id":197637,"n":"Sainte Lucie Persillade Provençale - 19g","p":2.09,"u":"110,00 €/KG","img":"https://fd2-photos.leclercdrive.fr/image.ashx?id=2427973&use=l&cat=p&typeid=i","cat":298297},{"id":197638,"n":"Coriandre poudre Sainte Lucie 30g","p":2.14,"u":"71,33 €/KG","img":"https://fd2-photos.leclercdrive.fr/image.ashx?id=2435186&use=l&cat=p&typeid=i","cat":298297},{"id":197642,"n":"Décors à manger Sainte Lucie Licornes  x1","p":3.92,"img":"https://fd2-photos.leclercdrive.fr/image.ashx?id=2427976&use=l&cat=p&typeid=i","cat":284504},{"id":197648,"n":"Crayon pâtissier Sainte Lucie Goût choco-noisette - 20g","p":2.69,"u":"134,50 €/KG","img":"https://fd2-photos.leclercdrive.fr/image.ashx?id=2427979&use=l&cat=p&typeid=i","cat":284504},{"id":197658,"n":"Assiettes d'escargots Escal Lot de 3 - 202g","p":17.99,"u":"89,06 €/KG","img":"https://fd2-photos.leclercdrive.fr/image.ashx?id=2966686&use=l&cat=p&typeid=i","cat":319775},{"id":197660,"n":"36 Escargots Escal à l'alsacienne - 202g","p":16.88,"u":"83,56 €/KG","img":"https://fd2-photos.leclercdrive.fr/image.ashx?id=2966683&use=l&cat=p&typeid=i","cat":319775},{"id":197713,"n":"Fromage à Tartiner St Môret  Nature - 500g","p":5.44,"u":"10,88 €/KG","img":"https://fd2-photos.leclercdrive.fr/image.ashx?id=2427991&use=l&cat=p&typeid=i","cat":314029},{"id":197759,"n":"Orangette Chevaliers D'Argouges Enrobage choco noir - 170g","p":9.11,"u":"53,59 €/KG","img":"https://fd2-photos.leclercdrive.fr/image.ashx?id=2429332&use=l&cat=p&typeid=i","cat":327601},{"id":197766,"n":"Ballotin Chevaliers d'Argouges Assortiment chocolats - 185g","p":8.6,"u":"46,49 €/KG","img":"https://fd2-photos.leclercdrive.fr/image.ashx?id=2429335&use=l&cat=p&typeid=i","cat":327595},{"id":197776,"n":"Truffes Chevaliers d'Argouges Fantaisies bio noir - 160g","p":6.75,"u":"42,19 €/KG","img":"https://fd2-photos.leclercdrive.fr/image.ashx?id=2429374&use=l&cat=p&typeid=i","cat":327600},{"id":197901,"n":"Citron jaune Rustica 500ml","p":1.93,"u":"3,86 €/L","img":"https://fd2-photos.leclercdrive.fr/image.ashx?id=2453947&use=l&cat=p&typeid=i","cat":288383},{"id":197952,"n":"Pastabox Sodebo  Tortellini chèvre tomate - 280g","p":2.86,"u":"10,21 €/KG","img":"https://fd2-photos.leclercdrive.fr/image.ashx?id=2833429&use=l&cat=p&typeid=i","cat":334983},{"id":198060,"n":"Burger farine complète Jacquet  Sans sucres ajoutés - x4","p":2.05,"u":"6,21 €/KG","img":"https://fd2-photos.leclercdrive.fr/image.ashx?id=2446353&use=l&cat=p&typeid=i","cat":325067},{"id":198281,"n":"Langoustines crues Savigny 800g","p":13.67,"u":"17,09 €/KG","img":"https://fd2-photos.leclercdrive.fr/image.ashx?id=2788778&use=l&cat=p&typeid=i","cat":319787},{"id":198338,"n":"Confiture Douceur du Verger Fraise intense - 320 g","p":1.42,"u":"4,44 €/KG","img":"https://fd2-photos.leclercdrive.fr/image.ashx?id=2965605&use=l&cat=p&typeid=i","cat":284480},{"id":198348,"n":"Confiture Douceur du Verger Abricot intense - 320 g","p":1.42,"u":"4,44 €/KG","img":"https://fd2-photos.leclercdrive.fr/image.ashx?id=2965608&use=l&cat=p&typeid=i","cat":284480},{"id":198349,"n":"Confiture Douceur du Verger Myrtille intense - 320g","p":1.99,"u":"6,22 €/KG","img":"https://fd2-photos.leclercdrive.fr/image.ashx?id=2965611&use=l&cat=p&typeid=i","cat":284480},{"id":198355,"n":"Confiture Douceur du Verger Framboise intense - 320g","p":2.1,"u":"6,56 €/KG","img":"https://fd2-photos.leclercdrive.fr/image.ashx?id=2965614&use=l&cat=p&typeid=i","cat":284480},{"id":198356,"n":"Confiture Douceur du Verger 3 agrumes Intense - 320g","p":1.66,"u":"5,19 €/KG","img":"https://fd2-photos.leclercdrive.fr/image.ashx?id=2966376&use=l&cat=p&typeid=i","cat":284480},{"id":198522,"n":"Haricots vert Bio Village Bio - 180g","p":1.99,"u":"11,06 €/KG","img":"https://fd2-photos.leclercdrive.fr/image.ashx?id=3002713&use=l&cat=p&typeid=i","cat":312606},{"id":198523,"n":"Desserts Lactés P'TIT ONCTUEUX Fromage blanc 6M+ - 4x90g","p":2.08,"u":"5,78 €/KG","img":"https://fd2-photos.leclercdrive.fr/image.ashx?id=2435707&use=l&cat=p&typeid=i","cat":312392},{"id":198524,"n":"Desserts Lactés P'TIT ONCTUEUX Banane 6M+ - 4x90g","p":2.04,"u":"5,67 €/KG","img":"https://fd2-photos.leclercdrive.fr/image.ashx?id=2435710&use=l&cat=p&typeid=i","cat":312392},{"id":198528,"n":"Bouillon Cube Bio Maggi Volaille dégraissé - 80g","p":1.75,"u":"21,88 €/KG","img":"https://fd2-photos.leclercdrive.fr/image.ashx?id=2435722&use=l&cat=p&typeid=i","cat":288379},{"id":198535,"n":"Velouté Knorr Légumes français -1L","p":2.75,"u":"2,75 €/L","img":"https://fd2-photos.leclercdrive.fr/image.ashx?id=2435935&use=l&cat=p&typeid=i","cat":284462},{"id":198552,"n":"Arome vanille Sainte Lucie naturel -  50ml","p":3.37,"u":"67,40 €/KG","img":"https://fd2-photos.leclercdrive.fr/image.ashx?id=2435908&use=l&cat=p&typeid=i","cat":284504},{"id":198558,"n":"Cranberries Sainte Lucie 125g","p":2.86,"u":"22,88 €/KG","img":"https://fd2-photos.leclercdrive.fr/image.ashx?id=2435914&use=l&cat=p&typeid=i","cat":284504},{"id":198582,"n":"Desserts Lactés P'TIT ONCTUEUX Mangue ananas 6M+ - 4x90g","p":1.99,"u":"5,53 €/KG","img":"https://fd2-photos.leclercdrive.fr/image.ashx?id=2435932&use=l&cat=p&typeid=i","cat":312392},{"id":198623,"n":"Capsules Nescafé Dolce Gusto  Double Espresso - x16","p":4.63,"u":"34,04 €/KG","img":"https://fd2-photos.leclercdrive.fr/image.ashx?id=2687245&use=l&cat=p&typeid=i","cat":293239},{"id":198636,"n":"Grosse saucisse fraîche Henaff  Fumée x2 - 225g","p":4.41,"u":"19,60 €/KG","img":"https://fd2-photos.leclercdrive.fr/image.ashx?id=2439185&use=l&cat=p&typeid=i","cat":284334},{"id":198647,"n":"Chorizo tranché César Moroni Fort 20 tranches - 100g","p":1.83,"u":"18,30 €/KG","img":"https://fd2-photos.leclercdrive.fr/image.ashx?id=2439026&use=l&cat=p&typeid=i","cat":316006},{"id":198924,"n":"Gel à raser GilletteLabs Skin Care - 198ml","p":6.19,"u":"31,26 €/MT","img":"https://fd2-photos.leclercdrive.fr/image.ashx?id=2955215&use=l&cat=p&typeid=i","cat":284617},{"id":198959,"n":"Gel désodorisant Uni vert Lavande Eucalyptus","p":1.39,"img":"https://fd2-photos.leclercdrive.fr/image.ashx?id=2478934&use=l&cat=p&typeid=i","cat":311628},{"id":198968,"n":"Bloc wc javel Syphon eau bleue x2 - 100g","p":1.78,"u":"17,80 €/KG","img":"https://fd2-photos.leclercdrive.fr/image.ashx?id=2437005&use=l&cat=p&typeid=i","cat":284662},{"id":198977,"n":"Bûche Nestlé Caramel Beurre Salé, 1l","p":6.93,"u":"6,93 €/L","img":"https://fd2-photos.leclercdrive.fr/image.ashx?id=2936701&use=l&cat=p&typeid=i","cat":284266},{"id":198979,"n":"Bûche glacée Nestlé Poire Chocolat - 540g","p":6.9,"u":"12,78 €/KG","img":"https://fd2-photos.leclercdrive.fr/image.ashx?id=2750456&use=l&cat=p&typeid=i","cat":284266},{"id":198980,"n":"Bûche glacée Nestlé Nougatine - 540g","p":6.93,"u":"12,83 €/KG","img":"https://fd2-photos.leclercdrive.fr/image.ashx?id=2936716&use=l&cat=p&typeid=i","cat":284266},{"id":199066,"n":"Escargots Bourgogne Label Rouge Recette Bourguignone x36 223g","p":18.9,"pp":12.47,"u":"55,92 €/KG","img":"https://fd2-photos.leclercdrive.fr/image.ashx?id=2628776&use=l&cat=p&typeid=i","cat":319775},{"id":199267,"n":"Bûche glacée Pilpa Douceur Citron Meringue 464g","p":5.27,"u":"11,36 €/KG","img":"https://fd2-photos.leclercdrive.fr/image.ashx?id=2751030&use=l&cat=p&typeid=i","cat":284266},{"id":199298,"n":"Bûche glacée Eskiss Façon Pêche Melba - 565g","p":3.89,"u":"6,88 €/KG","img":"https://fd2-photos.leclercdrive.fr/image.ashx?id=2791377&use=l&cat=p&typeid=i","cat":284266},{"id":199461,"n":"Chocolat Kinder Surprise x6 oeufs - 6x20g","p":8.9,"u":"74,17 €/KG","img":"https://fd2-photos.leclercdrive.fr/image.ashx?id=2826336&use=l&cat=p&typeid=i","cat":327592},{"id":199510,"n":"Cervelas Herta Sans nitrite - 400g","p":3.59,"u":"8,98 €/KG","img":"https://fd2-photos.leclercdrive.fr/image.ashx?id=2443835&use=l&cat=p&typeid=i","cat":316012},{"id":199512,"n":"Cervelas Herta Sans nitrite - 200g","p":2.39,"u":"11,95 €/KG","img":"https://fd2-photos.leclercdrive.fr/image.ashx?id=2443832&use=l&cat=p&typeid=i","cat":316012},{"id":199598,"n":"Désodorisant diffuseur Airwick  Active Fresh Vanille - 228ml","p":9.67,"u":"42,41 €/L","img":"https://fd2-photos.leclercdrive.fr/image.ashx?id=2864672&use=l&cat=p&typeid=i","cat":311629},{"id":199655,"n":"Bûchettes Délices Pilpa Vanille Fruits  x6 - 351g","p":3.94,"u":"11,23 €/KG","img":"https://fd2-photos.leclercdrive.fr/image.ashx?id=2444060&use=l&cat=p&typeid=i","cat":284266},{"id":199678,"n":"Lait vitaminé Viva Candia  1% MG Méga Format - 10x1L","p":10.1,"u":"1,01 €/L","img":"https://fd2-photos.leclercdrive.fr/image.ashx?id=2442665&use=l&cat=p&typeid=i","cat":317169},{"id":199863,"n":"Bûche glacée Nestlé  Framboise Citron Fraise - 540g","p":6.92,"u":"12,81 €/KG","img":"https://fd2-photos.leclercdrive.fr/image.ashx?id=2749991&use=l&cat=p&typeid=i","cat":284266},{"id":200062,"n":"Bûche glacée Nestlé craquante Vanille Caramel - 540g","p":7.13,"u":"13,20 €/KG","img":"https://fd2-photos.leclercdrive.fr/image.ashx?id=2750462&use=l&cat=p&typeid=i","cat":284266},{"id":200096,"n":"Bûche glacée Nestlé  Chocolat Vanille - 540g","p":6.95,"u":"12,87 €/KG","img":"https://fd2-photos.leclercdrive.fr/image.ashx?id=2936722&use=l&cat=p&typeid=i","cat":284266},{"id":200100,"n":"Bûche glacée Nestlé Crème brûlée - 540g","p":6.94,"u":"12,85 €/KG","img":"https://fd2-photos.leclercdrive.fr/image.ashx?id=2749997&use=l&cat=p&typeid=i","cat":284266},{"id":200175,"n":"Plat bébé soir Blédiner 15 mois Pâtes légumes - 200g","p":2.39,"u":"11,95 €/KG","img":"https://fd2-photos.leclercdrive.fr/image.ashx?id=2866295&use=l&cat=p&typeid=i","cat":312239},{"id":200202,"n":"Repas bébé Blédina 15 mois carotte haricot riz bœuf 200g","p":2.27,"u":"11,35 €/KG","img":"https://fd2-photos.leclercdrive.fr/image.ashx?id=2586586&use=l&cat=p&typeid=i","cat":312238},{"id":200218,"n":"Repas bébé Blédina 15 mois carotte pâte épices poulet 200g","p":2.39,"u":"11,95 €/KG","img":"https://fd2-photos.leclercdrive.fr/image.ashx?id=2951632&use=l&cat=p&typeid=i","cat":312238},{"id":200330,"n":"Bougies magiques Sainte Lucie x12 -1p","p":2.02,"img":"https://fd2-photos.leclercdrive.fr/image.ashx?id=2447933&use=l&cat=p&typeid=i","cat":284504},{"id":200377,"n":"Plat bébé soir Blédîner 15 mois Légumes macaroni persil - 200g","p":2.39,"u":"11,95 €/KG","img":"https://fd2-photos.leclercdrive.fr/image.ashx?id=2866292&use=l&cat=p&typeid=i","cat":312239},{"id":200378,"n":"Repas bébé Blédina 15 mois Pâtes brocolis jambon - 200g","p":2.28,"u":"11,40 €/KG","img":"https://fd2-photos.leclercdrive.fr/image.ashx?id=2975104&use=l&cat=p&typeid=i","cat":312238},{"id":200774,"n":"AIRWICK Recharge Active Fresh Désodorisant Vanille - 228ml","p":5.86,"u":"25,70 €/L","img":"https://fd2-photos.leclercdrive.fr/image.ashx?id=2864675&use=l&cat=p&typeid=i","cat":311629},{"id":200779,"n":"Nettoyant sol Vigor Désincrustant intense - 1L","p":2.79,"u":"2,79 €/L","img":"https://fd2-photos.leclercdrive.fr/image.ashx?id=2736160&use=l&cat=p&typeid=i","cat":284907},{"id":200847,"n":"Coquilles à la bretonne 60% Régal Du Jour - x2","p":6.34,"u":"3,17 €/P","img":"https://fd2-photos.leclercdrive.fr/image.ashx?id=2460946&use=l&cat=p&typeid=i","cat":319775},{"id":201017,"n":"Crêpes dentelles Bretagne NRT 120g","p":1.72,"u":"14,33 €/KG","img":"https://fd2-photos.leclercdrive.fr/image.ashx?id=2622359&use=l&cat=p&typeid=i","cat":284487},{"id":201081,"n":"Yaourt à la grecque Yaos  Morceaux de fraises - 4x125g","p":2.36,"u":"4,72 €/KG","img":"https://fd2-photos.leclercdrive.fr/image.ashx?id=2454772&use=l&cat=p&typeid=i","cat":284410},{"id":201136,"n":"Pizza Crust Sodebo Kebab Poulet - 580g","p":5.74,"u":"9,90 €/KG","img":"https://fd2-photos.leclercdrive.fr/image.ashx?id=2645507&use=l&cat=p&typeid=i","cat":333679},{"id":201140,"n":"Yaourt à la grecque Yaos  Morceaux d'abricots - 4x125g","p":2.36,"u":"4,72 €/KG","img":"https://fd2-photos.leclercdrive.fr/image.ashx?id=2455123&use=l&cat=p&typeid=i","cat":284410},{"id":201142,"n":"Yaourt à la grecque Yaos  Morceaux de pêches - 4x125g","p":2.51,"u":"5,02 €/KG","img":"https://fd2-photos.leclercdrive.fr/image.ashx?id=2455126&use=l&cat=p&typeid=i","cat":284410},{"id":201192,"n":"Boisson fermentée désalcoolisée Rouge - à base de raisin - 75cl","p":4.18,"u":"5,57 €/L","img":"https://fd2-photos.leclercdrive.fr/image.ashx?id=2477664&use=l&cat=p&typeid=i","cat":284549},{"id":201193,"n":"Boisson fermentée désalcoolisée Rosé - à base de raisin - 75cl","p":3.55,"u":"4,73 €/L","img":"https://fd2-photos.leclercdrive.fr/image.ashx?id=2477667&use=l&cat=p&typeid=i","cat":284549},{"id":201194,"n":"Boisson fermentée désalcoolisée Blanc - à base de raisin - 75cl","p":3.28,"u":"4,37 €/L","img":"https://fd2-photos.leclercdrive.fr/image.ashx?id=2477670&use=l&cat=p&typeid=i","cat":284549},{"id":201298,"n":"Fromage enfant La Vache qui rit Original 12P à tartiner - 192g","p":2.47,"u":"12,86 €/KG","img":"https://fd2-photos.leclercdrive.fr/image.ashx?id=2945442&use=l&cat=p&typeid=i","cat":314030},{"id":201300,"n":"Fromage enfant La Vache qui rit Original 32P à tartiner - 512g","p":4.76,"u":"9,30 €/KG","img":"https://fd2-photos.leclercdrive.fr/image.ashx?id=2945448&use=l&cat=p&typeid=i","cat":314030},{"id":201349,"n":"Noix de jambon Petit Gas Tranches fines x10 - 125g","p":3.36,"u":"26,88 €/KG","img":"https://fd2-photos.leclercdrive.fr/image.ashx?id=2464087&use=l&cat=p&typeid=i","cat":316007},{"id":201351,"n":"Framboises Fresh Cueillette 500g","p":6.54,"u":"13,08 €/KG","img":"https://fd2-photos.leclercdrive.fr/image.ashx?id=2600746&use=l&cat=p&typeid=i","cat":284268},{"id":201352,"n":"Fraises Fresh Cueillette 500g","p":3.49,"u":"6,98 €/KG","img":"https://fd2-photos.leclercdrive.fr/image.ashx?id=2818718&use=l&cat=p&typeid=i","cat":284268},{"id":201353,"n":"Cocktail de fruits rouges Fresh Cueillette - 500g","p":4.19,"u":"8,38 €/KG","img":"https://fd2-photos.leclercdrive.fr/image.ashx?id=2917936&use=l&cat=p&typeid=i","cat":284268},{"id":201354,"n":"Riz au lait Ker Ronan Vanille - 4x105g","p":2.31,"u":"5,50 €/KG","img":"https://fd2-photos.leclercdrive.fr/image.ashx?id=2458832&use=l&cat=p&typeid=i","cat":284418},{"id":201356,"n":"Riz au lait Ker Ronan Caramel - 4x105g","p":2.76,"u":"6,57 €/KG","img":"https://fd2-photos.leclercdrive.fr/image.ashx?id=2458835&use=l&cat=p&typeid=i","cat":284418},{"id":201686,"n":"Cheesecake caramel beurre salé Marie Morin - 2x100g","p":3.02,"u":"15,10 €/KG","img":"https://fd2-photos.leclercdrive.fr/image.ashx?id=2631738&use=l&cat=p&typeid=i","cat":284419},{"id":201689,"n":"Café capsules Plantation Lungo -","p":5.15,"u":"33,01 €/KG","img":"https://fd2-photos.leclercdrive.fr/image.ashx?id=2860085&use=l&cat=p&typeid=i","cat":284749},{"id":201690,"n":"Beurre plaquette Eco+ Demi-sel - 60% MG - 200g","p":1.47,"u":"7,35 €/KG","img":"https://fd2-photos.leclercdrive.fr/image.ashx?id=2794184&use=l&cat=p&typeid=i","cat":284379},{"id":201692,"n":"Frites Crousti Express Findus Micro-ondes Allumette 2x100g","p":1.65,"u":"8,25 €/KG","img":"https://fd2-photos.leclercdrive.fr/image.ashx?id=2648274&use=l&cat=p&typeid=i","cat":319791},{"id":201693,"n":"Frites Crousti Express Findus Micro-ondes Classique 2x100g","p":1.59,"u":"7,95 €/KG","img":"https://fd2-photos.leclercdrive.fr/image.ashx?id=2648271&use=l&cat=p&typeid=i","cat":319791},{"id":201694,"n":"Frites Crousti Express Findus Micro-ondes Quartiers - 2x100g","p":1.65,"u":"8,25 €/KG","img":"https://fd2-photos.leclercdrive.fr/image.ashx?id=2653789&use=l&cat=p&typeid=i","cat":319791},{"id":201706,"n":"Bière Leffe Ruby 5% - 12x25cl","p":8.83,"u":"2,94 €/L","img":"https://fd2-photos.leclercdrive.fr/image.ashx?id=2813008&use=l&cat=p&typeid=i","cat":334878},{"id":201774,"n":"Sous-vêtements nuit DryNites® Garçons 4-7 ans (17-30 kg) x16","p":12.22,"u":"0,76 €/P","img":"https://fd2-photos.leclercdrive.fr/image.ashx?id=2844727&use=l&cat=p&typeid=i","cat":290633},{"id":201775,"n":"Sous-vêtements nuit DryNites® Garçons 8-13 ans (30-48 kg) x13","p":11.87,"u":"0,91 €/P","img":"https://fd2-photos.leclercdrive.fr/image.ashx?id=2971314&use=l&cat=p&typeid=i","cat":290633},{"id":201776,"n":"Sous-vêtements nuit DryNites® Filles 8-13 ans (30-48 kg) x13","p":11.87,"u":"0,91 €/P","img":"https://fd2-photos.leclercdrive.fr/image.ashx?id=2844736&use=l&cat=p&typeid=i","cat":290633},{"id":201835,"n":"Pizza Crousti Moelleuse Marie Royale - 500g","p":4.19,"u":"8,38 €/KG","img":"https://fd2-photos.leclercdrive.fr/image.ashx?id=2996704&use=l&cat=p&typeid=i","cat":284256},{"id":201836,"n":"Pizza Crousti Moelleuse Marie 4 fromages - 500g","p":3.88,"u":"7,76 €/KG","img":"https://fd2-photos.leclercdrive.fr/image.ashx?id=2996701&use=l&cat=p&typeid=i","cat":284256},{"id":201839,"n":"Sauce arrabbiata Turini 420g","p":1.14,"u":"2,71 €/KG","img":"https://fd2-photos.leclercdrive.fr/image.ashx?id=2465062&use=l&cat=p&typeid=i","cat":287599},{"id":201846,"n":"Sucre vanillé Alsa x5 - 40g","p":2.34,"u":"58,50 €/KG","img":"https://fd2-photos.leclercdrive.fr/image.ashx?id=3004381&use=l&cat=p&typeid=i","cat":294686},{"id":201915,"n":"Protège-slips Doulys Slip ou string - x45","p":1.61,"u":"0,04 €/P","img":"https://fd2-photos.leclercdrive.fr/image.ashx?id=2877466&use=l&cat=p&typeid=i","cat":284625},{"id":201927,"n":"Rôti filet de Porc Bigard Oignon et thym - 400g","p":6.49,"u":"16,23 €/KG","img":"https://fd2-photos.leclercdrive.fr/image.ashx?id=2479204&use=l&cat=p&typeid=i","cat":284331},{"id":201934,"n":"Protège-slips Vania Confort Fresh - x56","p":2.59,"img":"https://fd2-photos.leclercdrive.fr/image.ashx?id=2735227&use=l&cat=p&typeid=i","cat":284625},{"id":201951,"n":"Gel Douche Le Petit Marseillais Lait - 250ml","p":1.65,"u":"6,60 €/MT","img":"https://fd2-photos.leclercdrive.fr/image.ashx?id=2676108&use=l&cat=p&typeid=i","cat":284594},{"id":201953,"n":"Gel Douche Le Petit Marseillais Pêche nectarine - 250ml","p":1.57,"u":"6,28 €/L","img":"https://fd2-photos.leclercdrive.fr/image.ashx?id=2938761&use=l&cat=p&typeid=i","cat":284594},{"id":201954,"n":"Gel Douche Le Petit Marseillais  Peche nectarine - 650ml","p":3.12,"u":"4,80 €/L","img":"https://fd2-photos.leclercdrive.fr/image.ashx?id=2676114&use=l&cat=p&typeid=i","cat":284594},{"id":201956,"n":"Gel Douche Le Petit Marseillais Verveine citron - 250ml","p":1.71,"u":"6,84 €/MT","img":"https://fd2-photos.leclercdrive.fr/image.ashx?id=2941769&use=l&cat=p&typeid=i","cat":284594},{"id":201968,"n":"Bière blonde Corona Extra 4,5% - 6x33cl","p":7.79,"u":"3,93 €/L","img":"https://fd2-photos.leclercdrive.fr/image.ashx?id=2865452&use=l&cat=p&typeid=i","cat":334873},{"id":202048,"n":"Crème glacée Trium Caramel salé - 430g","p":3.75,"u":"8,72 €/KG","img":"https://fd2-photos.leclercdrive.fr/image.ashx?id=2469034&use=l&cat=p&typeid=i","cat":284725},{"id":202049,"n":"Crème glacée Trium Chocolat Brownie - 415g","p":3.33,"u":"8,02 €/KG","img":"https://fd2-photos.leclercdrive.fr/image.ashx?id=2469037&use=l&cat=p&typeid=i","cat":284725},{"id":202051,"n":"Crème glacée Trium Macadamia - 430g","p":4.3,"u":"10,00 €/KG","img":"https://fd2-photos.leclercdrive.fr/image.ashx?id=2469043&use=l&cat=p&typeid=i","cat":284725},{"id":202054,"n":"Pizza Eco+ 6 fromages x2 - 680g","p":3.41,"u":"5,01 €/KG","img":"https://fd2-photos.leclercdrive.fr/image.ashx?id=2756840&use=l&cat=p&typeid=i","cat":284256},{"id":202055,"n":"Crème glacée Trium Cookie Dough - 416g","p":3.24,"u":"7,79 €/KG","img":"https://fd2-photos.leclercdrive.fr/image.ashx?id=2469040&use=l&cat=p&typeid=i","cat":284725},{"id":202066,"n":"Fromage blanc nature Délisse 4x100g","p":0.97,"u":"2,43 €/KG","img":"https://fd2-photos.leclercdrive.fr/image.ashx?id=3012881&use=l&cat=p&typeid=i","cat":284409},{"id":202068,"n":"Yaourt à la Grecque Délisse  450g","p":1.29,"u":"2,87 €/KG","img":"https://fd2-photos.leclercdrive.fr/image.ashx?id=2885140&use=l&cat=p&typeid=i","cat":314999},{"id":202074,"n":"Poêlée de légumes Épeautre  Notre Jardin - 750g","p":2.89,"u":"3,85 €/KG","img":"https://fd2-photos.leclercdrive.fr/image.ashx?id=2771378&use=l&cat=p&typeid=i","cat":319823},{"id":202075,"n":"Poêlée jardinière quinoa Notre Jardin - 750g","p":3.29,"u":"4,39 €/KG","img":"https://fd2-photos.leclercdrive.fr/image.ashx?id=2771381&use=l&cat=p&typeid=i","cat":319823},{"id":202077,"n":"Crème semi-épaisse Soutenons Nos Agriculteurs - 3x20cl","p":2.89,"u":"4,82 €/L","img":"https://fd2-photos.leclercdrive.fr/image.ashx?id=2469067&use=l&cat=p&typeid=i","cat":284381},{"id":202078,"n":"Cordons bleus de dinde Eco  200g","p":1.47,"u":"7,35 €/KG","img":"https://fd2-photos.leclercdrive.fr/image.ashx?id=2860659&use=l&cat=p&typeid=i","cat":333683},{"id":202081,"n":"Pizza moelleuse Turini 3 viandes - 590g","p":4.0,"u":"6,78 €/KG","img":"https://fd2-photos.leclercdrive.fr/image.ashx?id=2816609&use=l&cat=p&typeid=i","cat":284256},{"id":202399,"n":"Pur jus de grenade Jardin Bio Bio - 75cl","p":5.18,"u":"6,91 €/L","img":"https://fd2-photos.leclercdrive.fr/image.ashx?id=2471856&use=l&cat=p&typeid=i","cat":284915},{"id":202403,"n":"Pur jus Jardin Bio Multifruits - 75cl","p":3.22,"u":"4,29 €/L","img":"https://fd2-photos.leclercdrive.fr/image.ashx?id=2471862&use=l&cat=p&typeid=i","cat":284915},{"id":202570,"n":"Cocotte de Moules au vin blanc Royal - 500g","p":7.99,"u":"15,98 €/KG","img":"https://fd2-photos.leclercdrive.fr/image.ashx?id=2802806&use=l&cat=p&typeid=i","cat":285340},{"id":202593,"n":"Gel douche concentré Nateïs Matcha Gingembre - 100ml","p":1.49,"u":"14,90 €/L","img":"https://fd2-photos.leclercdrive.fr/image.ashx?id=2474008&use=l&cat=p&typeid=i","cat":284594},{"id":202614,"n":"Gel douche Concentré Nateïs Cactus banane - 100ml","p":1.49,"u":"14,90 €/L","img":"https://fd2-photos.leclercdrive.fr/image.ashx?id=2474069&use=l&cat=p&typeid=i","cat":284594},{"id":202623,"n":"Lentilles blondes Eco  500g","p":0.89,"u":"1,78 €/KG","img":"https://fd2-photos.leclercdrive.fr/image.ashx?id=2553851&use=l&cat=p&typeid=i","cat":284430},{"id":202647,"n":"Bière blonde Jenlain Pack 6x25cl","p":5.85,"u":"3,90 €/L","img":"https://fd2-photos.leclercdrive.fr/image.ashx?id=2474380&use=l&cat=p&typeid=i","cat":334852},{"id":202649,"n":"Bière blonde Jenlain 75 cl","p":2.67,"u":"3,56 €/L","img":"https://fd2-photos.leclercdrive.fr/image.ashx?id=2732851&use=l&cat=p&typeid=i","cat":334852},{"id":202696,"n":"Rôti de porc farci Orloff  Bigard - 500g","p":7.04,"u":"14,08 €/KG","img":"https://fd2-photos.leclercdrive.fr/image.ashx?id=2477709&use=l&cat=p&typeid=i","cat":284331},{"id":202872,"n":"Sucrine Eco+ x2","p":0.89,"u":"0,45 €/P","img":"https://fd2-photos.leclercdrive.fr/image.ashx?id=2477535&use=l&cat=p&typeid=i","cat":284352},{"id":202879,"n":"Dos de cabillaud MSC Eco+ Sans peau et sans arête - 200g","p":4.89,"u":"24,45 €/KG","img":"https://fd2-photos.leclercdrive.fr/image.ashx?id=2714327&use=l&cat=p&typeid=i","cat":284342},{"id":202892,"n":"Filet de lieu noir Eco+ Sans peau et sans arête - 220g","p":3.29,"u":"14,95 €/KG","img":"https://fd2-photos.leclercdrive.fr/image.ashx?id=2966713&use=l&cat=p&typeid=i","cat":284342},{"id":202946,"n":"Coquilles macédoine et crabe Tout Feu Tout Frais x2 - 340g","p":9.4,"u":"27,65 €/KG","img":"https://fd2-photos.leclercdrive.fr/image.ashx?id=2492181&use=l&cat=p&typeid=i","cat":333671},{"id":202950,"n":"Salade à la Bretonne Tout feu tout frais - 200g","p":3.65,"u":"18,25 €/KG","img":"https://fd2-photos.leclercdrive.fr/image.ashx?id=2492166&use=l&cat=p&typeid=i","cat":333657},{"id":202951,"n":"Salade à la Bretonne Tout feu tout frais - 500g","p":6.69,"u":"13,38 €/KG","img":"https://fd2-photos.leclercdrive.fr/image.ashx?id=2505984&use=l&cat=p&typeid=i","cat":333657},{"id":202952,"n":"Salade nautilus Tout feu tout frais - 500g","p":8.26,"u":"16,52 €/KG","img":"https://fd2-photos.leclercdrive.fr/image.ashx?id=2505996&use=l&cat=p&typeid=i","cat":333657},{"id":202966,"n":"Plat individuel Pad thaï Garbit - 300g","p":2.79,"u":"9,30 €/KG","img":"https://fd2-photos.leclercdrive.fr/image.ashx?id=2901908&use=l&cat=p&typeid=i","cat":284953},{"id":202968,"n":"Fromage blanc Lindahls Protein  Fraise Citron vert - 2x160g","p":1.78,"u":"11,13 €/KG","img":"https://fd2-photos.leclercdrive.fr/image.ashx?id=2870191&use=l&cat=p&typeid=i","cat":315000},{"id":202971,"n":"Fromage blanc Lindahls Protein  Stracciatella - 2x160g","p":2.01,"u":"12,56 €/KG","img":"https://fd2-photos.leclercdrive.fr/image.ashx?id=3007957&use=l&cat=p&typeid=i","cat":314999},{"id":203036,"n":"Gel douche Mixa Bébé  Très Doux Corps Cheveux - 300ml","p":2.97,"u":"9,90 €/L","img":"https://fd2-photos.leclercdrive.fr/image.ashx?id=2479318&use=l&cat=p&typeid=i","cat":284740},{"id":203050,"n":"Recharge Sense & Spray Glade Ocean Adventure - 18 ml","p":3.6,"u":"200,00 €/L","img":"https://fd2-photos.leclercdrive.fr/image.ashx?id=2634352&use=l&cat=p&typeid=i","cat":311629},{"id":203052,"n":"Recharge pour diffuseur Glade  Bois de Santal & Jasmin - 18ml","p":3.19,"u":"177,22 €/L","img":"https://fd2-photos.leclercdrive.fr/image.ashx?id=2634358&use=l&cat=p&typeid=i","cat":311629},{"id":203053,"n":"Diffuseur & recharge 18ml Glade Bois de Santal&Jasmin - 1 pièce","p":6.93,"pp":4.16,"u":"Dont 0,10 € d'éco-part.","img":"https://fd2-photos.leclercdrive.fr/image.ashx?id=2684293&use=l&cat=p&typeid=i","cat":311629},{"id":203055,"n":"Diffuseur Automatic Spray Glade Sandalwood & Jasmine - 269 ml","p":9.91,"img":"https://fd2-photos.leclercdrive.fr/image.ashx?id=2866007&use=l&cat=p&typeid=i","cat":311629},{"id":203056,"n":"Recharge Touch & Fresh Glade Marine - 10 ml","p":2.96,"u":"296,00 €/L","img":"https://fd2-photos.leclercdrive.fr/image.ashx?id=2506609&use=l&cat=p&typeid=i","cat":311629},{"id":203057,"n":"Recharge Touch & Fresh Glade Muguet - 10ml","p":3.4,"u":"340,00 €/L","img":"https://fd2-photos.leclercdrive.fr/image.ashx?id=2506612&use=l&cat=p&typeid=i","cat":311629},{"id":203059,"n":"Recharge Touch & Fresh Glade Sandalwood & Jasmine - 10 ml","p":2.89,"u":"289,00 €/L","img":"https://fd2-photos.leclercdrive.fr/image.ashx?id=2914744&use=l&cat=p&typeid=i","cat":311629},{"id":203063,"n":"Gel désodorisant Glade  Longue durée - Muguet - x1","p":1.43,"img":"https://fd2-photos.leclercdrive.fr/image.ashx?id=2479429&use=l&cat=p&typeid=i","cat":311628},{"id":203089,"n":"Pizza au feu de bois Turini Chèvre et miel - 410g","p":2.65,"u":"6,46 €/KG","img":"https://fd2-photos.leclercdrive.fr/image.ashx?id=2816615&use=l&cat=p&typeid=i","cat":284256},{"id":203203,"n":"Moulage  Kinder Surprise 36g","p":2.6,"u":"72,22 €/KG","img":"https://fd2-photos.leclercdrive.fr/image.ashx?id=2509089&use=l&cat=p&typeid=i","cat":327592},{"id":203209,"n":"Petits plaisirs  Ferrero Rocher Chocolat - 126g","p":5.25,"u":"41,67 €/KG","img":"https://fd2-photos.leclercdrive.fr/image.ashx?id=2945008&use=l&cat=p&typeid=i","cat":327600},{"id":203310,"n":"Diffuseur Touch & Fresh Glade Marine - 10 ml","p":4.03,"img":"https://fd2-photos.leclercdrive.fr/image.ashx?id=2914750&use=l&cat=p&typeid=i","cat":311629},{"id":203367,"n":"Aiguillettes de poulet blanc Bon Plan Le Gaulois - 400g","p":6.42,"u":"16,05 €/KG","img":"https://fd2-photos.leclercdrive.fr/image.ashx?id=2481586&use=l&cat=p&typeid=i","cat":284336},{"id":203368,"n":"Filet de poulet blanc  Bon Plan Le Gaulois - 500g","p":7.33,"u":"14,66 €/KG","img":"https://fd2-photos.leclercdrive.fr/image.ashx?id=2481589&use=l&cat=p&typeid=i","cat":284336},{"id":203369,"n":"Cuisses de poulet  Bon Plan Le Gaulois - 900g","p":5.3,"u":"5,89 €/KG","img":"https://fd2-photos.leclercdrive.fr/image.ashx?id=2481592&use=l&cat=p&typeid=i","cat":284336},{"id":203471,"n":"Banane Eco+ x4","p":0.79,"u":"0,20 €/P","img":"https://fd2-photos.leclercdrive.fr/image.ashx?id=2600252&use=l&cat=p&typeid=i","cat":284356},{"id":203596,"n":"Plat cuisiné Jardin Bio Bio Lentilles à l'indienne - 680g","p":4.91,"u":"7,22 €/KG","img":"https://fd2-photos.leclercdrive.fr/image.ashx?id=2811179&use=l&cat=p&typeid=i","cat":287600},{"id":203603,"n":"Petit gourmand bio Jardin Bio A la pâte à tartiner - 155g","p":2.7,"u":"17,42 €/KG","img":"https://fd2-photos.leclercdrive.fr/image.ashx?id=2990676&use=l&cat=p&typeid=i","cat":284488},{"id":203821,"n":"Boîte chien Pedigree  Cuisinés en sauce - 6x400g","p":8.45,"u":"3,52 €/KG","img":"https://fd2-photos.leclercdrive.fr/image.ashx?id=2849722&use=l&cat=p&typeid=i","cat":288578},{"id":203822,"n":"Boîte chien Pedigree Cuisinés en sauce - 4x400g","p":5.99,"u":"3,74 €/KG","img":"https://fd2-photos.leclercdrive.fr/image.ashx?id=2849719&use=l&cat=p&typeid=i","cat":288578},{"id":203823,"n":"Sachet fraicheur chat Whiskas Carte mixte en gelée - 48x85g","p":15.67,"u":"3,84 €/KG","img":"https://fd2-photos.leclercdrive.fr/image.ashx?id=2486916&use=l&cat=p&typeid=i","cat":285286},{"id":203824,"n":"Sachet fraicheur chat Whiskas Classiques en sauce - 24x85g","p":9.55,"u":"4,68 €/KG","img":"https://fd2-photos.leclercdrive.fr/image.ashx?id=2486913&use=l&cat=p&typeid=i","cat":285286},{"id":203826,"n":"Sachet fraicheur chat Whiskas Poissons en gelée - 12x85g","p":4.66,"u":"4,57 €/KG","img":"https://fd2-photos.leclercdrive.fr/image.ashx?id=2486910&use=l&cat=p&typeid=i","cat":285286},{"id":203828,"n":"Sachet repas chaton Whiskas Festins volaille gelée - 12x85g","p":5.35,"u":"5,25 €/KG","img":"https://fd2-photos.leclercdrive.fr/image.ashx?id=2487093&use=l&cat=p&typeid=i","cat":285286},{"id":204050,"n":"Haricots vert Bio Village Bio 220g","p":1.49,"u":"6,77 €/KG","img":"https://fd2-photos.leclercdrive.fr/image.ashx?id=3002716&use=l&cat=p&typeid=i","cat":312606},{"id":204061,"n":"Mais Bio Village Bio - 285g","p":1.09,"u":"3,82 €/KG","img":"https://fd2-photos.leclercdrive.fr/image.ashx?id=3002719&use=l&cat=p&typeid=i","cat":312611},{"id":204072,"n":"Compotes douceur du Verger Pomme Vanille - 4x100g","p":1.36,"u":"3,40 €/KG","img":"https://fd2-photos.leclercdrive.fr/image.ashx?id=2487401&use=l&cat=p&typeid=i","cat":284416},{"id":204073,"n":"Fromage Fouetté Ail Fines Herbe à tartiner Les Croisés - 150g","p":1.53,"u":"10,20 €/KG","img":"https://fd2-photos.leclercdrive.fr/image.ashx?id=2487398&use=l&cat=p&typeid=i","cat":314029},{"id":204131,"n":"Nettoyant four Decapfour  Express - 500ml","p":3.45,"u":"6,90 €/L","img":"https://fd2-photos.leclercdrive.fr/image.ashx?id=2489719&use=l&cat=p&typeid=i","cat":325363},{"id":204157,"n":"Pâte feuilletée Herta Trésor de Grand-Mère  280g","p":1.65,"u":"5,89 €/KG","img":"https://fd2-photos.leclercdrive.fr/image.ashx?id=2833303&use=l&cat=p&typeid=i","cat":333681},{"id":204158,"n":"Pâte brisée Herta Trésor de Grand-Mère - 280g","p":1.72,"u":"6,14 €/KG","img":"https://fd2-photos.leclercdrive.fr/image.ashx?id=2833306&use=l&cat=p&typeid=i","cat":333681},{"id":204159,"n":"Pâte à tarte sablée Herta Trésor de Grand-Mère - 280g","p":1.87,"u":"6,68 €/KG","img":"https://fd2-photos.leclercdrive.fr/image.ashx?id=2814536&use=l&cat=p&typeid=i","cat":333681},{"id":204169,"n":"Sachet fraicheur chat Whiskas Festins volaille gelée - 12x85g","p":4.55,"u":"4,46 €/KG","img":"https://fd2-photos.leclercdrive.fr/image.ashx?id=2490329&use=l&cat=p&typeid=i","cat":285286},{"id":204179,"n":"Sachet fraicheur chat Whiskas Tasty Mix en sauce - 40x85g","p":15.44,"u":"4,54 €/KG","img":"https://fd2-photos.leclercdrive.fr/image.ashx?id=2589488&use=l&cat=p&typeid=i","cat":285286},{"id":204247,"n":"Protège-slip Vania Confort Multiformes - 1p","p":2.59,"img":"https://fd2-photos.leclercdrive.fr/image.ashx?id=2735224&use=l&cat=p&typeid=i","cat":284625},{"id":204248,"n":"Galettes St Michel Fourrées Chocolat au lait 240g","p":1.98,"u":"8,25 €/KG","img":"https://fd2-photos.leclercdrive.fr/image.ashx?id=2950000&use=l&cat=p&typeid=i","cat":284487},{"id":204249,"n":"Galettes Moelleuses St Michel  Tigrées Chocolat - 180g","p":1.63,"u":"9,06 €/KG","img":"https://fd2-photos.leclercdrive.fr/image.ashx?id=2950006&use=l&cat=p&typeid=i","cat":284495},{"id":204302,"n":"Shampoing nutrition Ultra Doux Lait de coco - 300ml","p":3.08,"u":"10,27 €/L","img":"https://fd2-photos.leclercdrive.fr/image.ashx?id=2492788&use=l&cat=p&typeid=i","cat":284606},{"id":204304,"n":"Shampoing Illuminant Ultra Doux Camomille - 300ml","p":2.53,"u":"8,43 €/L","img":"https://fd2-photos.leclercdrive.fr/image.ashx?id=2926596&use=l&cat=p&typeid=i","cat":284606},{"id":204307,"n":"Shampoing Couleur Ultra Doux Cheveux colorés - 300ml","p":2.52,"u":"8,40 €/L","img":"https://fd2-photos.leclercdrive.fr/image.ashx?id=2492803&use=l&cat=p&typeid=i","cat":284606},{"id":204308,"n":"Shampoing Enfants Ultra Doux Abricot - 300ml","p":2.65,"u":"8,83 €/L","img":"https://fd2-photos.leclercdrive.fr/image.ashx?id=2851093&use=l&cat=p&typeid=i","cat":284606},{"id":204313,"n":"Après-shampooing karité Garnier Cheveu bouclé à Frisé - 250ml","p":2.51,"u":"10,04 €/L","img":"https://fd2-photos.leclercdrive.fr/image.ashx?id=2986651&use=l&cat=p&typeid=i","cat":284607},{"id":204314,"n":"Après-shampoing Ultra doux Cheveux fragiles - 250ml","p":2.59,"u":"10,36 €/L","img":"https://fd2-photos.leclercdrive.fr/image.ashx?id=2646569&use=l&cat=p&typeid=i","cat":284607},{"id":204327,"n":"Soupe instantanée Royco  Velouté Tomates - 4x200ml","p":1.31,"u":"1,64 €/L","img":"https://fd2-photos.leclercdrive.fr/image.ashx?id=2650991&use=l&cat=p&typeid=i","cat":293527},{"id":204620,"n":"Purée Butternut Patate douce Notre Jardin - 750g","p":3.49,"u":"4,65 €/KG","img":"https://fd2-photos.leclercdrive.fr/image.ashx?id=2856208&use=l&cat=p&typeid=i","cat":319805},{"id":204621,"n":"Purée de courgette Céleri  Brocoli Notre Jardin - 750g","p":2.24,"u":"2,99 €/KG","img":"https://fd2-photos.leclercdrive.fr/image.ashx?id=2860031&use=l&cat=p&typeid=i","cat":319805},{"id":204717,"n":"Soda Schweppes Saveur Agrumes Zero - 1,5L","p":1.73,"u":"1,15 €/L","img":"https://fd2-photos.leclercdrive.fr/image.ashx?id=2852444&use=l&cat=p&typeid=i","cat":284532},{"id":204718,"n":"Soda Schweppes Saveur Agrumes - 1,5L","p":1.6,"u":"1,07 €/L","img":"https://fd2-photos.leclercdrive.fr/image.ashx?id=2852447&use=l&cat=p&typeid=i","cat":284532},{"id":204719,"n":"Soda Schweppes Indian Tonic - 1,5L","p":1.69,"u":"1,13 €/L","img":"https://fd2-photos.leclercdrive.fr/image.ashx?id=2852456&use=l&cat=p&typeid=i","cat":284531},{"id":204731,"n":"Sachet fraîcheur chat Whiskas  Sélection en sauce - 12x85g","p":4.95,"u":"4,85 €/KG","img":"https://fd2-photos.leclercdrive.fr/image.ashx?id=2495764&use=l&cat=p&typeid=i","cat":285286},{"id":204742,"n":"Sainte-Marguerite Les Croisés 200g","p":2.37,"u":"11,85 €/KG","img":"https://fd2-photos.leclercdrive.fr/image.ashx?id=2523534&use=l&cat=p&typeid=i","cat":329558},{"id":204787,"n":"Grands lardons fumé Petitgas - 200g","p":2.73,"u":"13,65 €/KG","img":"https://fd2-photos.leclercdrive.fr/image.ashx?id=2504716&use=l&cat=p&typeid=i","cat":316011},{"id":204788,"n":"Gnocchi à poêler Lustucru 325g","p":1.52,"u":"4,68 €/KG","img":"https://fd2-photos.leclercdrive.fr/image.ashx?id=2975218&use=l&cat=p&typeid=i","cat":333682},{"id":204789,"n":"Gnocchi à poêler Lustucru 520g","p":2.26,"u":"4,35 €/KG","img":"https://fd2-photos.leclercdrive.fr/image.ashx?id=2792423&use=l&cat=p&typeid=i","cat":333682},{"id":204791,"n":"Gnocchi à poêler Lustucru  Format XXL - 720g","p":2.86,"u":"3,97 €/KG","img":"https://fd2-photos.leclercdrive.fr/image.ashx?id=2788556&use=l&cat=p&typeid=i","cat":333682},{"id":204792,"n":"Girasoli Lustucru Tomate Basilic Mozzarella 250g","p":1.83,"u":"7,32 €/KG","img":"https://fd2-photos.leclercdrive.fr/image.ashx?id=2974363&use=l&cat=p&typeid=i","cat":333682},{"id":204796,"n":"Tortellini Lustucru Jambon cru - 250g","p":1.87,"u":"7,48 €/KG","img":"https://fd2-photos.leclercdrive.fr/image.ashx?id=2974360&use=l&cat=p&typeid=i","cat":333682},{"id":204907,"n":"Saucisses 100% végétal Accro x4 - 200g","p":3.87,"u":"19,35 €/KG","img":"https://fd2-photos.leclercdrive.fr/image.ashx?id=2498434&use=l&cat=p&typeid=i","cat":316036},{"id":204954,"n":"Haché Extra Moelleux Charal Façon Bouchère 8x110g - 880g","p":10.5,"u":"11,93 €/KG","img":"https://fd2-photos.leclercdrive.fr/image.ashx?id=2731732&use=l&cat=p&typeid=i","cat":319778},{"id":205144,"n":"Moutarde de Dijon - Clovis 200g","p":1.4,"u":"7,00 €/KG","img":"https://fd2-photos.leclercdrive.fr/image.ashx?id=2984841&use=l&cat=p&typeid=i","cat":288850},{"id":205145,"n":"Moutarde à l'ancienne - Clovis 200g","p":1.97,"u":"9,85 €/KG","img":"https://fd2-photos.leclercdrive.fr/image.ashx?id=2986176&use=l&cat=p&typeid=i","cat":288850},{"id":205233,"n":"Serviettes Always Ultra Long - T2 - x12","p":1.75,"u":"0,15 €/P","img":"https://fd2-photos.leclercdrive.fr/image.ashx?id=2851324&use=l&cat=p&typeid=i","cat":284624},{"id":205235,"n":"Serviettes Always Ultra Secure night -T4 - x9","p":2.08,"u":"0,23 €/P","img":"https://fd2-photos.leclercdrive.fr/image.ashx?id=2851330&use=l&cat=p&typeid=i","cat":284624},{"id":205239,"n":"Nettoyant four Decapfour Confort - 500ml","p":3.75,"u":"7,50 €/L","img":"https://fd2-photos.leclercdrive.fr/image.ashx?id=2499669&use=l&cat=p&typeid=i","cat":325363},{"id":205311,"n":"Masque Remède Garnier Cheveux normaux à gras - 340ml","p":5.2,"u":"15,29 €/L","img":"https://fd2-photos.leclercdrive.fr/image.ashx?id=2500171&use=l&cat=p&typeid=i","cat":284608},{"id":205317,"n":"Après-Shampooing Garnier Cheveux normaux à gras - 200ml","p":2.51,"u":"12,55 €/L","img":"https://fd2-photos.leclercdrive.fr/image.ashx?id=2500174&use=l&cat=p&typeid=i","cat":284607},{"id":205318,"n":"Shampoing charbon Ultra Doux Equilibrant - 250ml","p":2.47,"u":"9,88 €/L","img":"https://fd2-photos.leclercdrive.fr/image.ashx?id=2500177&use=l&cat=p&typeid=i","cat":284606},{"id":205327,"n":"Pâte Nocciolata Bio cacao 250g","p":3.44,"u":"13,76 €/KG","img":"https://fd2-photos.leclercdrive.fr/image.ashx?id=2807897&use=l&cat=p&typeid=i","cat":284481},{"id":205344,"n":"Pâte à tartiner Nocciolata  Bio cacao Noisettes - 650g","p":6.96,"u":"10,71 €/KG","img":"https://fd2-photos.leclercdrive.fr/image.ashx?id=2883248&use=l&cat=p&typeid=i","cat":284481},{"id":205347,"n":"Pâte à Nocciolata  Bio Cacao - 250g","p":3.1,"u":"12,40 €/KG","img":"https://fd2-photos.leclercdrive.fr/image.ashx?id=2883251&use=l&cat=p&typeid=i","cat":284481},{"id":205459,"n":"Sandwich Wraper's Sodebo  Poulet Bacon - 190g","p":2.72,"u":"14,32 €/KG","img":"https://fd2-photos.leclercdrive.fr/image.ashx?id=2886789&use=l&cat=p&typeid=i","cat":333658},{"id":205520,"n":"Crème glacée La Laitière Rhum Raisins - 490g","p":3.24,"pp":2.27,"u":"4,63 €/KG","img":"https://fd2-photos.leclercdrive.fr/image.ashx?id=2877877&use=l&cat=p&typeid=i","cat":284263},{"id":205522,"n":"Shampoing Réparateur Elsève Pro Bond Repair - 200ml","p":5.18,"u":"25,90 €/L","img":"https://fd2-photos.leclercdrive.fr/image.ashx?id=3008779&use=l&cat=p&typeid=i","cat":284606},{"id":205525,"n":"Démêlant Intense Elsève Pro Bond Repair - 150ml","p":5.15,"u":"34,33 €/L","img":"https://fd2-photos.leclercdrive.fr/image.ashx?id=3008782&use=l&cat=p&typeid=i","cat":284607},{"id":205892,"n":"Nettoyant multi-usages Mr Propre - Savon noir - 1L","p":2.5,"u":"2,50 €/L","img":"https://fd2-photos.leclercdrive.fr/image.ashx?id=2889976&use=l&cat=p&typeid=i","cat":284907},{"id":205957,"n":"Fromage Persillée Bresse Bleu Le véritable - 300g","p":3.98,"u":"13,27 €/KG","img":"https://fd2-photos.leclercdrive.fr/image.ashx?id=2926515&use=l&cat=p&typeid=i","cat":314032},{"id":206109,"n":"Papier toilette Le Trèfle Maxi douceur - x4 maxi rouleaux","p":3.85,"u":"0,96 €/P","img":"https://fd2-photos.leclercdrive.fr/image.ashx?id=2790288&use=l&cat=p&typeid=i","cat":284634},{"id":206122,"n":"Liquide vaisselle Rainett Concentré - Framboise - 500ml","p":1.83,"u":"3,66 €/L","img":"https://fd2-photos.leclercdrive.fr/image.ashx?id=2508792&use=l&cat=p&typeid=i","cat":284655},{"id":206125,"n":"Riz parfumé  1kg","p":2.29,"u":"2,29 €/KG","img":"https://fd2-photos.leclercdrive.fr/image.ashx?id=2515521&use=l&cat=p&typeid=i","cat":284428},{"id":206126,"n":"Infusion La Tisanière Nuit calme - x20 - 28g","p":2.5,"u":"89,29 €/KG","img":"https://fd2-photos.leclercdrive.fr/image.ashx?id=2907863&use=l&cat=p&typeid=i","cat":293234},{"id":206128,"n":"Pâte à tartiner Nocciolata Bio Praliné Noisettes - 250g","p":3.28,"u":"13,12 €/KG","img":"https://fd2-photos.leclercdrive.fr/image.ashx?id=2883254&use=l&cat=p&typeid=i","cat":284481},{"id":206138,"n":"Boisson concentrée Teisseire Grenadine zéro sucres - 1,3L","p":4.74,"u":"3,65 €/L","img":"https://fd2-photos.leclercdrive.fr/image.ashx?id=2508585&use=l&cat=p&typeid=i","cat":295020},{"id":206139,"n":"Sirop Teisseire Cassis - 60cl","p":3.3,"u":"5,50 €/L","img":"https://fd2-photos.leclercdrive.fr/image.ashx?id=2508588&use=l&cat=p&typeid=i","cat":295020},{"id":206140,"n":"Sirop concentré Teisseire Citron vert - 60cl","p":3.3,"u":"5,50 €/L","img":"https://fd2-photos.leclercdrive.fr/image.ashx?id=2508591&use=l&cat=p&typeid=i","cat":295020},{"id":206142,"n":"Sirop Teisseire  Fraise - 60cl","p":3.3,"u":"5,50 €/L","img":"https://fd2-photos.leclercdrive.fr/image.ashx?id=2771750&use=l&cat=p&typeid=i","cat":295020},{"id":206143,"n":"Sirop Teisseire  Pêche - 60cl","p":3.3,"u":"5,50 €/L","img":"https://fd2-photos.leclercdrive.fr/image.ashx?id=2508597&use=l&cat=p&typeid=i","cat":295020},{"id":206144,"n":"Boisson concentrée Teisseire A diluer grenadine Zéro - 60cl","p":2.7,"u":"4,50 €/L","img":"https://fd2-photos.leclercdrive.fr/image.ashx?id=2508600&use=l&cat=p&typeid=i","cat":295020},{"id":206147,"n":"Boisson concentrée Teisseire Menthe verte sans sucres - 60cl","p":2.7,"u":"4,50 €/L","img":"https://fd2-photos.leclercdrive.fr/image.ashx?id=2508603&use=l&cat=p&typeid=i","cat":295020},{"id":206149,"n":"Boisson concentrée Teisseire Citron sans sucres - 60cl","p":2.8,"u":"4,67 €/L","img":"https://fd2-photos.leclercdrive.fr/image.ashx?id=2508606&use=l&cat=p&typeid=i","cat":295020},{"id":206154,"n":"Saucisson Herta  Fuet - 180g","p":2.7,"u":"15,00 €/KG","img":"https://fd2-photos.leclercdrive.fr/image.ashx?id=2767648&use=l&cat=p&typeid=i","cat":316006},{"id":206157,"n":"Pizza Del Gusto Mix Buffet L'Orientale - 380g","p":5.89,"u":"15,50 €/KG","img":"https://fd2-photos.leclercdrive.fr/image.ashx?id=2677441&use=l&cat=p&typeid=i","cat":333679},{"id":206163,"n":"Sirop Teisseire  Menthe verte - 60cl","p":2.25,"u":"3,75 €/L","img":"https://fd2-photos.leclercdrive.fr/image.ashx?id=2772726&use=l&cat=p&typeid=i","cat":295020},{"id":206164,"n":"Sirop Teisseire  Grenadine - 60cl","p":2.2,"u":"3,67 €/L","img":"https://fd2-photos.leclercdrive.fr/image.ashx?id=2772729&use=l&cat=p&typeid=i","cat":295020},{"id":206165,"n":"Citronnade Pulco 50cl","p":1.09,"u":"2,18 €/L","img":"https://fd2-photos.leclercdrive.fr/image.ashx?id=2941529&use=l&cat=p&typeid=i","cat":295018},{"id":206169,"n":"Sirop Tesseire Citron - 60cl","p":2.25,"u":"3,75 €/L","img":"https://fd2-photos.leclercdrive.fr/image.ashx?id=2771747&use=l&cat=p&typeid=i","cat":295020},{"id":206172,"n":"Biscuits Kinder Tronky fourrés Cacao et au lait  - 90g","p":2.18,"u":"24,22 €/KG","img":"https://fd2-photos.leclercdrive.fr/image.ashx?id=2916462&use=l&cat=p&typeid=i","cat":284488},{"id":206297,"n":"Litière chats Tous mes Amis Agglomérante - 10L","p":4.35,"u":"0,44 €/L","img":"https://fd2-photos.leclercdrive.fr/image.ashx?id=2580261&use=l&cat=p&typeid=i","cat":284683},{"id":206312,"n":"Litière chats Tous mes Amis Minérale absorbante - 13L","p":6.02,"u":"0,46 €/L","img":"https://fd2-photos.leclercdrive.fr/image.ashx?id=2517830&use=l&cat=p&typeid=i","cat":284683},{"id":206534,"n":"Dos de lieu noir Eco+ 200g","p":3.9,"u":"19,50 €/KG","img":"https://fd2-photos.leclercdrive.fr/image.ashx?id=2966716&use=l&cat=p&typeid=i","cat":284342},{"id":206577,"n":"Crème fluide UHT Président Secret de Crème - 3x20cl","p":3.61,"u":"6,02 €/L","img":"https://fd2-photos.leclercdrive.fr/image.ashx?id=2678999&use=l&cat=p&typeid=i","cat":284381},{"id":206582,"n":"Liquide vaiselle Paic Bi Activ Vinaigre et citron - 750ml","p":2.98,"u":"3,97 €/L","img":"https://fd2-photos.leclercdrive.fr/image.ashx?id=2966797&use=l&cat=p&typeid=i","cat":284655},{"id":206606,"n":"Bâtonnets Trium Vanille chocolat blanc x4 314g","p":2.8,"u":"8,92 €/KG","img":"https://fd2-photos.leclercdrive.fr/image.ashx?id=2791392&use=l&cat=p&typeid=i","cat":284265},{"id":206614,"n":"Thé glacé Oasis Ice Tea Saveur Pêche - 6x33cl","p":3.48,"u":"1,76 €/L","img":"https://fd2-photos.leclercdrive.fr/image.ashx?id=2873865&use=l&cat=p&typeid=i","cat":295019},{"id":206615,"n":"Boisson aux fruits Oasis Tropical sans sucres - 1,5L","p":2.34,"u":"1,56 €/L","img":"https://fd2-photos.leclercdrive.fr/image.ashx?id=2681739&use=l&cat=p&typeid=i","cat":295018},{"id":206617,"n":"Lessive liquide Arbre Vert Recharge x34 - 1.53L","p":5.95,"u":"3,89 €/L","img":"https://fd2-photos.leclercdrive.fr/image.ashx?id=2680209&use=l&cat=p&typeid=i","cat":284640},{"id":206709,"n":"Crabes farcis  La Compagnie Artique x2 - 250g","p":5.28,"u":"21,12 €/KG","img":"https://fd2-photos.leclercdrive.fr/image.ashx?id=2516320&use=l&cat=p&typeid=i","cat":319775},{"id":206721,"n":"Sundae Ben & Jerry's Dulce de-delish - 342g","p":4.79,"u":"13,69 €/KG","img":"https://fd2-photos.leclercdrive.fr/image.ashx?id=2805654&use=l&cat=p&typeid=i","cat":284725},{"id":206725,"n":"Bâtonnet Magnum Double Sunlover x4 - 300g","p":3.75,"u":"12,50 €/KG","img":"https://fd2-photos.leclercdrive.fr/image.ashx?id=2886397&use=l&cat=p&typeid=i","cat":284265},{"id":206726,"n":"Glace Bâtonnet MAGNUM Double Caramel 4x85ml","p":2.84,"u":"10,00 €/KG","img":"https://fd2-photos.leclercdrive.fr/image.ashx?id=2770626&use=l&cat=p&typeid=i","cat":284265},{"id":206727,"n":"Bâtonnet Magnum Double Chocolat x4 - 284g","p":2.84,"u":"10,00 €/KG","img":"https://fd2-photos.leclercdrive.fr/image.ashx?id=3009284&use=l&cat=p&typeid=i","cat":284265},{"id":206804,"n":"Fromage apéritif Apéricube Jambon 15 cubes","p":1.64,"u":"21,03 €/KG","img":"https://fd2-photos.leclercdrive.fr/image.ashx?id=2882659&use=l&cat=p&typeid=i","cat":314027},{"id":206893,"n":"Tranches de chèvre Soignon  150g","p":2.91,"u":"19,40 €/KG","img":"https://fd2-photos.leclercdrive.fr/image.ashx?id=2762229&use=l&cat=p&typeid=i","cat":314028},{"id":206935,"n":"Thon entier Eco+ 140g","p":1.33,"u":"9,50 €/KG","img":"https://fd2-photos.leclercdrive.fr/image.ashx?id=2744440&use=l&cat=p&typeid=i","cat":303867},{"id":206950,"n":"Gaufrettes P'tit Déli Fourrés - 128g","p":1.59,"u":"12,42 €/KG","img":"https://fd2-photos.leclercdrive.fr/image.ashx?id=2842522&use=l&cat=p&typeid=i","cat":284488},{"id":206953,"n":"Tortilla chips chili Eco+ 300g","p":1.14,"u":"3,80 €/KG","img":"https://fd2-photos.leclercdrive.fr/image.ashx?id=2839818&use=l&cat=p&typeid=i","cat":287899},{"id":206981,"n":"Rôti de poulet Fleury Michon 100% filet CSN x4 - 150g","p":2.46,"u":"16,40 €/KG","img":"https://fd2-photos.leclercdrive.fr/image.ashx?id=2892670&use=l&cat=p&typeid=i","cat":316010},{"id":206985,"n":"Haché de jambon Fleury Michon À poêler x2 - 190g","p":1.72,"u":"9,05 €/KG","img":"https://fd2-photos.leclercdrive.fr/image.ashx?id=2518649&use=l&cat=p&typeid=i","cat":316009},{"id":206987,"n":"Haché jambon fromage  Fleury Michon x2 - 180g","p":2.36,"u":"13,11 €/KG","img":"https://fd2-photos.leclercdrive.fr/image.ashx?id=2522164&use=l&cat=p&typeid=i","cat":316009},{"id":206990,"n":"Haché de poulet Fleury Michon À poêler x2 - 160g","p":1.58,"u":"9,88 €/KG","img":"https://fd2-photos.leclercdrive.fr/image.ashx?id=2524709&use=l&cat=p&typeid=i","cat":316010},{"id":206994,"n":"Allumettes de poulet  Fleury Michon x2 - 150g","p":1.73,"u":"11,53 €/KG","img":"https://fd2-photos.leclercdrive.fr/image.ashx?id=2659647&use=l&cat=p&typeid=i","cat":316011},{"id":206995,"n":"Cocktail prêt à boire Tails Rhum Daiquiri 14,9° - 50cl","p":14.9,"u":"29,80 €/L","img":"https://fd2-photos.leclercdrive.fr/image.ashx?id=2859860&use=l&cat=p&typeid=i","cat":284551},{"id":206996,"n":"Cocktail prêt à boire Tails Cosmo framboise 14,9° - 50cl","p":14.89,"u":"29,78 €/L","img":"https://fd2-photos.leclercdrive.fr/image.ashx?id=2858279&use=l&cat=p&typeid=i","cat":284551},{"id":206997,"n":"Couscous à la marocaine légumes Fleury Michon - 450g","p":3.06,"u":"6,80 €/KG","img":"https://fd2-photos.leclercdrive.fr/image.ashx?id=2656724&use=l&cat=p&typeid=i","cat":333665},{"id":207010,"n":"Aiguillettes de poulet rôti Fleury Michon - CSN - 150g","p":2.39,"u":"15,93 €/KG","img":"https://fd2-photos.leclercdrive.fr/image.ashx?id=2642555&use=l&cat=p&typeid=i","cat":316011},{"id":207017,"n":"Monster Top Speed Zero 50CL","p":1.48,"u":"2,96 €/L","img":"https://fd2-photos.leclercdrive.fr/image.ashx?id=2861174&use=l&cat=p&typeid=i","cat":284533},{"id":207042,"n":"Sirop Teisseire Grenadine Bidon mega - 1.3L","p":5.23,"u":"4,02 €/L","img":"https://fd2-photos.leclercdrive.fr/image.ashx?id=2519480&use=l&cat=p&typeid=i","cat":295020},{"id":207043,"n":"Lessive Liquide L'Arbre Vert Savon végétal 45 lavages 2,025L","p":8.39,"u":"4,14 €/L","img":"https://fd2-photos.leclercdrive.fr/image.ashx?id=3008542&use=l&cat=p&typeid=i","cat":284640},{"id":207044,"n":"Recharge Lessive l'Arbre Vert Amande Douce 34 lavages 1,53L","p":6.18,"u":"4,04 €/L","img":"https://fd2-photos.leclercdrive.fr/image.ashx?id=2684503&use=l&cat=p&typeid=i","cat":284640},{"id":207069,"n":"Glace Extrême Mini Fraise Vanille - x8 - 312g","p":4.43,"u":"14,20 €/KG","img":"https://fd2-photos.leclercdrive.fr/image.ashx?id=2732941&use=l&cat=p&typeid=i","cat":284264},{"id":207074,"n":"Vaisselle mains L'Arbre Vert Peaux sensibles - 500ml","p":1.59,"u":"3,18 €/L","img":"https://fd2-photos.leclercdrive.fr/image.ashx?id=2845428&use=l&cat=p&typeid=i","cat":284655},{"id":207075,"n":"Vaisselle Main L'Arbre Vert Amande - 500ml","p":1.55,"u":"3,10 €/L","img":"https://fd2-photos.leclercdrive.fr/image.ashx?id=2845431&use=l&cat=p&typeid=i","cat":284655},{"id":207137,"n":"Assouplissant Minidou Vent de fraîcheur - 1L - x50","p":4.5,"u":"4,50 €/L","img":"https://fd2-photos.leclercdrive.fr/image.ashx?id=2795887&use=l&cat=p&typeid=i","cat":284650},{"id":207139,"n":"Serviettes hygiéniques Always  Ultra - Secure night - x18","p":4.68,"u":"0,26 €/P","img":"https://fd2-photos.leclercdrive.fr/image.ashx?id=2849436&use=l&cat=p&typeid=i","cat":284624},{"id":207140,"n":"Serviettes hygiéniques Always Ultra - Secure night extra- x16","p":3.87,"u":"0,24 €/P","img":"https://fd2-photos.leclercdrive.fr/image.ashx?id=3000878&use=l&cat=p&typeid=i","cat":284624},{"id":207141,"n":"Préservatifs Durex Nude Extra Fins Peau contre Peau x10","p":6.79,"u":"0,68 €/P","img":"https://fd2-photos.leclercdrive.fr/image.ashx?id=2962017&use=l&cat=p&typeid=i","cat":284631},{"id":207154,"n":"Thon naturel Petit Navire 112g","p":2.23,"u":"19,91 €/KG","img":"https://fd2-photos.leclercdrive.fr/image.ashx?id=3003092&use=l&cat=p&typeid=i","cat":303867},{"id":207155,"n":"Cocktail prêt à boire Tails Fruit de la passion 14,9° -50cl","p":14.93,"u":"29,86 €/L","img":"https://fd2-photos.leclercdrive.fr/image.ashx?id=2858273&use=l&cat=p&typeid=i","cat":284551},{"id":207173,"n":"Sauce nems Tanoshi 150ml","p":2.06,"u":"13,73 €/L","img":"https://fd2-photos.leclercdrive.fr/image.ashx?id=2921615&use=l&cat=p&typeid=i","cat":288992},{"id":207181,"n":"Sucre Saint Louis Spécial Espresso - 1kg","p":2.19,"u":"2,19 €/KG","img":"https://fd2-photos.leclercdrive.fr/image.ashx?id=2521413&use=l&cat=p&typeid=i","cat":284502},{"id":207198,"n":"Recharge lessive liquide  Rainette Aloe vera - 1.6L","p":6.26,"u":"3,91 €/L","img":"https://fd2-photos.leclercdrive.fr/image.ashx?id=2858684&use=l&cat=p&typeid=i","cat":284640},{"id":207199,"n":"Recharge lessive liquide  Rainett Savon de Marseille 1.6L","p":6.49,"u":"4,06 €/L","img":"https://fd2-photos.leclercdrive.fr/image.ashx?id=2842129&use=l&cat=p&typeid=i","cat":284640},{"id":207226,"n":"Bâtonnet Magnum Mini Double Caramel x6 - 282g","p":3.48,"u":"12,34 €/KG","img":"https://fd2-photos.leclercdrive.fr/image.ashx?id=2805648&use=l&cat=p&typeid=i","cat":284265},{"id":207262,"n":"Capsules Nescafé Dolce Gusto  Grande - x16","p":4.53,"u":"33,31 €/KG","img":"https://fd2-photos.leclercdrive.fr/image.ashx?id=2964153&use=l&cat=p&typeid=i","cat":293239},{"id":207342,"n":"Haut de cuisse de poulet blanc Le Gauois Les Accessibles - 2kg","p":9.55,"u":"4,78 €/KG","img":"https://fd2-photos.leclercdrive.fr/image.ashx?id=2831984&use=l&cat=p&typeid=i","cat":284336},{"id":207344,"n":"Pilons de poulet blanc  Le Gaulois Les Accessibles- 2kg","p":10.3,"u":"5,15 €/KG","img":"https://fd2-photos.leclercdrive.fr/image.ashx?id=2830255&use=l&cat=p&typeid=i","cat":284336},{"id":207347,"n":"Galettes de blé noir Trégalette x4 - 240g","p":2.99,"u":"12,46 €/KG","img":"https://fd2-photos.leclercdrive.fr/image.ashx?id=2524976&use=l&cat=p&typeid=i","cat":333672},{"id":207351,"n":"Coquilles St-Jacques Maréval x4 - 440g","p":16.2,"pp":10.69,"u":"24,30 €/KG","img":"https://fd2-photos.leclercdrive.fr/image.ashx?id=2526130&use=l&cat=p&typeid=i","cat":319775},{"id":207396,"n":"Galettes moelleuses St Michel Marbrée Chocolat - 180g","p":1.79,"u":"9,94 €/KG","img":"https://fd2-photos.leclercdrive.fr/image.ashx?id=2936263&use=l&cat=p&typeid=i","cat":284487},{"id":207401,"n":"Adoucissant Soupline  Éclat de Fraîcheur - 28p","p":6.04,"u":"0,22 €/P","img":"https://fd2-photos.leclercdrive.fr/image.ashx?id=2583509&use=l&cat=p&typeid=i","cat":284650},{"id":207412,"n":"Bâtonnets Nuii Mini Adventure Pecan Cookie Cream x6 - 255g","p":5.03,"u":"19,73 €/KG","img":"https://fd2-photos.leclercdrive.fr/image.ashx?id=2525537&use=l&cat=p&typeid=i","cat":284265},{"id":207456,"n":"Purée de fruits Eco+ x8 - 800g","p":1.79,"u":"2,24 €/KG","img":"https://fd2-photos.leclercdrive.fr/image.ashx?id=2523507&use=l&cat=p&typeid=i","cat":284416},{"id":207457,"n":"Yaourt nature sucré Eco+ 4x125g","p":0.89,"u":"1,78 €/KG","img":"https://fd2-photos.leclercdrive.fr/image.ashx?id=2523510&use=l&cat=p&typeid=i","cat":284409},{"id":207458,"n":"Pizza La Royale Pizzaiolo 478g","p":4.29,"u":"8,97 €/KG","img":"https://fd2-photos.leclercdrive.fr/image.ashx?id=2965256&use=l&cat=p&typeid=i","cat":284256},{"id":207460,"n":"Crème glacée La Laitière Vanille bourbon - 490g","p":3.24,"pp":2.27,"u":"4,63 €/KG","img":"https://fd2-photos.leclercdrive.fr/image.ashx?id=3000009&use=l&cat=p&typeid=i","cat":284263},{"id":207467,"n":"Moutarde Forte Amora 430g","p":1.45,"u":"3,37 €/KG","img":"https://fd2-photos.leclercdrive.fr/image.ashx?id=2526079&use=l&cat=p&typeid=i","cat":288850},{"id":207471,"n":"Moutarde Mi-forte Amora 415g","p":1.43,"u":"3,45 €/KG","img":"https://fd2-photos.leclercdrive.fr/image.ashx?id=2993176&use=l&cat=p&typeid=i","cat":288850},{"id":207476,"n":"Moutarde de Dijon Fine MAILLE L'Original Bocal - 360g","p":1.4,"u":"3,89 €/KG","img":"https://fd2-photos.leclercdrive.fr/image.ashx?id=2945841&use=l&cat=p&typeid=i","cat":288850},{"id":207478,"n":"Moutarde à l'Ancienne MAILLE Bocal - 360g","p":2.27,"u":"6,31 €/KG","img":"https://fd2-photos.leclercdrive.fr/image.ashx?id=2664307&use=l&cat=p&typeid=i","cat":288850},{"id":207480,"n":"Crème glacée La Laitière Caramel Beurre salé - 490g","p":3.24,"pp":2.27,"u":"4,63 €/KG","img":"https://fd2-photos.leclercdrive.fr/image.ashx?id=2877883&use=l&cat=p&typeid=i","cat":284263},{"id":207481,"n":"Bâtonnets de glace Nuii Chocolat et noisettes - 272g","p":4.49,"u":"16,51 €/KG","img":"https://fd2-photos.leclercdrive.fr/image.ashx?id=2525546&use=l&cat=p&typeid=i","cat":284265},{"id":207489,"n":"Pizza Feu de bois Turini Saisonnière - 450g","p":2.99,"u":"6,64 €/KG","img":"https://fd2-photos.leclercdrive.fr/image.ashx?id=2816618&use=l&cat=p&typeid=i","cat":284256},{"id":207491,"n":"Cône Extrême Nestle Coco  Mangue - x6 - 414g","p":4.84,"u":"11,69 €/KG","img":"https://fd2-photos.leclercdrive.fr/image.ashx?id=2844579&use=l&cat=p&typeid=i","cat":284264},{"id":207492,"n":"Crème glacée La Laitière Vanille pécan - 490g","p":3.44,"pp":2.41,"u":"4,92 €/KG","img":"https://fd2-photos.leclercdrive.fr/image.ashx?id=3000015&use=l&cat=p&typeid=i","cat":284263},{"id":207528,"n":"Lessive liquide L'Arbre Vert Peaux sensibles - x34 - 1.53L","p":6.6,"u":"4,31 €/L","img":"https://fd2-photos.leclercdrive.fr/image.ashx?id=3008536&use=l&cat=p&typeid=i","cat":284640},{"id":207529,"n":"Recharge lessive L'Arbre Vert Peaux sensibles - x34 - 1.53L","p":6.34,"u":"4,14 €/L","img":"https://fd2-photos.leclercdrive.fr/image.ashx?id=2680212&use=l&cat=p&typeid=i","cat":284640},{"id":207530,"n":"Vaisselle mains L'Arbre Vert Peaux sensibles - 750ml","p":1.77,"u":"2,36 €/L","img":"https://fd2-photos.leclercdrive.fr/image.ashx?id=2850575&use=l&cat=p&typeid=i","cat":284655},{"id":207540,"n":"Croûtons Tipiak Ail - 75g","p":1.49,"u":"19,87 €/KG","img":"https://fd2-photos.leclercdrive.fr/image.ashx?id=2684461&use=l&cat=p&typeid=i","cat":284464},{"id":207549,"n":"Shampoing purifiant Ultra Doux Force et Brillance - 300ml","p":2.91,"u":"9,70 €/L","img":"https://fd2-photos.leclercdrive.fr/image.ashx?id=2878072&use=l&cat=p&typeid=i","cat":284606},{"id":207627,"n":"ST MARC Pistolet Antibactérien - 750ml","p":1.69,"u":"2,25 €/L","img":"https://fd2-photos.leclercdrive.fr/image.ashx?id=2528054&use=l&cat=p&typeid=i","cat":325357},{"id":208385,"n":"Capsules café L'Or Espresso Delizioso N°5 x50","p":13.66,"u":"52,54 €/KG","img":"https://fd2-photos.leclercdrive.fr/image.ashx?id=2788064&use=l&cat=p&typeid=i","cat":284749},{"id":208417,"n":"Capsules café L'Or Espresso Ristretto N°11 x50","p":13.66,"u":"52,54 €/KG","img":"https://fd2-photos.leclercdrive.fr/image.ashx?id=3000474&use=l&cat=p&typeid=i","cat":284749},{"id":208419,"n":"Infusion Elephant Mure Myrtille vanille 40g","p":2.29,"u":"57,25 €/KG","img":"https://fd2-photos.leclercdrive.fr/image.ashx?id=2530278&use=l&cat=p&typeid=i","cat":293234},{"id":208426,"n":"Infusion Eléphant Tilleul Citron  - x20 - 28g","p":2.29,"u":"81,79 €/KG","img":"https://fd2-photos.leclercdrive.fr/image.ashx?id=2530284&use=l&cat=p&typeid=i","cat":293234},{"id":208484,"n":"Chips paysanne Lay's Saveur Oignon de Roscoff - 120g","p":1.51,"u":"12,58 €/KG","img":"https://fd2-photos.leclercdrive.fr/image.ashx?id=2810777&use=l&cat=p&typeid=i","cat":284447},{"id":208507,"n":"AOC Rosé d'Anjou rosé Plessis-Duval - 75cl","p":5.66,"u":"7,55 €/L","img":"https://fd2-photos.leclercdrive.fr/image.ashx?id=2731789&use=l&cat=p&typeid=i","cat":289558},{"id":208515,"n":"Nouilles aux crevettes Marie  280g","p":3.07,"u":"10,96 €/KG","img":"https://fd2-photos.leclercdrive.fr/image.ashx?id=2530558&use=l&cat=p&typeid=i","cat":333665},{"id":208616,"n":"Biscuits Bonne Maman La pause choco - 235g","p":2.67,"u":"11,36 €/KG","img":"https://fd2-photos.leclercdrive.fr/image.ashx?id=2533022&use=l&cat=p&typeid=i","cat":284488},{"id":208632,"n":"Crème glacée La Laitière Crème brulée - 490g","p":3.24,"pp":2.27,"u":"4,63 €/KG","img":"https://fd2-photos.leclercdrive.fr/image.ashx?id=2877880&use=l&cat=p&typeid=i","cat":284263},{"id":208636,"n":"Purée Mousline Crème et noix de muscade - 500g","p":3.32,"u":"6,64 €/KG","img":"https://fd2-photos.leclercdrive.fr/image.ashx?id=3011728&use=l&cat=p&typeid=i","cat":284431},{"id":208638,"n":"Purée Mousline x3 sachets - 195g","p":1.41,"u":"7,23 €/KG","img":"https://fd2-photos.leclercdrive.fr/image.ashx?id=3004414&use=l&cat=p&typeid=i","cat":284431},{"id":208642,"n":"Purée Mousline x4 - 520g","p":2.24,"u":"4,31 €/KG","img":"https://fd2-photos.leclercdrive.fr/image.ashx?id=3011734&use=l&cat=p&typeid=i","cat":284431},{"id":208651,"n":"Purée Mousline  x8 - 1.04 kg","p":4.55,"u":"4,38 €/KG","img":"https://fd2-photos.leclercdrive.fr/image.ashx?id=2986780&use=l&cat=p&typeid=i","cat":284431},{"id":208656,"n":"Sauce Apéro Florette Ail & Ciboulette - 175g","p":2.54,"u":"14,51 €/KG","img":"https://fd2-photos.leclercdrive.fr/image.ashx?id=2962767&use=l&cat=p&typeid=i","cat":284382},{"id":208658,"n":"Biscuit P'tit Deli Chocolat lait blanc - 150g","p":1.75,"u":"11,67 €/KG","img":"https://fd2-photos.leclercdrive.fr/image.ashx?id=2684835&use=l&cat=p&typeid=i","cat":284488},{"id":208680,"n":"Rosti","p":5.87,"u":"10,48 €/KG","img":"https://fd2-photos.leclercdrive.fr/image.ashx?id=2533049&use=l&cat=p&typeid=i","cat":284331},{"id":208683,"n":"Sauce Apéro Florette Fines herbes - 175g","p":2.73,"u":"15,60 €/KG","img":"https://fd2-photos.leclercdrive.fr/image.ashx?id=2962764&use=l&cat=p&typeid=i","cat":284382},{"id":208747,"n":"Café en grains L'OR Brésil 100% Arabica N° 5 900g","p":19.15,"u":"21,28 €/KG","img":"https://fd2-photos.leclercdrive.fr/image.ashx?id=2851348&use=l&cat=p&typeid=i","cat":293237},{"id":208749,"n":"Riz long grain 10 min Lustucru  x5 - 900g","p":2.16,"u":"2,40 €/KG","img":"https://fd2-photos.leclercdrive.fr/image.ashx?id=2963739&use=l&cat=p&typeid=i","cat":284428},{"id":208750,"n":"Purée Mousline x3 - 375g","p":2.46,"u":"6,56 €/KG","img":"https://fd2-photos.leclercdrive.fr/image.ashx?id=2940135&use=l&cat=p&typeid=i","cat":284431},{"id":208751,"n":"Riz long grain 10 min Lustucru x5 - 450g","p":1.44,"u":"3,20 €/KG","img":"https://fd2-photos.leclercdrive.fr/image.ashx?id=2955830&use=l&cat=p&typeid=i","cat":284428},{"id":208786,"n":"Thé glacé Lipton Ice Tea Pêche La bouteille de 1.25L","p":1.41,"u":"1,13 €/L","img":"https://fd2-photos.leclercdrive.fr/image.ashx?id=2731567&use=l&cat=p&typeid=i","cat":295019},{"id":208788,"n":"Thé glacé Lipton Ice Tea Pêche  Sans sucres bouteille de 1.25L","p":1.55,"u":"1,24 €/L","img":"https://fd2-photos.leclercdrive.fr/image.ashx?id=2731570&use=l&cat=p&typeid=i","cat":295019},{"id":208806,"n":"Grilletine blé complet Pasquier Sans sucre ajouté - 255g","p":2.31,"u":"9,06 €/KG","img":"https://fd2-photos.leclercdrive.fr/image.ashx?id=2533559&use=l&cat=p&typeid=i","cat":284479},{"id":208937,"n":"Barre protéinée Joyfuel Cookie Dough 55g","p":2.69,"u":"48,91 €/KG","img":"https://fd2-photos.leclercdrive.fr/image.ashx?id=2662057&use=l&cat=p&typeid=i","cat":318652},{"id":209057,"n":"Céréales bébé P'TITE CEREALE chocolat biscuit 12M+ - 415g","p":3.02,"u":"7,28 €/KG","img":"https://fd2-photos.leclercdrive.fr/image.ashx?id=2537303&use=l&cat=p&typeid=i","cat":312225},{"id":209061,"n":"Sauce pesto Florelli A la genovese - 190g","p":2.09,"u":"11,00 €/KG","img":"https://fd2-photos.leclercdrive.fr/image.ashx?id=2787452&use=l&cat=p&typeid=i","cat":299047},{"id":209064,"n":"Céréales bébé BABICAO Cacao 10M+ - 400g","p":3.48,"u":"8,70 €/KG","img":"https://fd2-photos.leclercdrive.fr/image.ashx?id=2537294&use=l&cat=p&typeid=i","cat":312225},{"id":209066,"n":"Céréales bébé P'TITE CEREALE Vanille Biscuit 12M+ - 415g","p":3.35,"u":"8,07 €/KG","img":"https://fd2-photos.leclercdrive.fr/image.ashx?id=2537297&use=l&cat=p&typeid=i","cat":312225},{"id":209094,"n":"Adoucissant Soupline Concentré Mandarine Vanille x60 - 1.28ml","p":5.58,"u":"4,36 €/L","img":"https://fd2-photos.leclercdrive.fr/image.ashx?id=2832572&use=l&cat=p&typeid=i","cat":284650},{"id":209113,"n":"Pâtes Collezione Barilla Farfalle Generose - 500g","p":1.72,"u":"3,44 €/KG","img":"https://fd2-photos.leclercdrive.fr/image.ashx?id=2654122&use=l&cat=p&typeid=i","cat":284427},{"id":209137,"n":"Blanc de poulet Tradilège Doré au four - 240g","p":1.97,"u":"8,21 €/KG","img":"https://fd2-photos.leclercdrive.fr/image.ashx?id=2925759&use=l&cat=p&typeid=i","cat":316010},{"id":209196,"n":"Pur jus Tropicana Réveil fruité - 90cl","p":2.94,"u":"3,27 €/L","img":"https://fd2-photos.leclercdrive.fr/image.ashx?id=2538431&use=l&cat=p&typeid=i","cat":285435},{"id":209208,"n":"Sauce soja Suzi Wan Sucrée - 135ml","p":1.78,"u":"13,19 €/KG","img":"https://fd2-photos.leclercdrive.fr/image.ashx?id=2892931&use=l&cat=p&typeid=i","cat":288992},{"id":209301,"n":"Thé vert glacé Lipton Ice Tea Citron vert menthe - 1.25L","p":1.74,"u":"1,39 €/L","img":"https://fd2-photos.leclercdrive.fr/image.ashx?id=2731579&use=l&cat=p&typeid=i","cat":295019},{"id":209302,"n":"Thé glacé Lipton Ice Tea Citron/citron vert - 1.25L","p":1.64,"u":"1,31 €/L","img":"https://fd2-photos.leclercdrive.fr/image.ashx?id=2731573&use=l&cat=p&typeid=i","cat":295019},{"id":209309,"n":"Thé glacé Lipton Ice Tea Framboise - 1.25L","p":1.73,"u":"1,38 €/L","img":"https://fd2-photos.leclercdrive.fr/image.ashx?id=2731588&use=l&cat=p&typeid=i","cat":295019},{"id":209327,"n":"Jambon Tranché Fin FleuryMichon Dégustation - x6 180g","p":2.9,"u":"16,11 €/KG","img":"https://fd2-photos.leclercdrive.fr/image.ashx?id=2889301&use=l&cat=p&typeid=i","cat":316009},{"id":209354,"n":"Courgettes cuisinées D'Aucy Provencale - 380g","p":2.35,"u":"6,18 €/KG","img":"https://fd2-photos.leclercdrive.fr/image.ashx?id=2570088&use=l&cat=p&typeid=i","cat":312612},{"id":209367,"n":"Sauce pesto rouge Florelli 190g","p":2.2,"u":"11,58 €/KG","img":"https://fd2-photos.leclercdrive.fr/image.ashx?id=2787455&use=l&cat=p&typeid=i","cat":289010},{"id":209368,"n":"Thé glacé Lipton Ice Tea Pêche La bouteille de 1.75L","p":1.78,"u":"1,02 €/L","img":"https://fd2-photos.leclercdrive.fr/image.ashx?id=2731594&use=l&cat=p&typeid=i","cat":295019},{"id":209398,"n":"Pizza Crousti Moelleuse Marie Margherita x3 - 1.2kg","p":9.69,"u":"8,08 €/KG","img":"https://fd2-photos.leclercdrive.fr/image.ashx?id=2996776&use=l&cat=p&typeid=i","cat":284256},{"id":209423,"n":"Yaourt bifidus Activia céréales Kiwi et aux fruits - 4x115g","p":2.44,"u":"5,30 €/KG","img":"https://fd2-photos.leclercdrive.fr/image.ashx?id=2901644&use=l&cat=p&typeid=i","cat":315000},{"id":209424,"n":"Yaourt bifidus Activia céréales Poire et aux fruits - 4x115g","p":2.27,"u":"4,93 €/KG","img":"https://fd2-photos.leclercdrive.fr/image.ashx?id=2901641&use=l&cat=p&typeid=i","cat":315000},{"id":209432,"n":"Skyr Danone Vanille 0%mg - 2x140g","p":2.0,"u":"7,14 €/KG","img":"https://fd2-photos.leclercdrive.fr/image.ashx?id=2944654&use=l&cat=p&typeid=i","cat":315000},{"id":209465,"n":"Sirop Teisseire Ice Tea Pêche Bidon - 60cl","p":3.3,"u":"5,50 €/L","img":"https://fd2-photos.leclercdrive.fr/image.ashx?id=2539710&use=l&cat=p&typeid=i","cat":295020},{"id":209472,"n":"Beurre Paysan Breton Sel de Guérande x20 -200g","p":2.72,"u":"13,60 €/KG","img":"https://fd2-photos.leclercdrive.fr/image.ashx?id=2774562&use=l&cat=p&typeid=i","cat":284379},{"id":209491,"n":"Couscous moyen Ferrero sachet -500g","p":1.49,"u":"2,98 €/KG","img":"https://fd2-photos.leclercdrive.fr/image.ashx?id=2869561&use=l&cat=p&typeid=i","cat":284429},{"id":209494,"n":"Salade & Cie Sodebo Roma Jambon Speck - 320g","p":3.06,"u":"9,56 €/KG","img":"https://fd2-photos.leclercdrive.fr/image.ashx?id=2732413&use=l&cat=p&typeid=i","cat":333657},{"id":209495,"n":"Salade & Cie Sodebo Manhattan Poulet rôti - 320g","p":2.92,"u":"9,13 €/KG","img":"https://fd2-photos.leclercdrive.fr/image.ashx?id=2732407&use=l&cat=p&typeid=i","cat":333657},{"id":209496,"n":"Salade & Cie Sodebo Montmartre Jambon supérieur - 320g","p":2.86,"u":"8,94 €/KG","img":"https://fd2-photos.leclercdrive.fr/image.ashx?id=2868945&use=l&cat=p&typeid=i","cat":333657},{"id":209510,"n":"Chips nature Lay's Sel - 250g","p":2.15,"u":"8,60 €/KG","img":"https://fd2-photos.leclercdrive.fr/image.ashx?id=2995073&use=l&cat=p&typeid=i","cat":284447},{"id":209514,"n":"Chips Lay's Nature - 135g","p":1.3,"u":"9,63 €/KG","img":"https://fd2-photos.leclercdrive.fr/image.ashx?id=2994482&use=l&cat=p&typeid=i","cat":284447},{"id":209557,"n":"Litière chats Eco+ Minérale agglomérante - 5L","p":1.8,"img":"https://fd2-photos.leclercdrive.fr/image.ashx?id=2545479&use=l&cat=p&typeid=i","cat":284683},{"id":209589,"n":"Pain Kebab La Boulangère x4 - 320g","p":1.42,"u":"5,46 €/KG","img":"https://fd2-photos.leclercdrive.fr/image.ashx?id=2912308&use=l&cat=p&typeid=i","cat":284985},{"id":209593,"n":"Brioche Muffin La Boulangère x5 - 250g","p":1.22,"u":"4,88 €/KG","img":"https://fd2-photos.leclercdrive.fr/image.ashx?id=2912443&use=l&cat=p&typeid=i","cat":284478},{"id":209597,"n":"Compote Allégée en sucres Eco+ Bocal pomme poire - 720g","p":1.13,"u":"1,57 €/KG","img":"https://fd2-photos.leclercdrive.fr/image.ashx?id=2953206&use=l&cat=p&typeid=i","cat":284508},{"id":209598,"n":"Compote Allégée en sucres Eco+ Bocal pomme banane - 720g","p":1.03,"u":"1,43 €/KG","img":"https://fd2-photos.leclercdrive.fr/image.ashx?id=2953209&use=l&cat=p&typeid=i","cat":284508},{"id":209599,"n":"Capsules café L'Or Espresso Lungo Profondo N°8 x50","p":15.7,"u":"60,38 €/KG","img":"https://fd2-photos.leclercdrive.fr/image.ashx?id=2540898&use=l&cat=p&typeid=i","cat":284749},{"id":209600,"n":"Capsules café L'Or Espresso Splendente N°7 x50","p":13.66,"u":"52,54 €/KG","img":"https://fd2-photos.leclercdrive.fr/image.ashx?id=3000477&use=l&cat=p&typeid=i","cat":284749},{"id":209601,"n":"Thé vert Lipton Menthe intense - x20 - 32g","p":1.53,"u":"47,81 €/KG","img":"https://fd2-photos.leclercdrive.fr/image.ashx?id=2540907&use=l&cat=p&typeid=i","cat":293233},{"id":209648,"n":"Briochettes pépites de chocolat Pasquier - 400g","p":2.36,"u":"5,90 €/KG","img":"https://fd2-photos.leclercdrive.fr/image.ashx?id=2541196&use=l&cat=p&typeid=i","cat":296366},{"id":209682,"n":"Mochi glacé  Caramel beurre salé - 210g","p":5.93,"u":"28,24 €/KG","img":"https://fd2-photos.leclercdrive.fr/image.ashx?id=2542483&use=l&cat=p&typeid=i","cat":284266},{"id":209686,"n":"Thé vert Lipton Myrtille et mure - x20 - 32g","p":2.83,"u":"88,44 €/KG","img":"https://fd2-photos.leclercdrive.fr/image.ashx?id=2542816&use=l&cat=p&typeid=i","cat":293233},{"id":209688,"n":"Thé vert menthe Lipton Asie - x30s - 48g","p":2.65,"u":"55,21 €/KG","img":"https://fd2-photos.leclercdrive.fr/image.ashx?id=2542819&use=l&cat=p&typeid=i","cat":293233},{"id":209691,"n":"Thé vert Lipton x30s - 39g","p":2.54,"u":"65,13 €/KG","img":"https://fd2-photos.leclercdrive.fr/image.ashx?id=2542822&use=l&cat=p&typeid=i","cat":293233},{"id":209719,"n":"Mini bâtonnets Magnum  Double Starchaser x6 - 282g","p":4.79,"u":"16,99 €/KG","img":"https://fd2-photos.leclercdrive.fr/image.ashx?id=2658434&use=l&cat=p&typeid=i","cat":284265},{"id":209722,"n":"Dessert Glacé Viennetta Caramel beurre salé - 320g","p":2.02,"u":"6,31 €/KG","img":"https://fd2-photos.leclercdrive.fr/image.ashx?id=2802836&use=l&cat=p&typeid=i","cat":284266},{"id":209724,"n":"Dessert Glacé Viennetta Chocolat -  320g","p":2.69,"u":"8,41 €/KG","img":"https://fd2-photos.leclercdrive.fr/image.ashx?id=3009287&use=l&cat=p&typeid=i","cat":284266},{"id":209733,"n":"Dessert Glacé Viennetta Vanille -  320g","p":1.99,"u":"6,22 €/KG","img":"https://fd2-photos.leclercdrive.fr/image.ashx?id=3009182&use=l&cat=p&typeid=i","cat":284266},{"id":209739,"n":"Adoucissant concentré Soupline Hypoallergénique 64 lav. 1,35L","p":4.84,"u":"3,59 €/L","img":"https://fd2-photos.leclercdrive.fr/image.ashx?id=2831185&use=l&cat=p&typeid=i","cat":284650},{"id":209759,"n":"Jambon Le Bon Paris Herta Sans nitrite x4 - 140g","p":3.37,"u":"24,07 €/KG","img":"https://fd2-photos.leclercdrive.fr/image.ashx?id=2881801&use=l&cat=p&typeid=i","cat":316009},{"id":209854,"n":"Thé vert citron Lipton Asie - x30 - 48g","p":2.57,"u":"53,54 €/KG","img":"https://fd2-photos.leclercdrive.fr/image.ashx?id=2544635&use=l&cat=p&typeid=i","cat":293233},{"id":209863,"n":"Gel anti-calcaire Calgon  4 en 1 - 750ml","p":5.05,"u":"6,73 €/L","img":"https://fd2-photos.leclercdrive.fr/image.ashx?id=2963475&use=l&cat=p&typeid=i","cat":284653},{"id":209865,"n":"Gel anti-calcaire Calgon  4 en 1 - 2,25L","p":12.79,"u":"5,68 €/L","img":"https://fd2-photos.leclercdrive.fr/image.ashx?id=2953932&use=l&cat=p&typeid=i","cat":284653},{"id":209869,"n":"Infusion Elephant Pomme cannelle - 36g","p":1.79,"u":"49,72 €/KG","img":"https://fd2-photos.leclercdrive.fr/image.ashx?id=2544614&use=l&cat=p&typeid=i","cat":293234},{"id":209872,"n":"Infusion Elephant  Pamplemousse Mandarine x20 38g","p":2.99,"u":"78,68 €/KG","img":"https://fd2-photos.leclercdrive.fr/image.ashx?id=2544620&use=l&cat=p&typeid=i","cat":293234},{"id":209875,"n":"Gel WC 100% Détartrant Harpic 5 min Chrono - 750ml","p":1.42,"u":"1,89 €/L","img":"https://fd2-photos.leclercdrive.fr/image.ashx?id=2864687&use=l&cat=p&typeid=i","cat":284662},{"id":209879,"n":"Spray nettoyant La Croix Salle de bain - 500ml","p":1.78,"u":"3,56 €/L","img":"https://fd2-photos.leclercdrive.fr/image.ashx?id=2544587&use=l&cat=p&typeid=i","cat":325357},{"id":209891,"n":"Nettoyant lave-vaisselle Finish  Intégral Anti-Odeurs - 250ml","p":3.19,"u":"12,76 €/L","img":"https://fd2-photos.leclercdrive.fr/image.ashx?id=2659735&use=l&cat=p&typeid=i","cat":284657},{"id":209893,"n":"Détachant poudre Vanish  940g","p":10.19,"u":"10,84 €/KG","img":"https://fd2-photos.leclercdrive.fr/image.ashx?id=2680308&use=l&cat=p&typeid=i","cat":284651},{"id":209894,"n":"Adoucissant concentré Soupline  Lavande 60 lavages 1,35 L","p":5.55,"u":"4,11 €/L","img":"https://fd2-photos.leclercdrive.fr/image.ashx?id=2912716&use=l&cat=p&typeid=i","cat":284650},{"id":209902,"n":"Nettoyant lave linge protection complète Dr Beckmann 50cl","p":5.16,"u":"10,32 €/L","img":"https://fd2-photos.leclercdrive.fr/image.ashx?id=2897291&use=l&cat=p&typeid=i","cat":284653},{"id":209996,"n":"Détachant Gel Vanish  750ml","p":5.8,"u":"7,73 €/L","img":"https://fd2-photos.leclercdrive.fr/image.ashx?id=2878108&use=l&cat=p&typeid=i","cat":284651},{"id":210011,"n":"Détachant poudre Vanish  Blanc - 940g","p":10.19,"u":"10,84 €/KG","img":"https://fd2-photos.leclercdrive.fr/image.ashx?id=2680311&use=l&cat=p&typeid=i","cat":284651},{"id":210015,"n":"Nettoyant ménager La Croix Spray - Ultra cuisine - 500ml","p":1.85,"u":"3,70 €/L","img":"https://fd2-photos.leclercdrive.fr/image.ashx?id=2545216&use=l&cat=p&typeid=i","cat":325357},{"id":210016,"n":"Mousse Marie Morin Chocolat au Lait - 2x100g","p":3.36,"u":"16,80 €/KG","img":"https://fd2-photos.leclercdrive.fr/image.ashx?id=2631702&use=l&cat=p&typeid=i","cat":284417},{"id":210018,"n":"Cheesecake citron Marie Morin - 2x100g","p":3.34,"u":"16,70 €/KG","img":"https://fd2-photos.leclercdrive.fr/image.ashx?id=2629031&use=l&cat=p&typeid=i","cat":284419},{"id":210052,"n":"Pop up Smarties 4x52g","p":3.63,"u":"17,45 €/KG","img":"https://fd2-photos.leclercdrive.fr/image.ashx?id=2557734&use=l&cat=p&typeid=i","cat":285250},{"id":210067,"n":"Riz Lustucru 900g","p":2.36,"u":"2,62 €/KG","img":"https://fd2-photos.leclercdrive.fr/image.ashx?id=2963742&use=l&cat=p&typeid=i","cat":284428},{"id":210075,"n":"Lait de Brushing Dessange Thermo-protecteur 230°C - 125ml","p":8.12,"u":"64,96 €/L","img":"https://fd2-photos.leclercdrive.fr/image.ashx?id=2870695&use=l&cat=p&typeid=i","cat":284608},{"id":210520,"n":"Smarties Fun Cônes x6 -  234g","p":3.45,"u":"14,74 €/KG","img":"https://fd2-photos.leclercdrive.fr/image.ashx?id=2557737&use=l&cat=p&typeid=i","cat":285250},{"id":210703,"n":"Terrine Tous mes amis Volaille carottes - 1.2kg","p":1.95,"u":"1,63 €/KG","img":"https://fd2-photos.leclercdrive.fr/image.ashx?id=2550495&use=l&cat=p&typeid=i","cat":288578},{"id":210717,"n":"Boulettes de boeuf Eco+ 1.2kg","p":1.53,"img":"https://fd2-photos.leclercdrive.fr/image.ashx?id=2815740&use=l&cat=p&typeid=i","cat":288578},{"id":210821,"n":"Pommes rissolées Findus 590g","p":1.99,"u":"3,37 €/KG","img":"https://fd2-photos.leclercdrive.fr/image.ashx?id=2790099&use=l&cat=p&typeid=i","cat":319792},{"id":210823,"n":"Pommes noisette Findus 500g","p":2.16,"u":"4,32 €/KG","img":"https://fd2-photos.leclercdrive.fr/image.ashx?id=2865866&use=l&cat=p&typeid=i","cat":319792},{"id":210824,"n":"Pommes noisette Findus 900g","p":3.34,"u":"3,71 €/KG","img":"https://fd2-photos.leclercdrive.fr/image.ashx?id=2899500&use=l&cat=p&typeid=i","cat":319792},{"id":210946,"n":"Margarine Planta Fin  Demi-sel 100% végétal - 450g","p":2.91,"u":"6,47 €/KG","img":"https://fd2-photos.leclercdrive.fr/image.ashx?id=2989474&use=l&cat=p&typeid=i","cat":315229},{"id":210948,"n":"Margarine Planta Fin Doux 100% végétal - 450g","p":2.5,"u":"5,56 €/KG","img":"https://fd2-photos.leclercdrive.fr/image.ashx?id=2989477&use=l&cat=p&typeid=i","cat":315229},{"id":210951,"n":"Mousse au chocolat Eco+ 4x60g","p":0.84,"u":"3,50 €/KG","img":"https://fd2-photos.leclercdrive.fr/image.ashx?id=2552493&use=l&cat=p&typeid=i","cat":284417},{"id":210952,"n":"Tiramisu Eco+ 2x80g","p":1.12,"u":"7,00 €/KG","img":"https://fd2-photos.leclercdrive.fr/image.ashx?id=2552496&use=l&cat=p&typeid=i","cat":284419},{"id":210953,"n":"Île flottante Eco+ 4x95g","p":1.62,"u":"4,26 €/KG","img":"https://fd2-photos.leclercdrive.fr/image.ashx?id=2885753&use=l&cat=p&typeid=i","cat":284419},{"id":210958,"n":"Yaourt gourrmand Délisse  2x150g","p":1.13,"u":"3,77 €/KG","img":"https://fd2-photos.leclercdrive.fr/image.ashx?id=2552505&use=l&cat=p&typeid=i","cat":314999},{"id":210960,"n":"Bouchées Tous les Amis 1.2kg","p":2.15,"u":"1,79 €/KG","img":"https://fd2-photos.leclercdrive.fr/image.ashx?id=2552511&use=l&cat=p&typeid=i","cat":288578},{"id":210961,"n":"Le Fondant Mamie Nova Pistache - 2x150g","p":1.4,"u":"4,67 €/KG","img":"https://fd2-photos.leclercdrive.fr/image.ashx?id=2886957&use=l&cat=p&typeid=i","cat":285041},{"id":210965,"n":"Le Fondant Mamie Nova Caramel beurre salé - 2x150g","p":1.62,"u":"5,40 €/KG","img":"https://fd2-photos.leclercdrive.fr/image.ashx?id=2909038&use=l&cat=p&typeid=i","cat":285041},{"id":210968,"n":"Tajine de boeuf Fleury Michon 350g","p":3.05,"u":"8,71 €/KG","img":"https://fd2-photos.leclercdrive.fr/image.ashx?id=2656730&use=l&cat=p&typeid=i","cat":333665},{"id":210973,"n":"Sauce Camembert Charal 120g","p":1.93,"u":"16,08 €/KG","img":"https://fd2-photos.leclercdrive.fr/image.ashx?id=2880721&use=l&cat=p&typeid=i","cat":284382},{"id":210975,"n":"Cabillaud Fondue de poireaux Weight Watchers - 290g","p":3.98,"u":"13,72 €/KG","img":"https://fd2-photos.leclercdrive.fr/image.ashx?id=2610882&use=l&cat=p&typeid=i","cat":333665},{"id":210976,"n":"Émincés de boeuf Marie Sauce au poivre - 300g","p":4.57,"u":"15,23 €/KG","img":"https://fd2-photos.leclercdrive.fr/image.ashx?id=2554178&use=l&cat=p&typeid=i","cat":333665},{"id":211032,"n":"Saumon Fleury Michon Oseille et riz basmati - 290g","p":4.18,"u":"14,41 €/KG","img":"https://fd2-photos.leclercdrive.fr/image.ashx?id=2656721&use=l&cat=p&typeid=i","cat":333665},{"id":211041,"n":"Fromage à tartiner Kiri Délicieusement fouetté - 210g","p":2.89,"u":"13,76 €/KG","img":"https://fd2-photos.leclercdrive.fr/image.ashx?id=2686594&use=l&cat=p&typeid=i","cat":314029},{"id":211079,"n":"Terrine Tous Mes Amis 3x1.2kg","p":5.85,"u":"1,63 €/KG","img":"https://fd2-photos.leclercdrive.fr/image.ashx?id=2815770&use=l&cat=p&typeid=i","cat":288578},{"id":211085,"n":"Thé glacé Lipton Ice Tea pêche Le lot de 4x1.25L","p":6.36,"pp":4.45,"u":"0,89 €/L","img":"https://fd2-photos.leclercdrive.fr/image.ashx?id=2554133&use=l&cat=p&typeid=i","cat":295019},{"id":211095,"n":"Dessert végétal Alpro Fraise - 500g","p":2.11,"u":"4,22 €/KG","img":"https://fd2-photos.leclercdrive.fr/image.ashx?id=2976071&use=l&cat=p&typeid=i","cat":316071},{"id":211334,"n":"Crème brûlée Nature Marie Morin - 2x130g","p":3.5,"u":"13,46 €/KG","img":"https://fd2-photos.leclercdrive.fr/image.ashx?id=2631732&use=l&cat=p&typeid=i","cat":284419},{"id":211398,"n":"Amandes  Tokapi 200g","p":2.78,"u":"13,90 €/KG","img":"https://fd2-photos.leclercdrive.fr/image.ashx?id=2793326&use=l&cat=p&typeid=i","cat":284448},{"id":211413,"n":"Céréales Kit Kat 330g","p":4.05,"u":"12,27 €/KG","img":"https://fd2-photos.leclercdrive.fr/image.ashx?id=2989453&use=l&cat=p&typeid=i","cat":309513},{"id":211415,"n":"Poules aux vermicelles Maggi 3x59g","p":1.28,"u":"7,23 €/KG","img":"https://fd2-photos.leclercdrive.fr/image.ashx?id=2556345&use=l&cat=p&typeid=i","cat":284463},{"id":211426,"n":"Pain burger Eco+ Nature x6 - 330g","p":0.88,"u":"2,67 €/KG","img":"https://fd2-photos.leclercdrive.fr/image.ashx?id=2854195&use=l&cat=p&typeid=i","cat":325067},{"id":211427,"n":"Pain burger Epi d'Or Nature x6 - 330g","p":0.93,"u":"2,82 €/KG","img":"https://fd2-photos.leclercdrive.fr/image.ashx?id=2807303&use=l&cat=p&typeid=i","cat":325067},{"id":211428,"n":"Céréales Special K Kellogg's Nature - 500g","p":2.92,"u":"5,84 €/KG","img":"https://fd2-photos.leclercdrive.fr/image.ashx?id=2583996&use=l&cat=p&typeid=i","cat":309512},{"id":211437,"n":"Céréales Kellogg's Rice Krispies - 360g","p":2.66,"u":"7,39 €/KG","img":"https://fd2-photos.leclercdrive.fr/image.ashx?id=3003420&use=l&cat=p&typeid=i","cat":309513},{"id":211451,"n":"Yaourts  Malo  Vanille - 8x125g","p":3.4,"u":"3,40 €/KG","img":"https://fd2-photos.leclercdrive.fr/image.ashx?id=2557419&use=l&cat=p&typeid=i","cat":286006},{"id":211452,"n":"Beurre de Bretagne Le Gall Demi-sel -  200g","p":2.46,"u":"12,30 €/KG","img":"https://fd2-photos.leclercdrive.fr/image.ashx?id=2571320&use=l&cat=p&typeid=i","cat":284379},{"id":211454,"n":"Beurre de Bretagne Le Gall Doux -  200g","p":2.41,"u":"12,05 €/KG","img":"https://fd2-photos.leclercdrive.fr/image.ashx?id=2557413&use=l&cat=p&typeid=i","cat":284379},{"id":211455,"n":"Les Oeufs d'Erwan plein air Calibre moyen x12","p":2.9,"pp":2.03,"u":"0,17 €/P","img":"https://fd2-photos.leclercdrive.fr/image.ashx?id=2557548&use=l&cat=p&typeid=i","cat":284378},{"id":211470,"n":"Dentifrice Signal Professionnel Action Sensibilité Complet 75ml","p":2.77,"u":"36,93 €/L","img":"https://fd2-photos.leclercdrive.fr/image.ashx?id=2961326&use=l&cat=p&typeid=i","cat":284612},{"id":211479,"n":"Pâte feuilletée Croustipate Au beurre & farine - 230g","p":1.68,"u":"7,30 €/KG","img":"https://fd2-photos.leclercdrive.fr/image.ashx?id=2875078&use=l&cat=p&typeid=i","cat":333681},{"id":211493,"n":"Pomme de terre Grenaille Maison Tino - 600g","p":5.21,"u":"8,68 €/KG","img":"https://fd2-photos.leclercdrive.fr/image.ashx?id=2903248&use=l&cat=p&typeid=i","cat":333665},{"id":211520,"n":"Dentifrice Signal Professionnel Sensibilité Gencives 75ml","p":3.2,"u":"42,67 €/L","img":"https://fd2-photos.leclercdrive.fr/image.ashx?id=2961329&use=l&cat=p&typeid=i","cat":284612},{"id":211522,"n":"Dentifrice Signal Professionnel Sensibilité Blancheur 75ml","p":2.77,"u":"36,93 €/L","img":"https://fd2-photos.leclercdrive.fr/image.ashx?id=2961332&use=l&cat=p&typeid=i","cat":284612},{"id":211525,"n":"Lessive tablettes Persil Bouquet de Provence - x32","p":6.45,"u":"6,72 €/KG","img":"https://fd2-photos.leclercdrive.fr/image.ashx?id=2557809&use=l&cat=p&typeid=i","cat":284641},{"id":211537,"n":"Céréales Miel Pops Loops Kellogg's 330g","p":2.08,"u":"6,30 €/KG","img":"https://fd2-photos.leclercdrive.fr/image.ashx?id=2561353&use=l&cat=p&typeid=i","cat":309513},{"id":211538,"n":"Lessive Liquide Persil Peau sensibles - 1.8L - x40","p":7.29,"u":"4,05 €/L","img":"https://fd2-photos.leclercdrive.fr/image.ashx?id=2960276&use=l&cat=p&typeid=i","cat":284640},{"id":211545,"n":"Adoucissant Cajoline Créations Tiaré baies sauvages 1.38L x60","p":4.47,"u":"3,24 €/L","img":"https://fd2-photos.leclercdrive.fr/image.ashx?id=2765671&use=l&cat=p&typeid=i","cat":284650},{"id":211547,"n":"Adoucissant Cajoline Rose & Lilas blanc - 1.035L x45","p":4.92,"u":"4,75 €/L","img":"https://fd2-photos.leclercdrive.fr/image.ashx?id=2960273&use=l&cat=p&typeid=i","cat":284650},{"id":211550,"n":"Sel Regénérant Sun Lave Vaisselle Standard 1Kg","p":1.08,"u":"1,08 €/KG","img":"https://fd2-photos.leclercdrive.fr/image.ashx?id=2729434&use=l&cat=p&typeid=i","cat":284657},{"id":211551,"n":"Déodorant bille homme Axe Aqua bergamot - 50ml","p":4.14,"u":"82,80 €/L","img":"https://fd2-photos.leclercdrive.fr/image.ashx?id=2850829&use=l&cat=p&typeid=i","cat":284618},{"id":211555,"n":"Sun Capsules Lave-Vaisselle Tout en 1 Absolu Brillance x28","p":7.9,"u":"18,81 €/KG","img":"https://fd2-photos.leclercdrive.fr/image.ashx?id=2961350&use=l&cat=p&typeid=i","cat":284656},{"id":211556,"n":"Sun Capsules Lave-Vaisselle Tout en1 Absolu Dégraissant x28","p":7.9,"u":"18,81 €/KG","img":"https://fd2-photos.leclercdrive.fr/image.ashx?id=2961353&use=l&cat=p&typeid=i","cat":284656},{"id":211561,"n":"Déodorant Spray Dove Anti- Transpirant Invisible Dry 100ml","p":3.42,"u":"34,20 €/L","img":"https://fd2-photos.leclercdrive.fr/image.ashx?id=2905711&use=l&cat=p&typeid=i","cat":284595},{"id":211562,"n":"Déodorant Spray Compressé Dove Anti-Transpirant Original 100ml","p":3.15,"u":"31,50 €/L","img":"https://fd2-photos.leclercdrive.fr/image.ashx?id=2793098&use=l&cat=p&typeid=i","cat":284595},{"id":211573,"n":"Déodorant Spray Dove Anti- Transpirant Original 200ml","p":3.1,"u":"15,50 €/L","img":"https://fd2-photos.leclercdrive.fr/image.ashx?id=2878486&use=l&cat=p&typeid=i","cat":284595},{"id":211576,"n":"Déodorant bille Dove Classic - 50ml","p":2.19,"u":"43,80 €/L","img":"https://fd2-photos.leclercdrive.fr/image.ashx?id=2864285&use=l&cat=p&typeid=i","cat":284595},{"id":211584,"n":"Déodorant spray homme Axe Aqua bergamot - 150ml","p":3.99,"u":"26,60 €/L","img":"https://fd2-photos.leclercdrive.fr/image.ashx?id=3004453&use=l&cat=p&typeid=i","cat":284618},{"id":211588,"n":"Gel douche homme Axe Copper santal - 300ml","p":3.08,"u":"10,27 €/L","img":"https://fd2-photos.leclercdrive.fr/image.ashx?id=2758764&use=l&cat=p&typeid=i","cat":284619},{"id":211598,"n":"Yaourt protéiné Hipro Stracciatella 0%mg - 2x160g","p":2.2,"u":"6,88 €/KG","img":"https://fd2-photos.leclercdrive.fr/image.ashx?id=2807438&use=l&cat=p&typeid=i","cat":315000},{"id":211599,"n":"Chips Terre de Breizh Sel du Golfe du Morbihan 125g","p":1.79,"u":"14,32 €/KG","img":"https://fd2-photos.leclercdrive.fr/image.ashx?id=3000812&use=l&cat=p&typeid=i","cat":284447},{"id":211631,"n":"Desserts Lactés P'TIT BRASSE   Abricot vanille -6m+ - 4x90g","p":2.15,"u":"5,97 €/KG","img":"https://fd2-photos.leclercdrive.fr/image.ashx?id=2600072&use=l&cat=p&typeid=i","cat":312392},{"id":211632,"n":"Desserts Lactés P'TIT ONCTUEUX Nature 6M+ - 8x90g","p":4.36,"u":"6,06 €/KG","img":"https://fd2-photos.leclercdrive.fr/image.ashx?id=2559161&use=l&cat=p&typeid=i","cat":312392},{"id":211634,"n":"Ravioli Lustucru  Chèvre épinard - 250g","p":2.55,"u":"10,20 €/KG","img":"https://fd2-photos.leclercdrive.fr/image.ashx?id=2974357&use=l&cat=p&typeid=i","cat":333682},{"id":211637,"n":"Tortellini à poêler Lustucru Poulet crème - 300g","p":2.68,"u":"8,93 €/KG","img":"https://fd2-photos.leclercdrive.fr/image.ashx?id=2792417&use=l&cat=p&typeid=i","cat":333682},{"id":211663,"n":"Mélange fruits de mer Costa 700g","p":19.59,"u":"27,99 €/KG","img":"https://fd2-photos.leclercdrive.fr/image.ashx?id=2559628&use=l&cat=p&typeid=i","cat":319787},{"id":211739,"n":"Gyoza Ajinomoto Bœuf légumes x20 - 400g","p":5.5,"u":"13,75 €/KG","img":"https://fd2-photos.leclercdrive.fr/image.ashx?id=2590285&use=l&cat=p&typeid=i","cat":284254},{"id":211741,"n":"Gyoza Ajinomoto Légumes x20 - 400g","p":5.48,"u":"13,70 €/KG","img":"https://fd2-photos.leclercdrive.fr/image.ashx?id=2590282&use=l&cat=p&typeid=i","cat":284254},{"id":211768,"n":"Tapas lomo César Moroni 18 tranches - 80g","p":2.37,"u":"29,63 €/KG","img":"https://fd2-photos.leclercdrive.fr/image.ashx?id=2560131&use=l&cat=p&typeid=i","cat":316007},{"id":211808,"n":"Olives Noires Confites Tramier  Dénoyautées 150g","p":1.6,"u":"10,67 €/KG","img":"https://fd2-photos.leclercdrive.fr/image.ashx?id=2840829&use=l&cat=p&typeid=i","cat":284450},{"id":211827,"n":"Céréales bébé BABIVANILLE Vanille 10M+ - 400g","p":3.45,"u":"8,63 €/KG","img":"https://fd2-photos.leclercdrive.fr/image.ashx?id=2562651&use=l&cat=p&typeid=i","cat":312225},{"id":211832,"n":"Carpaccio de saumon L'Atelier Poissonnerie - 155g","p":7.57,"u":"48,84 €/KG","img":"https://fd2-photos.leclercdrive.fr/image.ashx?id=2887026&use=l&cat=p&typeid=i","cat":284342},{"id":212047,"n":"Adoucissant concentré Soupline Grand air - 77 lavages - 1,7L","p":8.57,"u":"5,04 €/L","img":"https://fd2-photos.leclercdrive.fr/image.ashx?id=2564201&use=l&cat=p&typeid=i","cat":284650},{"id":212112,"n":"Céréales Frosties Kellogg's  330g","p":2.28,"u":"6,91 €/KG","img":"https://fd2-photos.leclercdrive.fr/image.ashx?id=2565362&use=l&cat=p&typeid=i","cat":309513},{"id":212248,"n":"Crème glacée La Laitière Chocolat avec copeaux - 490g","p":3.61,"pp":2.53,"u":"5,16 €/KG","img":"https://fd2-photos.leclercdrive.fr/image.ashx?id=3000012&use=l&cat=p&typeid=i","cat":284263},{"id":212465,"n":"Protège-slip Confort Vania Coton Bio - x30","p":2.57,"img":"https://fd2-photos.leclercdrive.fr/image.ashx?id=2735215&use=l&cat=p&typeid=i","cat":284625},{"id":212467,"n":"Protège-slip Protection Vania Large Fresh - x36","p":3.03,"img":"https://fd2-photos.leclercdrive.fr/image.ashx?id=2735233&use=l&cat=p&typeid=i","cat":284625},{"id":212469,"n":"Protège-slip Protection Vania Long Fresh - x40","p":3.22,"img":"https://fd2-photos.leclercdrive.fr/image.ashx?id=2735239&use=l&cat=p&typeid=i","cat":284625},{"id":212473,"n":"Liquide de Rinçage Finish  Citron - 800ml","p":5.88,"u":"7,35 €/L","img":"https://fd2-photos.leclercdrive.fr/image.ashx?id=2881966&use=l&cat=p&typeid=i","cat":284657},{"id":212486,"n":"Film étirable Elembal 50m","p":1.8,"u":"0,04 €/MT","img":"https://fd2-photos.leclercdrive.fr/image.ashx?id=2566146&use=l&cat=p&typeid=i","cat":285194},{"id":212546,"n":"Macaroni et boulette Côté Table À la tomate - 280g","p":2.04,"u":"7,29 €/KG","img":"https://fd2-photos.leclercdrive.fr/image.ashx?id=2764149&use=l&cat=p&typeid=i","cat":333665},{"id":212583,"n":"Saucisse de Toulouse purée Côté Table - 290g","p":2.99,"u":"10,31 €/KG","img":"https://fd2-photos.leclercdrive.fr/image.ashx?id=2567613&use=l&cat=p&typeid=i","cat":333665},{"id":212585,"n":"Parmentier de canard Côté Table 320g","p":3.29,"u":"10,28 €/KG","img":"https://fd2-photos.leclercdrive.fr/image.ashx?id=2846571&use=l&cat=p&typeid=i","cat":333665},{"id":212593,"n":"Litière chats Tous mes Amis Triple action blanche - 5L","p":4.2,"u":"0,84 €/L","img":"https://fd2-photos.leclercdrive.fr/image.ashx?id=2568361&use=l&cat=p&typeid=i","cat":284683},{"id":212595,"n":"Litière chats Tous mes Amis Parfumée grise - 5L","p":3.05,"u":"0,61 €/L","img":"https://fd2-photos.leclercdrive.fr/image.ashx?id=2568358&use=l&cat=p&typeid=i","cat":284683},{"id":212613,"n":"Collant Well Infini confort Transparent noir - T2","p":5.5,"img":"https://fd2-photos.leclercdrive.fr/image.ashx?id=2586789&use=l&cat=p&typeid=i","cat":334130},{"id":212615,"n":"Collant Well Infini confort Transparent noir - T1","p":5.5,"img":"https://fd2-photos.leclercdrive.fr/image.ashx?id=2586786&use=l&cat=p&typeid=i","cat":334130},{"id":212616,"n":"Collant Well Infini confort Transparent noir - T3","p":5.5,"img":"https://fd2-photos.leclercdrive.fr/image.ashx?id=2586792&use=l&cat=p&typeid=i","cat":334130},{"id":212617,"n":"Collant Well Infini confort Transparent noir - T4","p":5.5,"img":"https://fd2-photos.leclercdrive.fr/image.ashx?id=2586795&use=l&cat=p&typeid=i","cat":334130},{"id":212621,"n":"Collant Well Infini confort Semi-opaque noir - T2","p":5.5,"img":"https://fd2-photos.leclercdrive.fr/image.ashx?id=2575021&use=l&cat=p&typeid=i","cat":334130},{"id":212623,"n":"Collant Well Infini confort Semi-opaque noir - T4","p":5.5,"img":"https://fd2-photos.leclercdrive.fr/image.ashx?id=2575027&use=l&cat=p&typeid=i","cat":334130},{"id":212624,"n":"Collant Well Morphologie Régular semi-opaque noir /+1m65","p":5.81,"img":"https://fd2-photos.leclercdrive.fr/image.ashx?id=2588519&use=l&cat=p&typeid=i","cat":334130},{"id":212627,"n":"Collant Well Morphologie Form Semi-opaque noir / -1m65","p":5.81,"img":"https://fd2-photos.leclercdrive.fr/image.ashx?id=2586096&use=l&cat=p&typeid=i","cat":334130},{"id":212643,"n":"Margarine Planta Fin Doux 100% végétal - 225g","p":1.59,"u":"7,07 €/KG","img":"https://fd2-photos.leclercdrive.fr/image.ashx?id=2989471&use=l&cat=p&typeid=i","cat":315229},{"id":212645,"n":"Margarine Planta Fin Demi-sel 100% végétal - 225g","p":1.7,"u":"7,56 €/KG","img":"https://fd2-photos.leclercdrive.fr/image.ashx?id=2989465&use=l&cat=p&typeid=i","cat":315229},{"id":212667,"n":"Cottage cheese Danone Fromage frais - 200g","p":1.95,"u":"9,75 €/KG","img":"https://fd2-photos.leclercdrive.fr/image.ashx?id=2628341&use=l&cat=p&typeid=i","cat":314029},{"id":212679,"n":"Céréales Coco Pops Chocos Kellogg's - 330g","p":2.42,"u":"7,33 €/KG","img":"https://fd2-photos.leclercdrive.fr/image.ashx?id=2571683&use=l&cat=p&typeid=i","cat":309513},{"id":212749,"n":"Lait bébé Calisma Gallia Pocket 1er âge 0-6 mois 479g","p":14.69,"u":"30,41 €/KG","img":"https://fd2-photos.leclercdrive.fr/image.ashx?id=2983075&use=l&cat=p&typeid=i","cat":284726},{"id":212750,"n":"Petits pots bébé P'TIT SOUPER Pastasotto 12M+ - 2x200g","p":2.17,"u":"5,43 €/KG","img":"https://fd2-photos.leclercdrive.fr/image.ashx?id=2571863&use=l&cat=p&typeid=i","cat":312239},{"id":212751,"n":"Desserts Lactés P'TIT BRASSE Mini BIO Nature SSA 4M+ - 6x50g","p":2.64,"u":"8,80 €/KG","img":"https://fd2-photos.leclercdrive.fr/image.ashx?id=2593182&use=l&cat=p&typeid=i","cat":312392},{"id":212811,"n":"Yaourt à boire Lindahls Protein  Stracciatella - 330ml","p":1.75,"u":"5,07 €/KG","img":"https://fd2-photos.leclercdrive.fr/image.ashx?id=2999219&use=l&cat=p&typeid=i","cat":284415},{"id":212814,"n":"Skyr Siggi's  Céréales Miel & Noix - 2x140g","p":1.95,"u":"6,96 €/KG","img":"https://fd2-photos.leclercdrive.fr/image.ashx?id=2879673&use=l&cat=p&typeid=i","cat":315000},{"id":212815,"n":"Yaourt à la grecque YAOS  Stracciatella - 8x125g","p":4.56,"u":"4,56 €/KG","img":"https://fd2-photos.leclercdrive.fr/image.ashx?id=2570115&use=l&cat=p&typeid=i","cat":314999},{"id":212817,"n":"Nettoyant vitres Ajax Triple action Recharge - 750ml","p":1.65,"u":"2,20 €/L","img":"https://fd2-photos.leclercdrive.fr/image.ashx?id=2842969&use=l&cat=p&typeid=i","cat":325363},{"id":212819,"n":"Préparation moelleux Alsa Chocolat - 500g","p":3.48,"u":"6,96 €/KG","img":"https://fd2-photos.leclercdrive.fr/image.ashx?id=2812663&use=l&cat=p&typeid=i","cat":284504},{"id":212922,"n":"Déboucheur Gel Destop  Spécial Cuisine - 1L","p":2.97,"u":"2,97 €/L","img":"https://fd2-photos.leclercdrive.fr/image.ashx?id=2572278&use=l&cat=p&typeid=i","cat":284908},{"id":212923,"n":"Lardons fumés Herta  300g","p":2.68,"u":"8,93 €/KG","img":"https://fd2-photos.leclercdrive.fr/image.ashx?id=2572155&use=l&cat=p&typeid=i","cat":316011},{"id":212934,"n":"Lait bébé poudre Guigoz Optipro 3ème âge - dès 12 mois - 830g","p":10.07,"u":"12,13 €/KG","img":"https://fd2-photos.leclercdrive.fr/image.ashx?id=2895059&use=l&cat=p&typeid=i","cat":290219},{"id":213023,"n":"Pâtée et morceaux chiens Eco+ Boeuf - 1.2kg","p":1.67,"u":"1,39 €/KG","img":"https://fd2-photos.leclercdrive.fr/image.ashx?id=2573238&use=l&cat=p&typeid=i","cat":288578},{"id":213025,"n":"Boulettes à la volaille Eco+ 1.2kg","p":1.55,"u":"1,29 €/KG","img":"https://fd2-photos.leclercdrive.fr/image.ashx?id=2815737&use=l&cat=p&typeid=i","cat":288578},{"id":213060,"n":"Bière ambrée 3 Monts 33cl","p":1.78,"u":"5,39 €/L","img":"https://fd2-photos.leclercdrive.fr/image.ashx?id=2866388&use=l&cat=p&typeid=i","cat":334852},{"id":213071,"n":"Brioch'Burger La Fournée Dorée x10 Minis - Sésame  200g","p":2.27,"u":"11,35 €/KG","img":"https://fd2-photos.leclercdrive.fr/image.ashx?id=2594965&use=l&cat=p&typeid=i","cat":325067},{"id":213138,"n":"Vin blanc 0% alcool Uby Osmose Blanc sec - 75cl","p":5.5,"u":"7,33 €/L","img":"https://fd2-photos.leclercdrive.fr/image.ashx?id=2606683&use=l&cat=p&typeid=i","cat":289557},{"id":213176,"n":"Nouilles à la chinoise Marie Au Poulet - 900g","p":4.68,"u":"5,20 €/KG","img":"https://fd2-photos.leclercdrive.fr/image.ashx?id=2996773&use=l&cat=p&typeid=i","cat":284254},{"id":213189,"n":"Milky fromage enfant à tartiner Les Croisés 24 portions - 432g","p":3.59,"u":"8,31 €/KG","img":"https://fd2-photos.leclercdrive.fr/image.ashx?id=2791899&use=l&cat=p&typeid=i","cat":314030},{"id":213190,"n":"Milky fromage enfant à tartiner Les Croisés 12 portions - 216g","p":1.85,"u":"8,56 €/KG","img":"https://fd2-photos.leclercdrive.fr/image.ashx?id=2791914&use=l&cat=p&typeid=i","cat":314030},{"id":213200,"n":"Gaufrettes Quadro Cémoi Choco noisettes - 187g","p":1.97,"u":"10,53 €/KG","img":"https://fd2-photos.leclercdrive.fr/image.ashx?id=2654731&use=l&cat=p&typeid=i","cat":284488},{"id":213242,"n":"Céréales Coco Pops Kellogg's Original - 330g","p":2.78,"u":"8,42 €/KG","img":"https://fd2-photos.leclercdrive.fr/image.ashx?id=2577099&use=l&cat=p&typeid=i","cat":309513},{"id":213292,"n":"Saucisses fumées d'Alsace  Stoeffler - x4 - 320g","p":5.4,"u":"16,88 €/KG","img":"https://fd2-photos.leclercdrive.fr/image.ashx?id=2768180&use=l&cat=p&typeid=i","cat":316012},{"id":213432,"n":"Gel Corps et Cheveux Cadum Hypoallergenique - 750ml","p":4.17,"u":"5,56 €/L","img":"https://fd2-photos.leclercdrive.fr/image.ashx?id=2581798&use=l&cat=p&typeid=i","cat":284594},{"id":213454,"n":"Petits pois Eco+ 1kg","p":1.52,"u":"1,52 €/KG","img":"https://fd2-photos.leclercdrive.fr/image.ashx?id=2796025&use=l&cat=p&typeid=i","cat":319805},{"id":213455,"n":"Champignons Eco+ 1kg","p":1.45,"u":"1,45 €/KG","img":"https://fd2-photos.leclercdrive.fr/image.ashx?id=2593339&use=l&cat=p&typeid=i","cat":319805},{"id":213458,"n":"Dés de poulet Eco+ 150g","p":1.69,"u":"11,27 €/KG","img":"https://fd2-photos.leclercdrive.fr/image.ashx?id=2930939&use=l&cat=p&typeid=i","cat":316011},{"id":213464,"n":"Panés Spécial Burger Père Dodu  Chapelure Corn Flakes - x2 - 18","p":2.87,"u":"15,94 €/KG","img":"https://fd2-photos.leclercdrive.fr/image.ashx?id=2957221&use=l&cat=p&typeid=i","cat":333684},{"id":213487,"n":"Crème semi-épaisse UHT Délisse Entière - 30% MG - 2x25cl","p":3.21,"u":"6,42 €/L","img":"https://fd2-photos.leclercdrive.fr/image.ashx?id=2579396&use=l&cat=p&typeid=i","cat":284381},{"id":213496,"n":"Boisson Noisette choco Végé 1L Végé - 200g","p":1.99,"u":"1,99 €/L","img":"https://fd2-photos.leclercdrive.fr/image.ashx?id=2903974&use=l&cat=p&typeid=i","cat":316067},{"id":213528,"n":"Gel WC Canard 100% Détartrant - 750ml","p":2.28,"u":"3,04 €/L","img":"https://fd2-photos.leclercdrive.fr/image.ashx?id=2580194&use=l&cat=p&typeid=i","cat":284662},{"id":213582,"n":"Crème Douche surgras Bio Cadum Karité - 450ml","p":2.64,"u":"5,87 €/L","img":"https://fd2-photos.leclercdrive.fr/image.ashx?id=2580801&use=l&cat=p&typeid=i","cat":284594},{"id":213594,"n":"Tablette de chocolat Lindt  Noir pailleté gaufrette - 100g","p":2.78,"u":"27,80 €/KG","img":"https://fd2-photos.leclercdrive.fr/image.ashx?id=2750390&use=l&cat=p&typeid=i","cat":284956},{"id":213602,"n":"Crème Douche Nourrissante Cadum Miel de Fleurs bio - 450ml","p":2.41,"u":"5,36 €/L","img":"https://fd2-photos.leclercdrive.fr/image.ashx?id=2582279&use=l&cat=p&typeid=i","cat":284594},{"id":213609,"n":"Douche Crème Dop Fraises Sucrées - 290ml","p":1.69,"u":"5,83 €/L","img":"https://fd2-photos.leclercdrive.fr/image.ashx?id=2582297&use=l&cat=p&typeid=i","cat":284594},{"id":213614,"n":"Lentilles corail Notre Jardin 500g","p":1.72,"u":"3,44 €/KG","img":"https://fd2-photos.leclercdrive.fr/image.ashx?id=2983835&use=l&cat=p&typeid=i","cat":284430},{"id":213692,"n":"Shampooing Franck Provost Cheveux colorés - 500ml","p":4.06,"u":"8,12 €/L","img":"https://fd2-photos.leclercdrive.fr/image.ashx?id=2582321&use=l&cat=p&typeid=i","cat":284606},{"id":213724,"n":"Bouchée pour chien Eco+ Boeuf, pâtes, carottes - 1.2kg","p":1.93,"u":"1,61 €/KG","img":"https://fd2-photos.leclercdrive.fr/image.ashx?id=2815728&use=l&cat=p&typeid=i","cat":288578},{"id":213749,"n":"Bière blonde Pélican 6x33cl","p":9.28,"pp":6.5,"u":"3,28 €/L","img":"https://fd2-photos.leclercdrive.fr/image.ashx?id=2946922&use=l&cat=p&typeid=i","cat":334872},{"id":213793,"n":"Burger Bacon Marie Boeuf Charolais Emmental - 190g","p":2.78,"u":"14,63 €/KG","img":"https://fd2-photos.leclercdrive.fr/image.ashx?id=2858615&use=l&cat=p&typeid=i","cat":333671},{"id":213794,"n":"Burger Rustique Marie Boeuf Charolais Emmental - 190g","p":2.65,"u":"13,95 €/KG","img":"https://fd2-photos.leclercdrive.fr/image.ashx?id=2858621&use=l&cat=p&typeid=i","cat":333671},{"id":213809,"n":"Farz noir Tout Feu Tout Frais - 250g","p":4.45,"u":"17,80 €/KG","img":"https://fd2-photos.leclercdrive.fr/image.ashx?id=2650172&use=l&cat=p&typeid=i","cat":333665},{"id":213821,"n":"Brosse à dents Signal Soins gencives Extra souple x4","p":3.24,"u":"0,81 €/P","img":"https://fd2-photos.leclercdrive.fr/image.ashx?id=2805690&use=l&cat=p&typeid=i","cat":284614},{"id":213823,"n":"Soupline dilué 3D grand air 2.85l","p":6.45,"u":"2,26 €/L","img":"https://fd2-photos.leclercdrive.fr/image.ashx?id=2811791&use=l&cat=p&typeid=i","cat":284650},{"id":213830,"n":"Adoucissant Soupline concentré  3D Grand air - 1,35L","p":4.84,"u":"3,59 €/L","img":"https://fd2-photos.leclercdrive.fr/image.ashx?id=2924950&use=l&cat=p&typeid=i","cat":284650},{"id":213834,"n":"Brosse à dents Colgate Extra-clean souple - x4","p":1.98,"u":"0,50 €/P","img":"https://fd2-photos.leclercdrive.fr/image.ashx?id=3011950&use=l&cat=p&typeid=i","cat":284614},{"id":213857,"n":"Recharges WC Canard Fresh Disc  Fraîcheur Marine - 2x6 disques","p":5.82,"u":"2,91 €/P","img":"https://fd2-photos.leclercdrive.fr/image.ashx?id=2754824&use=l&cat=p&typeid=i","cat":284662},{"id":213931,"n":"Empanadas de saumon ciboulette Maison Briau - 160g","p":2.75,"u":"17,19 €/KG","img":"https://fd2-photos.leclercdrive.fr/image.ashx?id=2851947&use=l&cat=p&typeid=i","cat":285094},{"id":213953,"n":"Recharges WC Canard fresh disc Citron - 2x6 disques","p":4.9,"u":"2,45 €/P","img":"https://fd2-photos.leclercdrive.fr/image.ashx?id=2754821&use=l&cat=p&typeid=i","cat":284662},{"id":213954,"n":"Protège-slips Vania Pocket Normal - x30","p":1.96,"u":"0,07 €/P","img":"https://fd2-photos.leclercdrive.fr/image.ashx?id=2735245&use=l&cat=p&typeid=i","cat":284625},{"id":213959,"n":"Nettoyant ménager Pliz Fée du logis - 250ml","p":2.15,"u":"8,60 €/L","img":"https://fd2-photos.leclercdrive.fr/image.ashx?id=2585540&use=l&cat=p&typeid=i","cat":325364},{"id":213964,"n":"Nettoyant ménager Ajax Maison pure Sureau - 1.25L","p":2.64,"u":"2,11 €/L","img":"https://fd2-photos.leclercdrive.fr/image.ashx?id=2585555&use=l&cat=p&typeid=i","cat":284907},{"id":213965,"n":"Adoucissant Eco+ Fraîcheur - 1.5L - x60","p":1.64,"u":"1,09 €/L","img":"https://fd2-photos.leclercdrive.fr/image.ashx?id=2600833&use=l&cat=p&typeid=i","cat":284650},{"id":214087,"n":"Soda Coca-Cola Original Bouteille - 1,75L","p":2.33,"u":"1,33 €/L","img":"https://fd2-photos.leclercdrive.fr/image.ashx?id=2971745&use=l&cat=p&typeid=i","cat":284530},{"id":214321,"n":"Déodorant bille Dove Grenade - Anti-transpirant 50ml","p":2.62,"u":"52,40 €/L","img":"https://fd2-photos.leclercdrive.fr/image.ashx?id=2867341&use=l&cat=p&typeid=i","cat":284595},{"id":214326,"n":"Déodorant spray Dovd Grenade anti-transpirant 200ml","p":2.99,"u":"14,95 €/L","img":"https://fd2-photos.leclercdrive.fr/image.ashx?id=2987035&use=l&cat=p&typeid=i","cat":284595},{"id":214328,"n":"Déodorant Spray compressé Dove Anti-Transpirant Original 200ml","p":2.3,"u":"11,50 €/L","img":"https://fd2-photos.leclercdrive.fr/image.ashx?id=2877250&use=l&cat=p&typeid=i","cat":284595},{"id":214332,"n":"Chili Cheese Nuggets Pickers By McCain - 230g","p":3.56,"u":"15,48 €/KG","img":"https://fd2-photos.leclercdrive.fr/image.ashx?id=2958678&use=l&cat=p&typeid=i","cat":319822},{"id":214394,"n":"Crème de douche Le Petit Marseillais Fleur coton 400ml","p":2.85,"u":"7,13 €/L","img":"https://fd2-photos.leclercdrive.fr/image.ashx?id=2947045&use=l&cat=p&typeid=i","cat":284594},{"id":214403,"n":"Lessive liquide Bonux L'original 50 Lavages - 2.25L","p":7.26,"u":"3,23 €/L","img":"https://fd2-photos.leclercdrive.fr/image.ashx?id=2881993&use=l&cat=p&typeid=i","cat":284640},{"id":214516,"n":"Pâte à pizza Herta Épaisse et ronde - 450g","p":2.21,"u":"4,91 €/KG","img":"https://fd2-photos.leclercdrive.fr/image.ashx?id=2813917&use=l&cat=p&typeid=i","cat":333681},{"id":214518,"n":"Pâte à pizza Herta Épaisse et rectangulaire - 540g","p":2.49,"u":"4,61 €/KG","img":"https://fd2-photos.leclercdrive.fr/image.ashx?id=2731405&use=l&cat=p&typeid=i","cat":333681},{"id":214568,"n":"Rôti de porc farci Bigard Au chorizo et fromage - 500g","p":7.48,"u":"14,96 €/KG","img":"https://fd2-photos.leclercdrive.fr/image.ashx?id=2592555&use=l&cat=p&typeid=i","cat":284331},{"id":214626,"n":"S.O.S Ouistiti Mattel Dès 5 ans","p":14.5,"img":"https://fd2-photos.leclercdrive.fr/image.ashx?id=2593393&use=l&cat=p&typeid=i","cat":334378},{"id":214675,"n":"Coquilles St Jacques Maréval À la Bretonne - 440g","p":16.35,"u":"37,16 €/KG","img":"https://fd2-photos.leclercdrive.fr/image.ashx?id=2592576&use=l&cat=p&typeid=i","cat":319775},{"id":214756,"n":"Feuilleté de Mousse La Laitière Menthe - 4x57g","p":1.79,"u":"7,85 €/KG","img":"https://fd2-photos.leclercdrive.fr/image.ashx?id=3007960&use=l&cat=p&typeid=i","cat":284417},{"id":214762,"n":"Nouilles Banzai Noodle poulet  cup - 67g","p":1.23,"u":"18,36 €/KG","img":"https://fd2-photos.leclercdrive.fr/image.ashx?id=2730004&use=l&cat=p&typeid=i","cat":288992},{"id":214779,"n":"Lait en poudre bio Modilac Croissance - 800g","p":18.21,"u":"22,76 €/KG","img":"https://fd2-photos.leclercdrive.fr/image.ashx?id=2981175&use=l&cat=p&typeid=i","cat":290219},{"id":214800,"n":"Croquettes petit chien   Pedigree au bœuf - 2kg","p":7.45,"u":"3,73 €/KG","img":"https://fd2-photos.leclercdrive.fr/image.ashx?id=2876995&use=l&cat=p&typeid=i","cat":294526},{"id":214801,"n":"Croquettes petit chien   Pedigree à la volaille - 2kg","p":7.45,"u":"3,73 €/KG","img":"https://fd2-photos.leclercdrive.fr/image.ashx?id=2832323&use=l&cat=p&typeid=i","cat":294526},{"id":214880,"n":"Pizza Dolce Sodebo Sicilia - 400g","p":4.46,"u":"11,15 €/KG","img":"https://fd2-photos.leclercdrive.fr/image.ashx?id=2921633&use=l&cat=p&typeid=i","cat":333679},{"id":214882,"n":"Pizza Crust Sodebo Groovy  Bacon - 580g","p":5.62,"u":"9,69 €/KG","img":"https://fd2-photos.leclercdrive.fr/image.ashx?id=2864474&use=l&cat=p&typeid=i","cat":333679},{"id":214900,"n":"Rénovateur d'émail Rubson Vernis - Blanc - 12ml","p":5.33,"u":"444,17 €/L","img":"https://fd2-photos.leclercdrive.fr/image.ashx?id=2595218&use=l&cat=p&typeid=i","cat":300576},{"id":214901,"n":"Blanchisseur joints carrelage Rubson - 7ml","p":5.33,"u":"761,43 €/L","img":"https://fd2-photos.leclercdrive.fr/image.ashx?id=2595221&use=l&cat=p&typeid=i","cat":300576},{"id":214902,"n":"Colle Loctite Super glue 3 - 20g","p":14.45,"u":"722,50 €/KG","img":"https://fd2-photos.leclercdrive.fr/image.ashx?id=2595215&use=l&cat=p&typeid=i","cat":300576},{"id":214903,"n":"Colle ni clous ni vis Pattex Extra forte et rapide - 260g","p":9.5,"u":"36,54 €/KG","img":"https://fd2-photos.leclercdrive.fr/image.ashx?id=2664431&use=l&cat=p&typeid=i","cat":300576},{"id":214945,"n":"Pack 2 cartouches  Ovales","p":5.95,"img":"https://fd2-photos.leclercdrive.fr/image.ashx?id=2806783&use=l&cat=p&typeid=i","cat":334135},{"id":214987,"n":"Diffuseur électrique Raid Anti Moustiques - 45 nuits","p":5.69,"u":"Dont 0,02 € d'éco-part.","img":"https://fd2-photos.leclercdrive.fr/image.ashx?id=2596323&use=l&cat=p&typeid=i","cat":null},{"id":214989,"n":"Spray Raid 2en1  Anti-rampants 400ml","p":3.89,"u":"9,73 €/L","img":"https://fd2-photos.leclercdrive.fr/image.ashx?id=2596329&use=l&cat=p&typeid=i","cat":null},{"id":215017,"n":"Croutons ail Tipiak 220g","p":2.86,"u":"13,00 €/KG","img":"https://fd2-photos.leclercdrive.fr/image.ashx?id=2688872&use=l&cat=p&typeid=i","cat":284464},{"id":215035,"n":"Jambon Le Braisé fleury Michon  Doré Sans nitrite x4 - 140g","p":2.9,"u":"20,71 €/KG","img":"https://fd2-photos.leclercdrive.fr/image.ashx?id=2923939&use=l&cat=p&typeid=i","cat":316009},{"id":215041,"n":"Lasagnes à la Bolognaise  Fleury Michon - 300g","p":3.78,"u":"12,60 €/KG","img":"https://fd2-photos.leclercdrive.fr/image.ashx?id=3003242&use=l&cat=p&typeid=i","cat":333665},{"id":215056,"n":"Recharge Lessive liquide  Rainett - Bicarbonate 1.6L","p":5.59,"u":"3,49 €/L","img":"https://fd2-photos.leclercdrive.fr/image.ashx?id=2940291&use=l&cat=p&typeid=i","cat":284640},{"id":215163,"n":"Knacki Gourmande Herta  100% pur porc x4 - 280g","p":2.43,"u":"8,68 €/KG","img":"https://fd2-photos.leclercdrive.fr/image.ashx?id=2799859&use=l&cat=p&typeid=i","cat":316012},{"id":215172,"n":"Gambas ASC Pêche Océan Décortiquées & cuites - 110g","p":3.65,"u":"33,18 €/KG","img":"https://fd2-photos.leclercdrive.fr/image.ashx?id=2953656&use=l&cat=p&typeid=i","cat":284343},{"id":215180,"n":"Filet de Haddock du Nord Nos Régions ont du Talent -140g","p":4.99,"u":"35,64 €/KG","img":"https://fd2-photos.leclercdrive.fr/image.ashx?id=2834338&use=l&cat=p&typeid=i","cat":285188},{"id":215210,"n":"Eponge salle de bain Spontex Salsa Power - x2","p":1.72,"u":"0,86 €/P","img":"https://fd2-photos.leclercdrive.fr/image.ashx?id=2742099&use=l&cat=p&typeid=i","cat":284667},{"id":215231,"n":"Petites gambas Fleury Ichon À la persillade - 280g","p":4.25,"u":"15,18 €/KG","img":"https://fd2-photos.leclercdrive.fr/image.ashx?id=2889499&use=l&cat=p&typeid=i","cat":333665},{"id":215234,"n":"Petits pots bébé P'TITE RECETTE Bio Spaghetti bolo 8M+ - 2x190g","p":3.2,"u":"8,42 €/KG","img":"https://fd2-photos.leclercdrive.fr/image.ashx?id=2597558&use=l&cat=p&typeid=i","cat":312236},{"id":215242,"n":"Tomates séchées bio Gusti Amo 280g","p":4.99,"u":"17,82 €/KG","img":"https://fd2-photos.leclercdrive.fr/image.ashx?id=2598181&use=l&cat=p&typeid=i","cat":312608},{"id":215278,"n":"Bonbons Copains Copines Bouée bi-goût acide - 250 g","p":1.59,"u":"6,36 €/KG","img":"https://fd2-photos.leclercdrive.fr/image.ashx?id=2934763&use=l&cat=p&typeid=i","cat":304250},{"id":215311,"n":"P'tit biscuit Nestlé 180g","p":2.06,"u":"11,44 €/KG","img":"https://fd2-photos.leclercdrive.fr/image.ashx?id=2737225&use=l&cat=p&typeid=i","cat":312227},{"id":215497,"n":"Chocolat liqueur  Abtey Poire williams - x10 - 200g","p":6.25,"u":"31,25 €/KG","img":"https://fd2-photos.leclercdrive.fr/image.ashx?id=2599583&use=l&cat=p&typeid=i","cat":327601},{"id":215501,"n":"Casier chocolat  liqueur Abtey x12 -  155g","p":7.27,"u":"46,90 €/KG","img":"https://fd2-photos.leclercdrive.fr/image.ashx?id=2731174&use=l&cat=p&typeid=i","cat":327601},{"id":215502,"n":"Casier chocolat liqueur Abtey Rhum arrangé x12 - 155g","p":7.27,"u":"46,90 €/KG","img":"https://fd2-photos.leclercdrive.fr/image.ashx?id=2599586&use=l&cat=p&typeid=i","cat":327601},{"id":215564,"n":"Boules praliné lait Jacquot Eclat de noisettes 1 Kg","p":17.23,"u":"17,23 €/KG","img":"https://fd2-photos.leclercdrive.fr/image.ashx?id=2599607&use=l&cat=p&typeid=i","cat":327595},{"id":215571,"n":"Père Noël Jacquot moulage chocolat 100g","p":2.01,"u":"20,10 €/KG","img":"https://fd2-photos.leclercdrive.fr/image.ashx?id=2855876&use=l&cat=p&typeid=i","cat":327592},{"id":215633,"n":"Fizzy Lisa la licorne  100g","p":12.5,"u":"125,00 €/KG","img":"https://fd2-photos.leclercdrive.fr/image.ashx?id=2659349&use=l&cat=p&typeid=i","cat":327789},{"id":215639,"n":"Fizzy fizzou'nours Fizzou'nours - 135g","p":17.91,"u":"132,67 €/KG","img":"https://fd2-photos.leclercdrive.fr/image.ashx?id=2851012&use=l&cat=p&typeid=i","cat":327789},{"id":215712,"n":"Boîte sélection Côte d'or 135g","p":6.33,"u":"46,89 €/KG","img":"https://fd2-photos.leclercdrive.fr/image.ashx?id=2599964&use=l&cat=p&typeid=i","cat":327595},{"id":215716,"n":"Père Noël blanc Milka 90g","p":3.7,"u":"41,11 €/KG","img":"https://fd2-photos.leclercdrive.fr/image.ashx?id=2599946&use=l&cat=p&typeid=i","cat":327592},{"id":215735,"n":"Bouchées Chocolat Noël Nestlé L'Atelier Lait Caramel - 272g","p":9.26,"u":"34,04 €/KG","img":"https://fd2-photos.leclercdrive.fr/image.ashx?id=2940594&use=l&cat=p&typeid=i","cat":327595},{"id":215737,"n":"Smarties chocolat Mini Figurines - 147g","p":6.48,"u":"44,08 €/KG","img":"https://fd2-photos.leclercdrive.fr/image.ashx?id=3000450&use=l&cat=p&typeid=i","cat":327592},{"id":215738,"n":"KitKat Chocolat Noël Mini Figurines - 147g","p":6.48,"u":"44,08 €/KG","img":"https://fd2-photos.leclercdrive.fr/image.ashx?id=2763978&use=l&cat=p&typeid=i","cat":327592},{"id":215739,"n":"Galak Chocolat Noël Mini Figurines - 147g","p":6.48,"u":"44,08 €/KG","img":"https://fd2-photos.leclercdrive.fr/image.ashx?id=2897375&use=l&cat=p&typeid=i","cat":327592},{"id":215740,"n":"Crunch Chocolat Noël Mini Figurines - 144g","p":6.48,"u":"45,00 €/KG","img":"https://fd2-photos.leclercdrive.fr/image.ashx?id=2763987&use=l&cat=p&typeid=i","cat":327592},{"id":215760,"n":"Petite fleur Rohan 80g","p":3.41,"u":"42,63 €/KG","img":"https://fd2-photos.leclercdrive.fr/image.ashx?id=2620299&use=l&cat=p&typeid=i","cat":327592},{"id":215763,"n":"Père noël canne Rohan 400g","p":10.43,"u":"26,08 €/KG","img":"https://fd2-photos.leclercdrive.fr/image.ashx?id=2620287&use=l&cat=p&typeid=i","cat":327592},{"id":215899,"n":"Moules apéritives Pêche Océan - 350ml","p":2.69,"u":"7,69 €/L","img":"https://fd2-photos.leclercdrive.fr/image.ashx?id=2605008&use=l&cat=p&typeid=i","cat":285094},{"id":215900,"n":"Moules apéritives à la catalane Pêche Océan - 350ml","p":2.69,"u":"7,69 €/L","img":"https://fd2-photos.leclercdrive.fr/image.ashx?id=2605005&use=l&cat=p&typeid=i","cat":285094},{"id":215901,"n":"Choucroute à l'Alsacienne  Stoeffler - 950g","p":7.98,"u":"8,40 €/KG","img":"https://fd2-photos.leclercdrive.fr/image.ashx?id=2607680&use=l&cat=p&typeid=i","cat":333666},{"id":215954,"n":"Croustis de brocolis Bonduelle  305g","p":2.73,"u":"8,95 €/KG","img":"https://fd2-photos.leclercdrive.fr/image.ashx?id=2910079&use=l&cat=p&typeid=i","cat":319822},{"id":216007,"n":"Petits pots bébé P'TIT SOUPER Quinotto carottes 8M+ - 2x200g","p":2.16,"u":"5,40 €/KG","img":"https://fd2-photos.leclercdrive.fr/image.ashx?id=2737762&use=l&cat=p&typeid=i","cat":312239},{"id":216017,"n":"Dessert Lacté P'TIT BRASSE BIO  Végétal Coco Kiwi 6M+ - 4X90g","p":2.5,"u":"6,94 €/KG","img":"https://fd2-photos.leclercdrive.fr/image.ashx?id=2601812&use=l&cat=p&typeid=i","cat":312392},{"id":216021,"n":"Desserts Lactés P'TIT ONCTUEUX  Mini Fraise 6M+ - 6x50g","p":2.29,"u":"7,63 €/KG","img":"https://fd2-photos.leclercdrive.fr/image.ashx?id=2601881&use=l&cat=p&typeid=i","cat":312392},{"id":216072,"n":"Beurre Président Demi-sel - 60% MG - 200g","p":1.72,"u":"8,60 €/KG","img":"https://fd2-photos.leclercdrive.fr/image.ashx?id=2841265&use=l&cat=p&typeid=i","cat":284379},{"id":216095,"n":"Chips Tortilla Doritos Goût nacho cheese - 160g","p":1.45,"u":"9,06 €/KG","img":"https://fd2-photos.leclercdrive.fr/image.ashx?id=2990478&use=l&cat=p&typeid=i","cat":287899},{"id":216096,"n":"Chips Tortilla Doritos Goût Nature Sel - 160g","p":1.87,"u":"11,69 €/KG","img":"https://fd2-photos.leclercdrive.fr/image.ashx?id=2880715&use=l&cat=p&typeid=i","cat":287899},{"id":216097,"n":"Chips Tortilla Doritos Goût paprika - 160g","p":1.99,"u":"12,44 €/KG","img":"https://fd2-photos.leclercdrive.fr/image.ashx?id=2890091&use=l&cat=p&typeid=i","cat":287899},{"id":216098,"n":"Chips Tortilla Doritos Goût sweet chili - 160g","p":1.83,"u":"11,44 €/KG","img":"https://fd2-photos.leclercdrive.fr/image.ashx?id=2990475&use=l&cat=p&typeid=i","cat":287899},{"id":216099,"n":"Chips Tortilla Doritos Goût sour cream - 160g","p":1.99,"u":"12,44 €/KG","img":"https://fd2-photos.leclercdrive.fr/image.ashx?id=2890088&use=l&cat=p&typeid=i","cat":287899},{"id":216100,"n":"Joue de porc cuite Bigard Sauce aux échalotes - 400g","p":8.57,"u":"21,43 €/KG","img":"https://fd2-photos.leclercdrive.fr/image.ashx?id=2602530&use=l&cat=p&typeid=i","cat":284331},{"id":216101,"n":"Araignée de boeuf  Bigard Sauce poivre - 400g","p":8.98,"u":"22,45 €/KG","img":"https://fd2-photos.leclercdrive.fr/image.ashx?id=2602533&use=l&cat=p&typeid=i","cat":284328},{"id":216105,"n":"Pané raclette Grand Fermage x4 - 100g","p":2.24,"u":"22,40 €/KG","img":"https://fd2-photos.leclercdrive.fr/image.ashx?id=2603402&use=l&cat=p&typeid=i","cat":314037},{"id":216112,"n":"Yaourt Fruits Panier de Yoplait Fraise Framboise - 4x125g","p":1.6,"u":"3,20 €/KG","img":"https://fd2-photos.leclercdrive.fr/image.ashx?id=2884471&use=l&cat=p&typeid=i","cat":284410},{"id":216113,"n":"Yaourt Fruits Panier de Yoplait Mûre Myrtille - 4x125g","p":1.6,"u":"3,20 €/KG","img":"https://fd2-photos.leclercdrive.fr/image.ashx?id=2884480&use=l&cat=p&typeid=i","cat":284410},{"id":216114,"n":"Yaourt Fruits Panier de Yoplait Abricot Nectarine - 4x125g","p":1.6,"u":"3,20 €/KG","img":"https://fd2-photos.leclercdrive.fr/image.ashx?id=2884474&use=l&cat=p&typeid=i","cat":284410},{"id":216115,"n":"Yaourt Fruits Panier de Yoplait Cerise - 4x125g","p":1.77,"u":"3,85 €/P","img":"https://fd2-photos.leclercdrive.fr/image.ashx?id=2884483&use=l&cat=p&typeid=i","cat":284410},{"id":216119,"n":"Yaourt Panier de Yoplait Fruits Jaunes - 8x125g","p":2.51,"u":"2,51 €/KG","img":"https://fd2-photos.leclercdrive.fr/image.ashx?id=2811965&use=l&cat=p&typeid=i","cat":284410},{"id":216120,"n":"Yaourt Fruits Panier de Yoplait Fraise Framboise Cerise -8x125g","p":2.77,"u":"2,77 €/KG","img":"https://fd2-photos.leclercdrive.fr/image.ashx?id=2811968&use=l&cat=p&typeid=i","cat":284410},{"id":216121,"n":"Yaourt Fruits Panier de Yoplait Coco Mangue Ananas - 8x125g","p":2.87,"u":"2,87 €/KG","img":"https://fd2-photos.leclercdrive.fr/image.ashx?id=2733742&use=l&cat=p&typeid=i","cat":284410},{"id":216123,"n":"Yaourt Fruits Panier de Yoplait Panaché - 16x125g","p":4.66,"u":"2,33 €/KG","img":"https://fd2-photos.leclercdrive.fr/image.ashx?id=2884489&use=l&cat=p&typeid=i","cat":284410},{"id":216126,"n":"Yaourt Panier de Yoplait Fruits Rouges 0%Mg - 8x125g","p":2.33,"u":"2,33 €/KG","img":"https://fd2-photos.leclercdrive.fr/image.ashx?id=2830399&use=l&cat=p&typeid=i","cat":284410},{"id":216128,"n":"Yaourt Fruits Panier de Yoplait Panaché 0%Mg - 16x125g","p":4.36,"u":"2,18 €/KG","img":"https://fd2-photos.leclercdrive.fr/image.ashx?id=2884495&use=l&cat=p&typeid=i","cat":284410},{"id":216295,"n":"Raclette nature Eco+ 400g","p":3.37,"u":"8,43 €/KG","img":"https://fd2-photos.leclercdrive.fr/image.ashx?id=2611852&use=l&cat=p&typeid=i","cat":314037},{"id":216303,"n":"Riz Méditerranée Ben's original  Express 2mn - 220g","p":1.32,"u":"5,28 €/KG","img":"https://fd2-photos.leclercdrive.fr/image.ashx?id=2995301&use=l&cat=p&typeid=i","cat":287600},{"id":216319,"n":"Paupiette de porc Bigard Cheddar - 3x125g","p":4.99,"u":"13,31 €/KG","img":"https://fd2-photos.leclercdrive.fr/image.ashx?id=2615448&use=l&cat=p&typeid=i","cat":284331},{"id":216463,"n":"Lingettes désinfectantes St  Marc Anti-Bactériennes - x80","p":2.51,"u":"0,03 €/P","img":"https://fd2-photos.leclercdrive.fr/image.ashx?id=2811341&use=l&cat=p&typeid=i","cat":325358},{"id":216519,"n":"Skyr Siggi's  Stracciatella - 2x140g","p":1.92,"u":"6,86 €/KG","img":"https://fd2-photos.leclercdrive.fr/image.ashx?id=2606885&use=l&cat=p&typeid=i","cat":315000},{"id":216520,"n":"Skyr Siggi's  Noix de Coco - 2x140g","p":1.95,"u":"6,96 €/KG","img":"https://fd2-photos.leclercdrive.fr/image.ashx?id=2938623&use=l&cat=p&typeid=i","cat":315000},{"id":216522,"n":"Fromage blanc Lindahls Protein  Pêche Passion - 2x160g","p":2.35,"u":"7,34 €/KG","img":"https://fd2-photos.leclercdrive.fr/image.ashx?id=2870197&use=l&cat=p&typeid=i","cat":284409},{"id":216597,"n":"Pâte à tartiner Andros be nuts Cacahuète crémeux - 325g","p":3.17,"u":"9,75 €/KG","img":"https://fd2-photos.leclercdrive.fr/image.ashx?id=2916201&use=l&cat=p&typeid=i","cat":284481},{"id":216602,"n":"Confit de manchons de canard Maison Montfort - 400g","p":5.3,"u":"13,25 €/KG","img":"https://fd2-photos.leclercdrive.fr/image.ashx?id=2859239&use=l&cat=p&typeid=i","cat":284339},{"id":216741,"n":"Sauce tomate Gusti Amo Bio tomate basilic  - 350g","p":3.35,"u":"9,57 €/KG","img":"https://fd2-photos.leclercdrive.fr/image.ashx?id=2608872&use=l&cat=p&typeid=i","cat":288384},{"id":216746,"n":"Sauce tomate Gusti Amo Bio ricotta - 350g","p":3.33,"u":"9,51 €/KG","img":"https://fd2-photos.leclercdrive.fr/image.ashx?id=2608869&use=l&cat=p&typeid=i","cat":288384},{"id":216749,"n":"Sauce pesto Gusti Amo Bio Pesto verde - 130g","p":3.13,"u":"24,08 €/KG","img":"https://fd2-photos.leclercdrive.fr/image.ashx?id=2608875&use=l&cat=p&typeid=i","cat":299047},{"id":216798,"n":"Pizza del gusto Mix Montagnarde - 380g","p":5.93,"u":"15,61 €/KG","img":"https://fd2-photos.leclercdrive.fr/image.ashx?id=2609917&use=l&cat=p&typeid=i","cat":333679},{"id":216863,"n":"Lasagne Fleury Michon Bolognaise - 600g","p":7.56,"u":"12,60 €/KG","img":"https://fd2-photos.leclercdrive.fr/image.ashx?id=2686921&use=l&cat=p&typeid=i","cat":333665},{"id":216999,"n":"Pétales céréales Grainea Nature - 750g","p":2.99,"u":"3,99 €/KG","img":"https://fd2-photos.leclercdrive.fr/image.ashx?id=2927869&use=l&cat=p&typeid=i","cat":309512},{"id":217003,"n":"Céréales coco pops Kellogg's Au chocolat - 550g","p":3.82,"u":"6,95 €/KG","img":"https://fd2-photos.leclercdrive.fr/image.ashx?id=2611080&use=l&cat=p&typeid=i","cat":309513},{"id":217109,"n":"Cuisse de canard Canard du Gers Confite IGP  x1 - 200g","p":6.69,"u":"33,45 €/KG","img":"https://fd2-photos.leclercdrive.fr/image.ashx?id=2735704&use=l&cat=p&typeid=i","cat":284339},{"id":217470,"n":"Parmentier de canard confit Fleury Michon - 300g","p":3.95,"u":"13,17 €/KG","img":"https://fd2-photos.leclercdrive.fr/image.ashx?id=3003257&use=l&cat=p&typeid=i","cat":333665},{"id":217613,"n":"Café en grain Plantation Ethiopie - 500g","p":7.99,"u":"15,98 €/KG","img":"https://fd2-photos.leclercdrive.fr/image.ashx?id=2824310&use=l&cat=p&typeid=i","cat":293237},{"id":217987,"n":"Dentifrice Signal Integral 8 Prébiotique complet - 100ml","p":2.65,"u":"26,50 €/L","img":"https://fd2-photos.leclercdrive.fr/image.ashx?id=2738668&use=l&cat=p&typeid=i","cat":284612},{"id":217989,"n":"Dentifrice Integral 8 Signal HaleineFraîche Prébiotique 75ml","p":2.26,"u":"30,13 €/L","img":"https://fd2-photos.leclercdrive.fr/image.ashx?id=2985660&use=l&cat=p&typeid=i","cat":284612},{"id":217991,"n":"Dentifrice Signal Integral 8 Nettoyage intense - 75ml","p":2.39,"u":"31,87 €/L","img":"https://fd2-photos.leclercdrive.fr/image.ashx?id=2818190&use=l&cat=p&typeid=i","cat":284612},{"id":217995,"n":"Dentifrice Signal Integral 8 Resist +Prébiotique - 75ml","p":2.89,"u":"38,53 €/L","img":"https://fd2-photos.leclercdrive.fr/image.ashx?id=2818199&use=l&cat=p&typeid=i","cat":284612},{"id":218001,"n":"Dentifrice Signal Système Blancheur - Charbon - 75ml","p":2.31,"u":"30,80 €/L","img":"https://fd2-photos.leclercdrive.fr/image.ashx?id=2981421&use=l&cat=p&typeid=i","cat":284612},{"id":218189,"n":"Pizza croustimoelleuse extrême  Marie Tartiflette - 2+1 offerte","p":6.47,"u":"3,92 €/KG","img":"https://fd2-photos.leclercdrive.fr/image.ashx?id=2996665&use=l&cat=p&typeid=i","cat":284256},{"id":218289,"n":"Crème dessert Ker Ronan Café des Indes - 4x105g","p":1.86,"u":"4,43 €/KG","img":"https://fd2-photos.leclercdrive.fr/image.ashx?id=2618068&use=l&cat=p&typeid=i","cat":285041},{"id":218290,"n":"Riz au lait Ker Ronan 4x105g","p":2.17,"u":"5,17 €/KG","img":"https://fd2-photos.leclercdrive.fr/image.ashx?id=2618071&use=l&cat=p&typeid=i","cat":284418},{"id":218292,"n":"Crevettes sauvages rouges 250g","p":8.9,"u":"35,60 €/KG","img":"https://fd2-photos.leclercdrive.fr/image.ashx?id=2617939&use=l&cat=p&typeid=i","cat":319787},{"id":218293,"n":"Apéritif à croquer Escal Sarrasin pavot - x22 - 250g","p":7.64,"u":"30,56 €/KG","img":"https://fd2-photos.leclercdrive.fr/image.ashx?id=2628845&use=l&cat=p&typeid=i","cat":319774},{"id":218312,"n":"Houmous extra au basilic  L'Atelier Blini - 175g","p":2.79,"u":"15,94 €/KG","img":"https://fd2-photos.leclercdrive.fr/image.ashx?id=2819370&use=l&cat=p&typeid=i","cat":315999},{"id":218332,"n":"Pizza feu de bois Turini Montagnarde - 450g","p":3.24,"u":"7,20 €/KG","img":"https://fd2-photos.leclercdrive.fr/image.ashx?id=2816621&use=l&cat=p&typeid=i","cat":284256},{"id":218333,"n":"Yakitori poulet Ajinomoto Sauce Teriaki - 200g","p":4.49,"u":"22,45 €/KG","img":"https://fd2-photos.leclercdrive.fr/image.ashx?id=2692596&use=l&cat=p&typeid=i","cat":319774},{"id":218385,"n":"Steak haché 5% Bigard 100% pur boeuf x4 - 400g","p":8.77,"u":"21,93 €/KG","img":"https://fd2-photos.leclercdrive.fr/image.ashx?id=2618999&use=l&cat=p&typeid=i","cat":284332},{"id":218423,"n":"Burrata di Bufala Les Croisés - 125g","p":2.91,"u":"23,28 €/KG","img":"https://fd2-photos.leclercdrive.fr/image.ashx?id=3009529&use=l&cat=p&typeid=i","cat":314026},{"id":218424,"n":"Milky fromage enfant à tartiner Les Croisés 8 portions - 144g","p":1.76,"u":"12,22 €/KG","img":"https://fd2-photos.leclercdrive.fr/image.ashx?id=2791908&use=l&cat=p&typeid=i","cat":314030},{"id":218427,"n":"Mozzarella Fior Di Latte Les Croisés - 125g","p":1.59,"u":"12,72 €/KG","img":"https://fd2-photos.leclercdrive.fr/image.ashx?id=2617726&use=l&cat=p&typeid=i","cat":314026},{"id":218428,"n":"Bûche glacée Nestlé Fruits rouges meringue - 540g","p":7.14,"u":"13,22 €/KG","img":"https://fd2-photos.leclercdrive.fr/image.ashx?id=2936710&use=l&cat=p&typeid=i","cat":284266},{"id":218434,"n":"Gambas roses géantes Pescanova À cuire - 800g","p":24.87,"pp":16.41,"u":"20,51 €/KG","img":"https://fd2-photos.leclercdrive.fr/image.ashx?id=2619127&use=l&cat=p&typeid=i","cat":319787},{"id":218435,"n":"Tiramisu Saporit  500g","p":8.74,"u":"17,48 €/KG","img":"https://fd2-photos.leclercdrive.fr/image.ashx?id=2619157&use=l&cat=p&typeid=i","cat":284266},{"id":218443,"n":"Viande hachée porc Socopa Ultra savoureux - 350g","p":3.29,"u":"9,40 €/KG","img":"https://fd2-photos.leclercdrive.fr/image.ashx?id=2618796&use=l&cat=p&typeid=i","cat":284332},{"id":218461,"n":"Paupiettes de porc Bigard Lardées Chorizo - 375 g","p":5.77,"u":"15,39 €/KG","img":"https://fd2-photos.leclercdrive.fr/image.ashx?id=2619008&use=l&cat=p&typeid=i","cat":284331},{"id":218489,"n":"Foie gras de canard entier Jean Larnaudie - 160g","p":32.49,"u":"203,06 €/KG","img":"https://fd2-photos.leclercdrive.fr/image.ashx?id=2918634&use=l&cat=p&typeid=i","cat":316008},{"id":218490,"n":"Foie gras de canard entier Torchon Jean Larnaudie - 160g","p":22.95,"pp":15.15,"u":"94,69 €/KG","img":"https://fd2-photos.leclercdrive.fr/image.ashx?id=2916800&use=l&cat=p&typeid=i","cat":316008},{"id":218492,"n":"Brisures de saumon fumé Eco+ 150g","p":3.06,"u":"20,40 €/KG","img":"https://fd2-photos.leclercdrive.fr/image.ashx?id=3005528&use=l&cat=p&typeid=i","cat":285188},{"id":218494,"n":"Panés aux poissons Eco+ 200g","p":1.55,"u":"7,75 €/KG","img":"https://fd2-photos.leclercdrive.fr/image.ashx?id=2618706&use=l&cat=p&typeid=i","cat":284344},{"id":218497,"n":"Burger du Chef Socopa Porc goût bacon x2 - 220g","p":2.45,"u":"11,14 €/KG","img":"https://fd2-photos.leclercdrive.fr/image.ashx?id=2619959&use=l&cat=p&typeid=i","cat":284332},{"id":218501,"n":"Profiteroles Saporit 500g","p":7.71,"u":"15,42 €/KG","img":"https://fd2-photos.leclercdrive.fr/image.ashx?id=2620557&use=l&cat=p&typeid=i","cat":284266},{"id":218556,"n":"Chips Bret's Sel et vinaigre - 250g","p":2.7,"u":"10,80 €/KG","img":"https://fd2-photos.leclercdrive.fr/image.ashx?id=2620416&use=l&cat=p&typeid=i","cat":284447},{"id":218582,"n":"Biscuits Tentation Delacre Chocolat Boîte - 150g","p":2.63,"u":"17,53 €/KG","img":"https://fd2-photos.leclercdrive.fr/image.ashx?id=2673142&use=l&cat=p&typeid=i","cat":284490},{"id":218670,"n":"Mini roulés feuilletés  Côté Table x36 - 432g","p":4.69,"u":"10,86 €/KG","img":"https://fd2-photos.leclercdrive.fr/image.ashx?id=2619856&use=l&cat=p&typeid=i","cat":319774},{"id":218804,"n":"Croquettes chat Perfect Fit Boeuf Stérilisés Adulte 1.4kg","p":5.75,"u":"4,11 €/KG","img":"https://fd2-photos.leclercdrive.fr/image.ashx?id=2622792&use=l&cat=p&typeid=i","cat":284680},{"id":218838,"n":"Rillettes de thon MSC Cap Océan - 140g","p":1.88,"u":"13,43 €/KG","img":"https://fd2-photos.leclercdrive.fr/image.ashx?id=3008845&use=l&cat=p&typeid=i","cat":285191},{"id":218861,"n":"Knacki Original Herta Sans nitrite x10 - 350g","p":3.29,"u":"9,40 €/KG","img":"https://fd2-photos.leclercdrive.fr/image.ashx?id=2684958&use=l&cat=p&typeid=i","cat":316012},{"id":218862,"n":"Knacki Original Herta x20 - 700g","p":3.35,"u":"4,79 €/KG","img":"https://fd2-photos.leclercdrive.fr/image.ashx?id=2688848&use=l&cat=p&typeid=i","cat":316012},{"id":218863,"n":"Bacon fumé Herta Sans nitrite x10 - 120g","p":2.25,"u":"18,75 €/KG","img":"https://fd2-photos.leclercdrive.fr/image.ashx?id=2876248&use=l&cat=p&typeid=i","cat":316011},{"id":219148,"n":"Cuisse de pintade Le Gaulois Sauce aux Cèpes x2 - 320g","p":9.3,"u":"29,06 €/KG","img":"https://fd2-photos.leclercdrive.fr/image.ashx?id=2639561&use=l&cat=p&typeid=i","cat":327289},{"id":219405,"n":"Pièces de monnaie Rohan Chocolat - 100g","p":2.2,"u":"22,00 €/KG","img":"https://fd2-photos.leclercdrive.fr/image.ashx?id=2674743&use=l&cat=p&typeid=i","cat":327592},{"id":219601,"n":"Petits pains grillés Pasquier Blé complet - 225g","p":1.78,"u":"7,91 €/KG","img":"https://fd2-photos.leclercdrive.fr/image.ashx?id=2834452&use=l&cat=p&typeid=i","cat":284479},{"id":219602,"n":"Petits pains grillés Pasquier Froment - 225g","p":1.43,"u":"6,36 €/KG","img":"https://fd2-photos.leclercdrive.fr/image.ashx?id=2834455&use=l&cat=p&typeid=i","cat":284479},{"id":219921,"n":"Saumon fumé Ronde des Mers Islande 4 tranches - 140g","p":4.99,"u":"35,64 €/KG","img":"https://fd2-photos.leclercdrive.fr/image.ashx?id=2833138&use=l&cat=p&typeid=i","cat":285188},{"id":220245,"n":"Croquettes chien  Pedigree à la volaille - 7kg","p":17.59,"u":"2,51 €/KG","img":"https://fd2-photos.leclercdrive.fr/image.ashx?id=2813495&use=l&cat=p&typeid=i","cat":284672},{"id":220254,"n":"Croquettes chien  Pedigree au bœuf - 7kg","p":17.59,"u":"2,51 €/KG","img":"https://fd2-photos.leclercdrive.fr/image.ashx?id=2981286&use=l&cat=p&typeid=i","cat":284672},{"id":220293,"n":"Stevia en bûchettes x50 - 50g","p":1.29,"u":"25,80 €/KG","img":"https://fd2-photos.leclercdrive.fr/image.ashx?id=2632683&use=l&cat=p&typeid=i","cat":324846},{"id":220350,"n":"Stevia en comprimés Edulcorel x100 - 7g","p":0.99,"u":"141,43 €/KG","img":"https://fd2-photos.leclercdrive.fr/image.ashx?id=2632915&use=l&cat=p&typeid=i","cat":324846},{"id":220537,"n":"Emiettés de thon fumé Gastromer Citron confit - 150g","p":2.32,"u":"15,47 €/KG","img":"https://fd2-photos.leclercdrive.fr/image.ashx?id=2638829&use=l&cat=p&typeid=i","cat":315999},{"id":220565,"n":"Foie gras de canard entier   Maison Montfort - 250g","p":30.28,"u":"121,12 €/KG","img":"https://fd2-photos.leclercdrive.fr/image.ashx?id=2731045&use=l&cat=p&typeid=i","cat":316008},{"id":220591,"n":"Brassé végétal Andros Fraise - 6x100g","p":2.31,"u":"3,85 €/KG","img":"https://fd2-photos.leclercdrive.fr/image.ashx?id=2638975&use=l&cat=p&typeid=i","cat":316071},{"id":220689,"n":"Dentifrice Integral 8 Signal Interdentaire Prébiotique 75ml","p":2.26,"u":"30,13 €/L","img":"https://fd2-photos.leclercdrive.fr/image.ashx?id=2940654&use=l&cat=p&typeid=i","cat":284612},{"id":220786,"n":"Papier toilette humide Lotus Confort - x38","p":1.36,"u":"0,04 €/P","img":"https://fd2-photos.leclercdrive.fr/image.ashx?id=2864843&use=l&cat=p&typeid=i","cat":284634},{"id":220800,"n":"Pommes rissolées Findus 1.08kg","p":3.5,"u":"3,24 €/KG","img":"https://fd2-photos.leclercdrive.fr/image.ashx?id=2843183&use=l&cat=p&typeid=i","cat":319792},{"id":221051,"n":"Couronne de crevettes Delpierre Sauce cocktail - 220g","p":5.59,"u":"25,41 €/KG","img":"https://fd2-photos.leclercdrive.fr/image.ashx?id=2639606&use=l&cat=p&typeid=i","cat":284343},{"id":221052,"n":"Couronne de crevettes Delpierre Sauce fines herbes - 220g","p":5.59,"u":"25,41 €/KG","img":"https://fd2-photos.leclercdrive.fr/image.ashx?id=2639609&use=l&cat=p&typeid=i","cat":284343},{"id":221053,"n":"Couronne de crevettes Delpierre Sauce mayonnaise citron - 220g","p":5.59,"u":"25,41 €/KG","img":"https://fd2-photos.leclercdrive.fr/image.ashx?id=2639612&use=l&cat=p&typeid=i","cat":284343},{"id":221186,"n":"Adoucissant Lenor Complete Rose - 903ml - x43","p":4.65,"u":"5,15 €/L","img":"https://fd2-photos.leclercdrive.fr/image.ashx?id=2858291&use=l&cat=p&typeid=i","cat":284650},{"id":221203,"n":"Jus multivitamines Andros 1,5L","p":3.35,"u":"2,23 €/L","img":"https://fd2-photos.leclercdrive.fr/image.ashx?id=2904269&use=l&cat=p&typeid=i","cat":284917},{"id":221205,"n":"Fromage fondu Burger Eco+ x10 - 200g","p":1.15,"u":"5,75 €/KG","img":"https://fd2-photos.leclercdrive.fr/image.ashx?id=2956960&use=l&cat=p&typeid=i","cat":314028},{"id":221217,"n":"Maxi croustis Cheesy Bonduelle Potiron lentille emmental -240g","p":3.16,"u":"13,17 €/KG","img":"https://fd2-photos.leclercdrive.fr/image.ashx?id=2979650&use=l&cat=p&typeid=i","cat":319822},{"id":221221,"n":"Mini croustis Frenchy Bonduelle Epinards courgette chèvre -240g","p":2.73,"img":"https://fd2-photos.leclercdrive.fr/image.ashx?id=2979656&use=l&cat=p&typeid=i","cat":319822},{"id":221223,"n":"Mini croustis Mexican Bonduelle Maïs haricot rouge cheddar 240g","p":2.73,"u":"11,38 €/KG","img":"https://fd2-photos.leclercdrive.fr/image.ashx?id=2996530&use=l&cat=p&typeid=i","cat":319822},{"id":221241,"n":"Dessert Cappuccino Equador Mousse au café - 2x90g","p":2.11,"u":"11,72 €/KG","img":"https://fd2-photos.leclercdrive.fr/image.ashx?id=2640215&use=l&cat=p&typeid=i","cat":284419},{"id":221281,"n":"Coeur fondant Equador Caramel - 2x90g","p":2.35,"u":"13,06 €/KG","img":"https://fd2-photos.leclercdrive.fr/image.ashx?id=2640212&use=l&cat=p&typeid=i","cat":284419},{"id":221340,"n":"AOP Feta affinée En fût - 150g","p":2.9,"u":"19,33 €/KG","img":"https://fd2-photos.leclercdrive.fr/image.ashx?id=2856359&use=l&cat=p&typeid=i","cat":314026},{"id":221493,"n":"Stevia en comprimés Eco+ x650 - 42,25g","p":1.52,"u":"36,19 €/KG","img":"https://fd2-photos.leclercdrive.fr/image.ashx?id=2641789&use=l&cat=p&typeid=i","cat":284502},{"id":221505,"n":"Infusion digestion légère  Elephant - x20 - 32g","p":2.04,"u":"63,75 €/KG","img":"https://fd2-photos.leclercdrive.fr/image.ashx?id=2655653&use=l&cat=p&typeid=i","cat":293234},{"id":221507,"n":"Infusion nuit tranquille  Elephant - x20 - 30g","p":1.45,"u":"48,33 €/KG","img":"https://fd2-photos.leclercdrive.fr/image.ashx?id=2655647&use=l&cat=p&typeid=i","cat":293234},{"id":221713,"n":"Myrtille Fresh Cueillette 500g","p":6.1,"u":"12,20 €/KG","img":"https://fd2-photos.leclercdrive.fr/image.ashx?id=2915134&use=l&cat=p&typeid=i","cat":284268},{"id":221714,"n":"Mangue ananas Fresh Cueillette 500g","p":3.49,"u":"6,98 €/KG","img":"https://fd2-photos.leclercdrive.fr/image.ashx?id=2818721&use=l&cat=p&typeid=i","cat":284268},{"id":222004,"n":"Nettoyant Ménager Mr Propre Animaux - 1L","p":3.6,"u":"3,60 €/L","img":"https://fd2-photos.leclercdrive.fr/image.ashx?id=2683412&use=l&cat=p&typeid=i","cat":284907},{"id":222030,"n":"Yaourt à boire Actimel Original et Fraise - 8x100g","p":3.52,"u":"4,40 €/KG","img":"https://fd2-photos.leclercdrive.fr/image.ashx?id=2648121&use=l&cat=p&typeid=i","cat":284415},{"id":222033,"n":"Yaourt à boire Actimel Nature 0% - 8x100g","p":3.52,"u":"4,40 €/KG","img":"https://fd2-photos.leclercdrive.fr/image.ashx?id=2648127&use=l&cat=p&typeid=i","cat":284415},{"id":222035,"n":"Yaourt à boire Actimel Coco - 8x100g","p":4.23,"u":"5,29 €/KG","img":"https://fd2-photos.leclercdrive.fr/image.ashx?id=2648130&use=l&cat=p&typeid=i","cat":284415},{"id":222056,"n":"Citron vert  1p","p":0.69,"img":"https://fd2-photos.leclercdrive.fr/image.ashx?id=1628331&use=l&cat=p&typeid=i","cat":284356},{"id":222088,"n":"Poire Conférence 1p","p":0.79,"img":"https://fd2-photos.leclercdrive.fr/image.ashx?id=1636641&use=l&cat=p&typeid=i","cat":284356},{"id":222091,"n":"Pomme Golden  1p","p":0.45,"img":"https://fd2-photos.leclercdrive.fr/image.ashx?id=1630966&use=l&cat=p&typeid=i","cat":284356},{"id":222093,"n":"Pomme Royal Gala  1p","p":0.5,"img":"https://fd2-photos.leclercdrive.fr/image.ashx?id=1630963&use=l&cat=p&typeid=i","cat":284356},{"id":222096,"n":"Pomme Pink Lady  1p","p":0.57,"img":"https://fd2-photos.leclercdrive.fr/image.ashx?id=2121659&use=l&cat=p&typeid=i","cat":284356},{"id":222097,"n":"Pomme Granny Smith  1p","p":0.51,"img":"https://fd2-photos.leclercdrive.fr/image.ashx?id=1630969&use=l&cat=p&typeid=i","cat":284356},{"id":222109,"n":"Avocat  1p","p":1.2,"img":"https://fd2-photos.leclercdrive.fr/image.ashx?id=1633637&use=l&cat=p&typeid=i","cat":284352},{"id":222113,"n":"Fenouil  1p","p":0.95,"img":"https://fd2-photos.leclercdrive.fr/image.ashx?id=612612&use=l&cat=p&typeid=i","cat":284352},{"id":222117,"n":"Poireau  1p","p":0.75,"img":"https://fd2-photos.leclercdrive.fr/image.ashx?id=1632716&use=l&cat=p&typeid=i","cat":284352},{"id":222123,"n":"Aubergine 1p","p":0.9,"img":"https://fd2-photos.leclercdrive.fr/image.ashx?id=1631421&use=l&cat=p&typeid=i","cat":284352},{"id":222124,"n":"Courgette  1p","p":0.45,"img":"https://fd2-photos.leclercdrive.fr/image.ashx?id=1631964&use=l&cat=p&typeid=i","cat":284352},{"id":222128,"n":"Poivron doux rouge  1p","p":0.95,"img":"https://fd2-photos.leclercdrive.fr/image.ashx?id=1633094&use=l&cat=p&typeid=i","cat":284352},{"id":222131,"n":"Poivron doux vert  1p","p":0.95,"img":"https://fd2-photos.leclercdrive.fr/image.ashx?id=1633202&use=l&cat=p&typeid=i","cat":284352},{"id":222132,"n":"Poivron doux jaune  1p","p":0.95,"img":"https://fd2-photos.leclercdrive.fr/image.ashx?id=1631227&use=l&cat=p&typeid=i","cat":284352},{"id":222453,"n":"Acide citrique Briochin Ecocert - 450g","p":3.59,"u":"7,98 €/KG","img":"https://fd2-photos.leclercdrive.fr/image.ashx?id=3000755&use=l&cat=p&typeid=i","cat":325365},{"id":222472,"n":"Ananas Eco+ Morceaux - Sirop léger - 340g","p":1.06,"u":"3,12 €/KG","img":"https://fd2-photos.leclercdrive.fr/image.ashx?id=2650907&use=l&cat=p&typeid=i","cat":284507},{"id":222473,"n":"Thé blanc bio Joyce Fraise menthe - 30g","p":2.72,"u":"90,67 €/KG","img":"https://fd2-photos.leclercdrive.fr/image.ashx?id=2924140&use=l&cat=p&typeid=i","cat":293233},{"id":222475,"n":"Thé noir Joyce Bio Earl grey fleuri - 30g","p":2.29,"u":"76,33 €/KG","img":"https://fd2-photos.leclercdrive.fr/image.ashx?id=2651627&use=l&cat=p&typeid=i","cat":293233},{"id":222476,"n":"Thé noir Joyce Bio pain grillé - 30g","p":2.27,"u":"75,67 €/KG","img":"https://fd2-photos.leclercdrive.fr/image.ashx?id=2651630&use=l&cat=p&typeid=i","cat":293233},{"id":222479,"n":"Pop corn sucre de canne Vico Micro-ondable 240g","p":1.99,"u":"8,29 €/KG","img":"https://fd2-photos.leclercdrive.fr/image.ashx?id=2651585&use=l&cat=p&typeid=i","cat":304249},{"id":222480,"n":"Pop corn Vico Salé - 240g","p":1.85,"u":"7,71 €/KG","img":"https://fd2-photos.leclercdrive.fr/image.ashx?id=2815049&use=l&cat=p&typeid=i","cat":304249},{"id":222486,"n":"Thé noir bio Joyce Pain d'épices - 30g","p":2.09,"u":"69,67 €/KG","img":"https://fd2-photos.leclercdrive.fr/image.ashx?id=2896651&use=l&cat=p&typeid=i","cat":293233},{"id":222515,"n":"Chou rouge émincé Notre Jardin 250g","p":0.99,"u":"3,96 €/KG","img":"https://fd2-photos.leclercdrive.fr/image.ashx?id=3006883&use=l&cat=p&typeid=i","cat":284352},{"id":222527,"n":"Cuisses de poulet Loué Plein Champ x2 - 480g","p":4.75,"u":"9,90 €/KG","img":"https://fd2-photos.leclercdrive.fr/image.ashx?id=2651954&use=l&cat=p&typeid=i","cat":284336},{"id":222595,"n":"Pur jus d'ananas passion  Jafaden - 90cl","p":2.29,"u":"2,54 €/L","img":"https://fd2-photos.leclercdrive.fr/image.ashx?id=2723189&use=l&cat=p&typeid=i","cat":285435},{"id":222596,"n":"Pur jus de pomme mangue Jafaden - 90cl","p":2.49,"u":"2,77 €/L","img":"https://fd2-photos.leclercdrive.fr/image.ashx?id=2723192&use=l&cat=p&typeid=i","cat":285435},{"id":222619,"n":"Yaourt à boire Actimel Grenade - 8x100g","p":4.23,"u":"5,29 €/KG","img":"https://fd2-photos.leclercdrive.fr/image.ashx?id=2653231&use=l&cat=p&typeid=i","cat":284415},{"id":222704,"n":"Dentifrice Signal Extra fraîcheur intense - 75ml","p":1.99,"u":"26,53 €/L","img":"https://fd2-photos.leclercdrive.fr/image.ashx?id=2654212&use=l&cat=p&typeid=i","cat":284612},{"id":222718,"n":"Liquide vaisselle & mains Briochin - Ecocert 500ml","p":3.09,"u":"6,18 €/L","img":"https://fd2-photos.leclercdrive.fr/image.ashx?id=3000740&use=l&cat=p&typeid=i","cat":284655},{"id":222742,"n":"Swiffer wetjet Kit Lavable Système anti-poussière - x1","p":30.48,"pp":18.29,"u":"Dont 0,16 € d'éco-part.","img":"https://fd2-photos.leclercdrive.fr/image.ashx?id=2927708&use=l&cat=p&typeid=i","cat":325364},{"id":222779,"n":"Eau de javel La Croix Traditionnelle - 1.5L","p":1.48,"u":"0,99 €/L","img":"https://fd2-photos.leclercdrive.fr/image.ashx?id=2667556&use=l&cat=p&typeid=i","cat":284661},{"id":222782,"n":"Adoucissant Soupline Lingettes Voile Sèche-linge Grand air-x20","p":2.65,"u":"0,13 €/P","img":"https://fd2-photos.leclercdrive.fr/image.ashx?id=2654435&use=l&cat=p&typeid=i","cat":325302},{"id":222820,"n":"Bonbons Haribo Pocket Assortiment mini sachets - 340g","p":2.85,"u":"8,38 €/KG","img":"https://fd2-photos.leclercdrive.fr/image.ashx?id=2654653&use=l&cat=p&typeid=i","cat":304250},{"id":222824,"n":"Carottes râpées Notre Jardin 250g","p":1.49,"u":"5,96 €/KG","img":"https://fd2-photos.leclercdrive.fr/image.ashx?id=2664626&use=l&cat=p&typeid=i","cat":284353},{"id":222826,"n":"Chou blanc carotte Notre Jardin 250g","p":1.51,"u":"6,04 €/KG","img":"https://fd2-photos.leclercdrive.fr/image.ashx?id=2740975&use=l&cat=p&typeid=i","cat":284353},{"id":222830,"n":"Coeur de frisée Notre Jardin 200g","p":1.6,"u":"8,00 €/KG","img":"https://fd2-photos.leclercdrive.fr/image.ashx?id=2657978&use=l&cat=p&typeid=i","cat":284353},{"id":222838,"n":"Coeur de Scarole Notre Jardin 200g","p":1.43,"u":"7,15 €/KG","img":"https://fd2-photos.leclercdrive.fr/image.ashx?id=2657981&use=l&cat=p&typeid=i","cat":284353},{"id":222842,"n":"Acide citrique Clair 500g","p":2.99,"u":"5,98 €/KG","img":"https://fd2-photos.leclercdrive.fr/image.ashx?id=2822147&use=l&cat=p&typeid=i","cat":325365},{"id":222843,"n":"Liquide vaisselle Uni vert Ecolo amande - 500ml","p":1.15,"u":"2,30 €/L","img":"https://fd2-photos.leclercdrive.fr/image.ashx?id=2999523&use=l&cat=p&typeid=i","cat":284655},{"id":222849,"n":"Mélange gourmand Notre Jardin 320g","p":1.58,"u":"4,94 €/KG","img":"https://fd2-photos.leclercdrive.fr/image.ashx?id=2720190&use=l&cat=p&typeid=i","cat":284353},{"id":222964,"n":"Colin d'Alaska MSC Pêche Océan Façon Fish & Chips - 400g","p":2.69,"u":"6,73 €/KG","img":"https://fd2-photos.leclercdrive.fr/image.ashx?id=2856211&use=l&cat=p&typeid=i","cat":319788},{"id":223004,"n":"Jambon supérieur Tradilège Sans nitrite 8 tranches - 280g","p":3.7,"u":"13,21 €/KG","img":"https://fd2-photos.leclercdrive.fr/image.ashx?id=2994399&use=l&cat=p&typeid=i","cat":316009},{"id":223108,"n":"Oeufs frais sol Eco+ x30","p":4.93,"u":"0,16 €/P","img":"https://fd2-photos.leclercdrive.fr/image.ashx?id=2677011&use=l&cat=p&typeid=i","cat":284378},{"id":223115,"n":"Muesli amande sans gluten bio  Terres et Céréales - 500g","p":4.29,"u":"8,58 €/KG","img":"https://fd2-photos.leclercdrive.fr/image.ashx?id=2659352&use=l&cat=p&typeid=i","cat":309512},{"id":223146,"n":"Bière de Flandre 3 Monts Triple - 6x33cl   9.5%vol.","p":8.15,"u":"4,12 €/L","img":"https://fd2-photos.leclercdrive.fr/image.ashx?id=2661051&use=l&cat=p&typeid=i","cat":334852},{"id":223157,"n":"Vinaigre blanc 5L - 10°","p":3.57,"u":"0,71 €/L","img":"https://fd2-photos.leclercdrive.fr/image.ashx?id=2659789&use=l&cat=p&typeid=i","cat":298543},{"id":223318,"n":"Cognac Baron d'Illyac  VS 40° - 70cl","p":20.0,"u":"28,57 €/L","img":"https://fd2-photos.leclercdrive.fr/image.ashx?id=2664935&use=l&cat=p&typeid=i","cat":286032},{"id":223320,"n":"Brandade de morue Comptoir des Marées - 1kg","p":5.25,"u":"5,25 €/KG","img":"https://fd2-photos.leclercdrive.fr/image.ashx?id=2664118&use=l&cat=p&typeid=i","cat":284254},{"id":223373,"n":"Emmental Président Coeur de Meule - 500g","p":5.18,"u":"10,36 €/KG","img":"https://fd2-photos.leclercdrive.fr/image.ashx?id=2757602&use=l&cat=p&typeid=i","cat":314034},{"id":223394,"n":"Boisson aux fruits Jafun Tropical - 4x20cl","p":1.49,"u":"1,86 €/L","img":"https://fd2-photos.leclercdrive.fr/image.ashx?id=2992576&use=l&cat=p&typeid=i","cat":295018},{"id":223452,"n":"Pur jus de pomme Jafaden 1.5L","p":2.99,"u":"1,99 €/L","img":"https://fd2-photos.leclercdrive.fr/image.ashx?id=2919667&use=l&cat=p&typeid=i","cat":284522},{"id":223521,"n":"Biscuit bio  Nocciolata bianca Fourré pâte à tartiner - 250g","p":3.38,"u":"13,52 €/KG","img":"https://fd2-photos.leclercdrive.fr/image.ashx?id=2664554&use=l&cat=p&typeid=i","cat":284487},{"id":223537,"n":"Bloc Energy 5 WC Net Actions - Brise aquatique - 38g","p":1.85,"u":"48,68 €/KG","img":"https://fd2-photos.leclercdrive.fr/image.ashx?id=2664449&use=l&cat=p&typeid=i","cat":284662},{"id":223538,"n":"Bloc Energy 5 actions WC Net Javel Agrumes et iris - 38g","p":1.91,"u":"50,26 €/KG","img":"https://fd2-photos.leclercdrive.fr/image.ashx?id=2664452&use=l&cat=p&typeid=i","cat":284662},{"id":223539,"n":"Bloc Energy 5 actions WC Net Fraîcheur givrée et menthe 38g","p":1.75,"u":"46,05 €/KG","img":"https://fd2-photos.leclercdrive.fr/image.ashx?id=2664455&use=l&cat=p&typeid=i","cat":284662},{"id":223540,"n":"Bloc Energy 5 actions WC Net Lavande et patchouli - 38g","p":2.39,"u":"62,89 €/KG","img":"https://fd2-photos.leclercdrive.fr/image.ashx?id=2664458&use=l&cat=p&typeid=i","cat":284662},{"id":223541,"n":"Bloc Energy 5 actions WC Net Citronniers et tilleul - 38g","p":1.96,"u":"51,58 €/KG","img":"https://fd2-photos.leclercdrive.fr/image.ashx?id=2664461&use=l&cat=p&typeid=i","cat":284662},{"id":223572,"n":"Serviettes fuites urinaires Always Discreet - Normal x24","p":8.28,"u":"0,35 €/P","img":"https://fd2-photos.leclercdrive.fr/image.ashx?id=2680467&use=l&cat=p&typeid=i","cat":284628},{"id":223574,"n":"Serviettes fuites urinaires Always Discreet - Nuit - x12","p":8.51,"u":"0,71 €/P","img":"https://fd2-photos.leclercdrive.fr/image.ashx?id=2685459&use=l&cat=p&typeid=i","cat":284628},{"id":223577,"n":"Serviettes fuites urinaires Always Discreet - Nuit - x6","p":4.14,"u":"0,69 €/P","img":"https://fd2-photos.leclercdrive.fr/image.ashx?id=3005383&use=l&cat=p&typeid=i","cat":284628},{"id":223581,"n":"Serviettes fuites urinaires Always Discreet - Long+ - x16","p":6.62,"u":"0,41 €/P","img":"https://fd2-photos.leclercdrive.fr/image.ashx?id=2685471&use=l&cat=p&typeid=i","cat":284628},{"id":223588,"n":"Serviettes fuites urinaires Always Discreet - Nuit - x16","p":8.88,"u":"0,56 €/P","img":"https://fd2-photos.leclercdrive.fr/image.ashx?id=2680479&use=l&cat=p&typeid=i","cat":284628},{"id":223589,"n":"Serviettes fuites urinaires Always Discreet - x8","p":5.9,"u":"0,74 €/P","img":"https://fd2-photos.leclercdrive.fr/image.ashx?id=2953995&use=l&cat=p&typeid=i","cat":284628},{"id":223610,"n":"Désodorisant Febreze Petit coin Rosée du matin - 8ml","p":3.51,"u":"438,75 €/L","img":"https://fd2-photos.leclercdrive.fr/image.ashx?id=2955227&use=l&cat=p&typeid=i","cat":311628},{"id":223661,"n":"Pains au chocolat Croustipate  x6 - 275g","p":2.48,"u":"9,02 €/KG","img":"https://fd2-photos.leclercdrive.fr/image.ashx?id=2902055&use=l&cat=p&typeid=i","cat":333681},{"id":223820,"n":"Moulage chocolat Kinder 35g","p":1.9,"u":"54,29 €/KG","img":"https://fd2-photos.leclercdrive.fr/image.ashx?id=2688785&use=l&cat=p&typeid=i","cat":327592},{"id":223853,"n":"Déodorant Spray Femme Narta Fraîcheur Cologne 48h - 200ml","p":2.28,"u":"11,40 €/L","img":"https://fd2-photos.leclercdrive.fr/image.ashx?id=2678592&use=l&cat=p&typeid=i","cat":284595},{"id":223857,"n":"Déodorant Spray Femme Narta 48h Sans Alcool - 200ML","p":2.28,"u":"11,40 €/L","img":"https://fd2-photos.leclercdrive.fr/image.ashx?id=2680242&use=l&cat=p&typeid=i","cat":284595},{"id":223874,"n":"Adoucissant Lenor Ambre et orchidée - 840ml - x40","p":4.27,"u":"5,08 €/L","img":"https://fd2-photos.leclercdrive.fr/image.ashx?id=2693270&use=l&cat=p&typeid=i","cat":284650},{"id":223925,"n":"Riz Long grain Ben's original Vrac 10mn - 1kg","p":2.78,"u":"2,78 €/KG","img":"https://fd2-photos.leclercdrive.fr/image.ashx?id=2990961&use=l&cat=p&typeid=i","cat":284428},{"id":224140,"n":"Bun's jambon ketchup McCain 460g","p":3.46,"u":"7,52 €/KG","img":"https://fd2-photos.leclercdrive.fr/image.ashx?id=2741180&use=l&cat=p&typeid=i","cat":319822},{"id":224141,"n":"Bun's bolognaise McCain 460g","p":3.46,"u":"7,52 €/KG","img":"https://fd2-photos.leclercdrive.fr/image.ashx?id=2750675&use=l&cat=p&typeid=i","cat":319822},{"id":224143,"n":"Bun's Burger McCain 460g","p":3.46,"u":"7,52 €/KG","img":"https://fd2-photos.leclercdrive.fr/image.ashx?id=2741183&use=l&cat=p&typeid=i","cat":319822},{"id":224144,"n":"Bun's jambon 4 fromages McCain 460g","p":3.71,"u":"8,07 €/KG","img":"https://fd2-photos.leclercdrive.fr/image.ashx?id=2668111&use=l&cat=p&typeid=i","cat":319822},{"id":224263,"n":"Monster Energy zéro sucres 50cl","p":1.76,"u":"3,52 €/L","img":"https://fd2-photos.leclercdrive.fr/image.ashx?id=2669358&use=l&cat=p&typeid=i","cat":284533},{"id":224348,"n":"Mousse au chocolat au lait Marie Morin - 400g","p":7.86,"u":"19,65 €/KG","img":"https://fd2-photos.leclercdrive.fr/image.ashx?id=2673721&use=l&cat=p&typeid=i","cat":284417},{"id":224423,"n":"Concentré Sodastream Ice Tea - 440ml","p":5.99,"pp":4.99,"u":"11,34 €/L","img":"https://fd2-photos.leclercdrive.fr/image.ashx?id=2670917&use=l&cat=p&typeid=i","cat":295020},{"id":224434,"n":"Yaourt à la grecque Délisse Vanille - 4x150g","p":2.39,"u":"3,98 €/KG","img":"https://fd2-photos.leclercdrive.fr/image.ashx?id=2885143&use=l&cat=p&typeid=i","cat":314999},{"id":224670,"n":"Eau minérale naturelle Hépar 6x75cl","p":3.9,"u":"0,87 €/L","img":"https://fd2-photos.leclercdrive.fr/image.ashx?id=2673361&use=l&cat=p&typeid=i","cat":284535},{"id":224706,"n":"Gnocchi star à poêler Lustucru  300g","p":1.6,"u":"5,33 €/KG","img":"https://fd2-photos.leclercdrive.fr/image.ashx?id=2921630&use=l&cat=p&typeid=i","cat":333682},{"id":224762,"n":"Infusion Elephant  Douce elimination - x20 - 36g","p":2.19,"u":"60,83 €/KG","img":"https://fd2-photos.leclercdrive.fr/image.ashx?id=2677633&use=l&cat=p&typeid=i","cat":293234},{"id":224783,"n":"Liqueur Rivière du Mat L'Onctueux - 70cl","p":13.5,"pp":12.15,"u":"17,36 €/L","img":"https://fd2-photos.leclercdrive.fr/image.ashx?id=2693539&use=l&cat=p&typeid=i","cat":286032},{"id":224787,"n":"Liqueur Rivière du Mat Vanille Bourbon 17° - 70cl","p":13.39,"pp":12.05,"u":"17,21 €/L","img":"https://fd2-photos.leclercdrive.fr/image.ashx?id=2740001&use=l&cat=p&typeid=i","cat":286032},{"id":224805,"n":"Biscuits Kinder Kinderini Nature et cacao - 250g","p":2.84,"u":"11,36 €/KG","img":"https://fd2-photos.leclercdrive.fr/image.ashx?id=2708372&use=l&cat=p&typeid=i","cat":284488},{"id":224808,"n":"Riz Citron Ben's original  Express 2mn - 220g","p":1.31,"u":"5,95 €/KG","img":"https://fd2-photos.leclercdrive.fr/image.ashx?id=2906442&use=l&cat=p&typeid=i","cat":287600},{"id":224810,"n":"Riz Tomate Ben's original  Express 2mn - 220g","p":1.24,"u":"5,64 €/KG","img":"https://fd2-photos.leclercdrive.fr/image.ashx?id=2995295&use=l&cat=p&typeid=i","cat":287600},{"id":224818,"n":"Riz Basmati Ben's original  Express 2mn - 220g","p":1.22,"u":"5,55 €/KG","img":"https://fd2-photos.leclercdrive.fr/image.ashx?id=2995292&use=l&cat=p&typeid=i","cat":287600},{"id":224822,"n":"Muesli energie Bjorg Bio - 375g","p":3.89,"u":"10,37 €/KG","img":"https://fd2-photos.leclercdrive.fr/image.ashx?id=2906259&use=l&cat=p&typeid=i","cat":309512},{"id":224856,"n":"Jus innocent ananas fraise 900ml","p":2.39,"u":"2,66 €/L","img":"https://fd2-photos.leclercdrive.fr/image.ashx?id=2879122&use=l&cat=p&typeid=i","cat":285435},{"id":224873,"n":"Riz Paella Ben's original Express 2mn - 220g","p":1.38,"u":"6,27 €/KG","img":"https://fd2-photos.leclercdrive.fr/image.ashx?id=2995310&use=l&cat=p&typeid=i","cat":287600},{"id":224882,"n":"Riz Long grain Ben's original  Sachet cuisson 10mn - 1kg","p":3.24,"u":"3,24 €/KG","img":"https://fd2-photos.leclercdrive.fr/image.ashx?id=2957272&use=l&cat=p&typeid=i","cat":284428},{"id":224916,"n":"Biscuits speculoos Eco+ 600g","p":1.59,"u":"2,65 €/KG","img":"https://fd2-photos.leclercdrive.fr/image.ashx?id=2675058&use=l&cat=p&typeid=i","cat":284487},{"id":224930,"n":"Lait d'avoine Bjorg Bio Vanille - 1L","p":2.15,"u":"2,15 €/L","img":"https://fd2-photos.leclercdrive.fr/image.ashx?id=2906253&use=l&cat=p&typeid=i","cat":316067},{"id":224932,"n":"Boisson végétale Bjorg Bio noisettes sans sucres - 1L","p":2.57,"u":"2,57 €/L","img":"https://fd2-photos.leclercdrive.fr/image.ashx?id=2939466&use=l&cat=p&typeid=i","cat":316067},{"id":224937,"n":"Plat en morceaux Bledina 200g","p":2.39,"u":"11,95 €/KG","img":"https://fd2-photos.leclercdrive.fr/image.ashx?id=2866298&use=l&cat=p&typeid=i","cat":312239},{"id":224941,"n":"Champagne Veuve Clicquot Brut - 12,5% - 75cl","p":43.79,"u":"58,39 €/L","img":"https://fd2-photos.leclercdrive.fr/image.ashx?id=2675070&use=l&cat=p&typeid=i","cat":284542},{"id":224970,"n":"Camembert Eco+ 240g","p":1.34,"u":"5,58 €/KG","img":"https://fd2-photos.leclercdrive.fr/image.ashx?id=2675036&use=l&cat=p&typeid=i","cat":314033},{"id":225037,"n":"Tartinable  Apero&Co Tomate confite pesto - 90g","p":3.52,"u":"39,11 €/KG","img":"https://fd2-photos.leclercdrive.fr/image.ashx?id=2683181&use=l&cat=p&typeid=i","cat":284451},{"id":225217,"n":"Infusion Nuit Calme Yogi Bio x15 - 27g","p":2.85,"u":"105,56 €/KG","img":"https://fd2-photos.leclercdrive.fr/image.ashx?id=2677486&use=l&cat=p&typeid=i","cat":293234},{"id":225247,"n":"Pain nature Gerblé   Sans Gluten  - 200g","p":2.31,"u":"11,55 €/KG","img":"https://fd2-photos.leclercdrive.fr/image.ashx?id=2677303&use=l&cat=p&typeid=i","cat":318654},{"id":225248,"n":"Tartine céréales Gerblé  Matin - 125g","p":1.92,"u":"15,36 €/KG","img":"https://fd2-photos.leclercdrive.fr/image.ashx?id=2688866&use=l&cat=p&typeid=i","cat":318651},{"id":225276,"n":"Galette moelleuse tigrée Choco blanc - St Michel - 180g","p":1.79,"u":"9,94 €/KG","img":"https://fd2-photos.leclercdrive.fr/image.ashx?id=2953501&use=l&cat=p&typeid=i","cat":284495},{"id":225316,"n":"Biscuit petit déj Gerblé Chocolat - 200g","p":2.52,"u":"12,60 €/KG","img":"https://fd2-photos.leclercdrive.fr/image.ashx?id=2679014&use=l&cat=p&typeid=i","cat":318651},{"id":225374,"n":"Pizza L'Ovale Sodebo Poulet cheddar - 200g","p":2.0,"u":"10,00 €/KG","img":"https://fd2-photos.leclercdrive.fr/image.ashx?id=2995124&use=l&cat=p&typeid=i","cat":333679},{"id":225440,"n":"Duo de poissons Fleury Michon Riz cuisiné sauce citron - 280g","p":2.2,"u":"7,86 €/KG","img":"https://fd2-photos.leclercdrive.fr/image.ashx?id=3003266&use=l&cat=p&typeid=i","cat":333665},{"id":225441,"n":"Fusilli au poulet Fleury Michon Sauce champignons - 280g","p":2.34,"u":"8,36 €/KG","img":"https://fd2-photos.leclercdrive.fr/image.ashx?id=3003233&use=l&cat=p&typeid=i","cat":333665},{"id":225442,"n":"Jambon purée Fleury Michon à la crème fraîche - 300g","p":2.88,"u":"9,60 €/KG","img":"https://fd2-photos.leclercdrive.fr/image.ashx?id=3003269&use=l&cat=p&typeid=i","cat":333665},{"id":225443,"n":"Risotto Fleury Michon Saint Jacques poireaux - 280g","p":3.85,"u":"13,75 €/KG","img":"https://fd2-photos.leclercdrive.fr/image.ashx?id=3003263&use=l&cat=p&typeid=i","cat":333665},{"id":225445,"n":"Les tranches Fleury Michon Pois chiches x4 - 120g","p":1.75,"u":"14,58 €/KG","img":"https://fd2-photos.leclercdrive.fr/image.ashx?id=2902007&use=l&cat=p&typeid=i","cat":316036},{"id":225446,"n":"Les tranches Fleury Michon Lentilles corail  x4 - 120g","p":1.75,"u":"14,58 €/KG","img":"https://fd2-photos.leclercdrive.fr/image.ashx?id=2900905&use=l&cat=p&typeid=i","cat":316036},{"id":225447,"n":"Les tranches Fleury Michon Haricots blancs x4 - 120g","p":1.75,"u":"14,58 €/KG","img":"https://fd2-photos.leclercdrive.fr/image.ashx?id=2902010&use=l&cat=p&typeid=i","cat":316036},{"id":225462,"n":"Déodorant Bille Femme Narta Anti-Transpirant 48h - 50ml","p":2.24,"u":"44,80 €/L","img":"https://fd2-photos.leclercdrive.fr/image.ashx?id=2681862&use=l&cat=p&typeid=i","cat":284595},{"id":225465,"n":"Déodorant Bille Femme Narta Anti-Traces 48h - 50ml","p":2.26,"u":"45,20 €/L","img":"https://fd2-photos.leclercdrive.fr/image.ashx?id=2681871&use=l&cat=p&typeid=i","cat":284595},{"id":225474,"n":"Sandwich Baguette Mega Viennois  Sodebo Poulet Tandoori - 270g","p":2.12,"u":"7,85 €/KG","img":"https://fd2-photos.leclercdrive.fr/image.ashx?id=2689856&use=l&cat=p&typeid=i","cat":333658},{"id":225483,"n":"Feuilletés au chèvre Soignon La Compagnie Artique x4 - 320g","p":4.06,"u":"12,69 €/KG","img":"https://fd2-photos.leclercdrive.fr/image.ashx?id=2681080&use=l&cat=p&typeid=i","cat":319774},{"id":225619,"n":"Désinfectant nettoyant Sanytol Multi-surfaces - Eucalyptus 1L","p":2.01,"u":"2,01 €/L","img":"https://fd2-photos.leclercdrive.fr/image.ashx?id=2866319&use=l&cat=p&typeid=i","cat":284907},{"id":225622,"n":"Lingettes optiques - Nettoyant lunettes x52","p":1.33,"u":"0,03 €/P","img":"https://fd2-photos.leclercdrive.fr/image.ashx?id=2681536&use=l&cat=p&typeid=i","cat":288862},{"id":225623,"n":"Lingettes optiques - Nettoyant  lunettes x30","p":1.29,"u":"0,04 €/P","img":"https://fd2-photos.leclercdrive.fr/image.ashx?id=2681539&use=l&cat=p&typeid=i","cat":288862},{"id":225646,"n":"Maïs Géant Vert extra croquant sans résidu pesticides - 3x140g","p":2.59,"u":"6,17 €/KG","img":"https://fd2-photos.leclercdrive.fr/image.ashx?id=2977369&use=l&cat=p&typeid=i","cat":312611},{"id":225647,"n":"Maïs Géant Vert extra tendre sans résidu pesticides - 3x140g","p":2.52,"u":"6,00 €/KG","img":"https://fd2-photos.leclercdrive.fr/image.ashx?id=2977366&use=l&cat=p&typeid=i","cat":312611},{"id":225651,"n":"Cônes Extrême Nestlé Chocolat x4 - 284g","p":2.9,"u":"10,21 €/KG","img":"https://fd2-photos.leclercdrive.fr/image.ashx?id=2694674&use=l&cat=p&typeid=i","cat":284264},{"id":225652,"n":"Cônes Extrême Nestlé Vanille x4 - 284g","p":2.9,"u":"10,21 €/KG","img":"https://fd2-photos.leclercdrive.fr/image.ashx?id=2695295&use=l&cat=p&typeid=i","cat":284264},{"id":225653,"n":"Mini pots Häagen-Dazs  Delight collection x4 - 324g","p":4.79,"u":"14,78 €/KG","img":"https://fd2-photos.leclercdrive.fr/image.ashx?id=2893489&use=l&cat=p&typeid=i","cat":284725},{"id":225657,"n":"Mon Huile d'Olive Tramier  Subtile 1l","p":10.1,"u":"10,10 €/L","img":"https://fd2-photos.leclercdrive.fr/image.ashx?id=2834047&use=l&cat=p&typeid=i","cat":284453},{"id":225661,"n":"Biscuit soufflés Curly Le Crunch Emmental - 80g","p":0.97,"u":"12,13 €/KG","img":"https://fd2-photos.leclercdrive.fr/image.ashx?id=3008446&use=l&cat=p&typeid=i","cat":284449},{"id":225663,"n":"Yakitoris au poulet Tables du Monde x8 - 210g","p":4.22,"u":"20,10 €/KG","img":"https://fd2-photos.leclercdrive.fr/image.ashx?id=2682015&use=l&cat=p&typeid=i","cat":319774},{"id":225665,"n":"Gyozas aux légumes Tables du Monde x10 - 212g","p":3.29,"u":"15,52 €/KG","img":"https://fd2-photos.leclercdrive.fr/image.ashx?id=2682018&use=l&cat=p&typeid=i","cat":319774},{"id":225666,"n":"Brochettes boeuf fromage Tables du Monde x6 - 226g","p":5.99,"u":"26,50 €/KG","img":"https://fd2-photos.leclercdrive.fr/image.ashx?id=2682021&use=l&cat=p&typeid=i","cat":319774},{"id":225703,"n":"Aérosol répulsif Raid Moustiques - 300ml","p":2.96,"u":"9,87 €/L","img":"https://fd2-photos.leclercdrive.fr/image.ashx?id=2736385&use=l&cat=p&typeid=i","cat":298368},{"id":225704,"n":"Recharge électrique Raid Liquide - 32ml - 45 nuits x1","p":3.51,"img":"https://fd2-photos.leclercdrive.fr/image.ashx?id=2788850&use=l&cat=p&typeid=i","cat":298368},{"id":225706,"n":"Aérosol répulsif Raid Fourmis et cafards - 300ml","p":2.99,"u":"9,97 €/L","img":"https://fd2-photos.leclercdrive.fr/image.ashx?id=2736382&use=l&cat=p&typeid=i","cat":298368},{"id":225707,"n":"Piège Raid Mites alimentaires - x2","p":2.37,"u":"1,19 €/P","img":"https://fd2-photos.leclercdrive.fr/image.ashx?id=2683257&use=l&cat=p&typeid=i","cat":298368},{"id":225708,"n":"Recharge électrique Raid Essentials - Moustiques - x2","p":8.95,"u":"4,48 €/P","img":"https://fd2-photos.leclercdrive.fr/image.ashx?id=2683245&use=l&cat=p&typeid=i","cat":298368},{"id":225732,"n":"Bonbons Haribo méga fête Assortiment mini sachets - 880g","p":8.46,"u":"9,61 €/KG","img":"https://fd2-photos.leclercdrive.fr/image.ashx?id=2984961&use=l&cat=p&typeid=i","cat":304250},{"id":225752,"n":"Après-shampooing Garnier Ultra Doux - Eau de riz - 200ml","p":2.63,"u":"13,15 €/L","img":"https://fd2-photos.leclercdrive.fr/image.ashx?id=2684239&use=l&cat=p&typeid=i","cat":284607},{"id":225793,"n":"Liquide vaisselle Paic Acti Froid - Menthe - 500ml","p":2.59,"u":"5,18 €/L","img":"https://fd2-photos.leclercdrive.fr/image.ashx?id=2684335&use=l&cat=p&typeid=i","cat":284655},{"id":225971,"n":"Mouliné Jardin Bio Legumes verts bio - 1L","p":3.1,"u":"3,10 €/L","img":"https://fd2-photos.leclercdrive.fr/image.ashx?id=2692539&use=l&cat=p&typeid=i","cat":284462},{"id":225974,"n":"Mouliné du potager Jardin Bio Bio - 1L","p":3.49,"u":"3,49 €/L","img":"https://fd2-photos.leclercdrive.fr/image.ashx?id=2692536&use=l&cat=p&typeid=i","cat":284462},{"id":225984,"n":"Adoucissant Lenor Jasmin Et rose - x55 - 1.176L","p":5.51,"u":"4,69 €/L","img":"https://fd2-photos.leclercdrive.fr/image.ashx?id=2696160&use=l&cat=p&typeid=i","cat":284650},{"id":226017,"n":"Crème glacée italienne Saporit Vanille coulis caramel - 500g","p":4.32,"u":"8,64 €/KG","img":"https://fd2-photos.leclercdrive.fr/image.ashx?id=2686272&use=l&cat=p&typeid=i","cat":284725},{"id":226018,"n":"Crème glacée italienne Saporit Citron de Sicile - 500g","p":4.32,"u":"8,64 €/KG","img":"https://fd2-photos.leclercdrive.fr/image.ashx?id=2686120&use=l&cat=p&typeid=i","cat":284725},{"id":226019,"n":"Crème glacée italienne Saporit Amarena vanille - 500g","p":3.88,"u":"7,76 €/KG","img":"https://fd2-photos.leclercdrive.fr/image.ashx?id=2686266&use=l&cat=p&typeid=i","cat":284725},{"id":226022,"n":"Crème glacée italienne Saporit Café liégois vanille - 500g","p":4.31,"u":"8,62 €/KG","img":"https://fd2-photos.leclercdrive.fr/image.ashx?id=2686275&use=l&cat=p&typeid=i","cat":284725},{"id":226057,"n":"Saint jacques à la bretonne Marie - 300g","p":4.28,"u":"14,27 €/KG","img":"https://fd2-photos.leclercdrive.fr/image.ashx?id=2686822&use=l&cat=p&typeid=i","cat":333665},{"id":226058,"n":"Emincés de poulet à la normande Marie - 300g","p":3.56,"u":"11,87 €/KG","img":"https://fd2-photos.leclercdrive.fr/image.ashx?id=2686825&use=l&cat=p&typeid=i","cat":333665},{"id":226059,"n":"Spaghetti à la bolognaise Marie - 300g","p":2.93,"u":"9,77 €/KG","img":"https://fd2-photos.leclercdrive.fr/image.ashx?id=2686828&use=l&cat=p&typeid=i","cat":333665},{"id":226061,"n":"Parmentier de canard Marie - 300g","p":4.89,"u":"16,30 €/KG","img":"https://fd2-photos.leclercdrive.fr/image.ashx?id=2686831&use=l&cat=p&typeid=i","cat":333665},{"id":226063,"n":"Spaghetti au poulet et pesto WW - 290g","p":4.43,"u":"15,28 €/KG","img":"https://fd2-photos.leclercdrive.fr/image.ashx?id=2880733&use=l&cat=p&typeid=i","cat":333665},{"id":226108,"n":"Chocolat Nesquik 800g","p":5.36,"u":"6,70 €/KG","img":"https://fd2-photos.leclercdrive.fr/image.ashx?id=3005377&use=l&cat=p&typeid=i","cat":293235},{"id":226113,"n":"Brioches Pitch Pépites de chocolats -300g","p":2.33,"u":"7,77 €/KG","img":"https://fd2-photos.leclercdrive.fr/image.ashx?id=2687872&use=l&cat=p&typeid=i","cat":293505},{"id":226116,"n":"Chewing-gum Mentos Pure Fresh  Fresh Mint sans sucres - 100g","p":2.75,"u":"27,50 €/KG","img":"https://fd2-photos.leclercdrive.fr/image.ashx?id=2687707&use=l&cat=p&typeid=i","cat":304251},{"id":226301,"n":"Pâtes fraîches RANA Ravioli  Pesto Aubergines Amandes - 250g","p":2.99,"u":"11,96 €/KG","img":"https://fd2-photos.leclercdrive.fr/image.ashx?id=2737378&use=l&cat=p&typeid=i","cat":333682},{"id":226302,"n":"Pâtes fraîches RANA Ravioli  Cèpes Champignons Ricotta -250g","p":2.8,"u":"11,20 €/KG","img":"https://fd2-photos.leclercdrive.fr/image.ashx?id=2737381&use=l&cat=p&typeid=i","cat":333682},{"id":226304,"n":"Pâtes fraîches RANA Ravioli  Saumon fumé et Mascarpone -250g","p":3.52,"u":"14,08 €/KG","img":"https://fd2-photos.leclercdrive.fr/image.ashx?id=2737387&use=l&cat=p&typeid=i","cat":333682},{"id":226346,"n":"Boisson Gazeuse Maison Perrier Forever Gingembre Citron 1L","p":0.95,"u":"0,95 €/L","img":"https://fd2-photos.leclercdrive.fr/image.ashx?id=2692818&use=l&cat=p&typeid=i","cat":284536},{"id":226348,"n":"Céréales P'tit Déli Caramel & Chocolat - 400g","p":2.12,"u":"5,30 €/KG","img":"https://fd2-photos.leclercdrive.fr/image.ashx?id=2691528&use=l&cat=p&typeid=i","cat":309513},{"id":226349,"n":"Boisson Gazeuse Maison Perrier Chic Citrus Fizz 4x25cl","p":2.85,"u":"2,85 €/L","img":"https://fd2-photos.leclercdrive.fr/image.ashx?id=2841595&use=l&cat=p&typeid=i","cat":284536},{"id":226350,"n":"Boisson Gazeuse Maison Perrier Chic Lemonjito 4x25cl","p":2.9,"u":"2,90 €/L","img":"https://fd2-photos.leclercdrive.fr/image.ashx?id=2692809&use=l&cat=p&typeid=i","cat":284536},{"id":226351,"n":"Miel de fleurs  Les Apiculteurs Associés - 500g","p":4.6,"u":"9,20 €/KG","img":"https://fd2-photos.leclercdrive.fr/image.ashx?id=2692566&use=l&cat=p&typeid=i","cat":287643},{"id":226438,"n":"Soda Coca-Cola Original Canette - Pack 6x20CL","p":3.61,"u":"3,01 €/L","img":"https://fd2-photos.leclercdrive.fr/image.ashx?id=2766571&use=l&cat=p&typeid=i","cat":284530},{"id":226452,"n":"Madeleines Ker Cadelac x27 - 445g","p":2.72,"u":"6,11 €/KG","img":"https://fd2-photos.leclercdrive.fr/image.ashx?id=2745658&use=l&cat=p&typeid=i","cat":284492},{"id":226484,"n":"Cookies Crunchy Kinder Pépites au cacao et lait - 136g","p":2.83,"u":"20,81 €/KG","img":"https://fd2-photos.leclercdrive.fr/image.ashx?id=2691995&use=l&cat=p&typeid=i","cat":325066},{"id":226514,"n":"Filet de cabillaud Fish & Chips L'Atelier Poissonnerie - 200g","p":3.99,"u":"19,95 €/KG","img":"https://fd2-photos.leclercdrive.fr/image.ashx?id=2714456&use=l&cat=p&typeid=i","cat":284344},{"id":226591,"n":"Glace cone Extreme  Lemon cheesecake  x6 - 426g","p":3.55,"u":"8,33 €/KG","img":"https://fd2-photos.leclercdrive.fr/image.ashx?id=2732950&use=l&cat=p&typeid=i","cat":284264},{"id":226646,"n":"Boisson Gazeuse Maison Perrier Forever Citron Vert 1L","p":0.98,"u":"0,98 €/L","img":"https://fd2-photos.leclercdrive.fr/image.ashx?id=2695103&use=l&cat=p&typeid=i","cat":284536},{"id":226657,"n":"Boisson Gazeuse Maison Perrier Forever Citron 1L","p":1.0,"u":"1,00 €/L","img":"https://fd2-photos.leclercdrive.fr/image.ashx?id=2887311&use=l&cat=p&typeid=i","cat":284536},{"id":226659,"n":"Boisson Gazeuse Maison Perrier Forever Orange 1L","p":0.98,"u":"0,98 €/L","img":"https://fd2-photos.leclercdrive.fr/image.ashx?id=2695106&use=l&cat=p&typeid=i","cat":284536},{"id":226661,"n":"Boisson Gazeuse Maison Perrier Forever Menthe 1L","p":0.98,"u":"0,98 €/L","img":"https://fd2-photos.leclercdrive.fr/image.ashx?id=2695112&use=l&cat=p&typeid=i","cat":284536},{"id":226663,"n":"Boisson Gazeuse Maison Perrier Forever Citron 6x50cl","p":3.96,"u":"1,32 €/L","img":"https://fd2-photos.leclercdrive.fr/image.ashx?id=2695100&use=l&cat=p&typeid=i","cat":284536},{"id":226664,"n":"Boisson Gazeuse Maison Perrier Forever Citron Vert 6x50cl","p":3.96,"u":"1,32 €/L","img":"https://fd2-photos.leclercdrive.fr/image.ashx?id=2695109&use=l&cat=p&typeid=i","cat":284536},{"id":226667,"n":"Boisson Gazeuse Maison Perrier Forever Citron 6x33cl","p":3.16,"u":"1,60 €/L","img":"https://fd2-photos.leclercdrive.fr/image.ashx?id=2878447&use=l&cat=p&typeid=i","cat":284536},{"id":226668,"n":"Boisson Gazeuse Maison Perrier Forever Citron Vert 6x33cl","p":3.16,"u":"1,60 €/L","img":"https://fd2-photos.leclercdrive.fr/image.ashx?id=2887308&use=l&cat=p&typeid=i","cat":284536},{"id":226695,"n":"Rhum Passionné XO Caraïbes - 45,5° 70cl","p":45.4,"u":"64,86 €/L","img":"https://fd2-photos.leclercdrive.fr/image.ashx?id=2733070&use=l&cat=p&typeid=i","cat":284550},{"id":226776,"n":"Thé noir fruits rouges Lipton 20 sachets - 30g","p":1.77,"u":"59,00 €/KG","img":"https://fd2-photos.leclercdrive.fr/image.ashx?id=2695359&use=l&cat=p&typeid=i","cat":293233},{"id":226781,"n":"Thé noir pêche mangue Lipton 20 sachets - 34g","p":2.15,"u":"63,24 €/KG","img":"https://fd2-photos.leclercdrive.fr/image.ashx?id=2695362&use=l&cat=p&typeid=i","cat":293233},{"id":226799,"n":"Parfum de linge billes Lenor Envolée d'air - x19 doses","p":6.94,"u":"29,53 €/KG","img":"https://fd2-photos.leclercdrive.fr/image.ashx?id=2839460&use=l&cat=p&typeid=i","cat":325302},{"id":226800,"n":"Parfum de linge billes Lenor Envolée d'air x41","p":9.4,"u":"18,99 €/KG","img":"https://fd2-photos.leclercdrive.fr/image.ashx?id=2857893&use=l&cat=p&typeid=i","cat":325302},{"id":226806,"n":"Liquide de rinçage Sun Brillance - 500ml","p":3.28,"u":"6,56 €/L","img":"https://fd2-photos.leclercdrive.fr/image.ashx?id=2829099&use=l&cat=p&typeid=i","cat":284657},{"id":226807,"n":"Liquide de rinçage Sun Séchage - 500ml","p":3.54,"u":"7,08 €/L","img":"https://fd2-photos.leclercdrive.fr/image.ashx?id=2738716&use=l&cat=p&typeid=i","cat":284657},{"id":226808,"n":"Adoucissant Lenor Fresh air Rayons de soleil x36","p":5.5,"u":"10,91 €/L","img":"https://fd2-photos.leclercdrive.fr/image.ashx?id=2696445&use=l&cat=p&typeid=i","cat":284650},{"id":226810,"n":"Adoucissant Lenor Fraicheur  matinale x36 - 0.5L","p":6.01,"u":"11,92 €/L","img":"https://fd2-photos.leclercdrive.fr/image.ashx?id=2696166&use=l&cat=p&typeid=i","cat":284650},{"id":226827,"n":"Nettoyant Machine Sun Lave Vaisselle 3 Doses","p":3.33,"u":"27,75 €/KG","img":"https://fd2-photos.leclercdrive.fr/image.ashx?id=2738710&use=l&cat=p&typeid=i","cat":284657},{"id":226831,"n":"Nettoyant machine Sun Pendant le cycle x4 - 60g","p":5.01,"u":"10,44 €/KG","img":"https://fd2-photos.leclercdrive.fr/image.ashx?id=2738713&use=l&cat=p&typeid=i","cat":284657},{"id":226856,"n":"P'tit onctueux pêche Nestlé sans sucres ajoutés - 4x90g","p":2.19,"u":"6,08 €/KG","img":"https://fd2-photos.leclercdrive.fr/image.ashx?id=2695124&use=l&cat=p&typeid=i","cat":312392},{"id":226857,"n":"P'tit brassé pomme Nestlé Sans sucre ajoutés 4x90g","p":1.95,"u":"5,42 €/KG","img":"https://fd2-photos.leclercdrive.fr/image.ashx?id=2695127&use=l&cat=p&typeid=i","cat":312392},{"id":226876,"n":"P'tit brassé banane Nestlé mangue sans sucre - 4x90g","p":2.15,"u":"5,97 €/KG","img":"https://fd2-photos.leclercdrive.fr/image.ashx?id=2696133&use=l&cat=p&typeid=i","cat":312392},{"id":226880,"n":"Brioche tressée Harrys Allégée en sucres - 450G","p":3.39,"u":"7,53 €/KG","img":"https://fd2-photos.leclercdrive.fr/image.ashx?id=2962467&use=l&cat=p&typeid=i","cat":284478},{"id":226909,"n":"Dragées chocolatées M&M's crispy  187g","p":2.36,"u":"12,62 €/KG","img":"https://fd2-photos.leclercdrive.fr/image.ashx?id=3014868&use=l&cat=p&typeid=i","cat":304238},{"id":226910,"n":"Dragées chocolatées M&M's 340g","p":4.87,"u":"14,32 €/KG","img":"https://fd2-photos.leclercdrive.fr/image.ashx?id=3003399&use=l&cat=p&typeid=i","cat":304238},{"id":226920,"n":"Bonbons Skittles  152g","p":1.36,"u":"8,95 €/KG","img":"https://fd2-photos.leclercdrive.fr/image.ashx?id=3008984&use=l&cat=p&typeid=i","cat":304250},{"id":226970,"n":"Tablette lave-vaisselle Sun  Expert Plus x40 -700g","p":7.9,"u":"11,29 €/KG","img":"https://fd2-photos.leclercdrive.fr/image.ashx?id=2738734&use=l&cat=p&typeid=i","cat":284656},{"id":226981,"n":"Dessert lacté protéiné Arla Caramel Salé - 200g","p":2.01,"u":"10,05 €/KG","img":"https://fd2-photos.leclercdrive.fr/image.ashx?id=2736355&use=l&cat=p&typeid=i","cat":315000},{"id":226997,"n":"54 capsules de café lungo x54 - 285g","p":14.4,"u":"50,53 €/KG","img":"https://fd2-photos.leclercdrive.fr/image.ashx?id=2696601&use=l&cat=p&typeid=i","cat":284749},{"id":226998,"n":"Capsules de café  Café Royal Espresso forte x54 - 279g","p":13.94,"u":"49,96 €/KG","img":"https://fd2-photos.leclercdrive.fr/image.ashx?id=2696607&use=l&cat=p&typeid=i","cat":284749},{"id":227006,"n":"Crème glacée Häagen-Dazs  Chocolat belge - 400g","p":4.59,"u":"11,48 €/KG","img":"https://fd2-photos.leclercdrive.fr/image.ashx?id=2886891&use=l&cat=p&typeid=i","cat":284725},{"id":227010,"n":"Diots de Savoie nature Nos Régions ont du Talent 360g","p":4.4,"u":"12,22 €/KG","img":"https://fd2-photos.leclercdrive.fr/image.ashx?id=2991512&use=l&cat=p&typeid=i","cat":316012},{"id":227070,"n":"Thé glacé pétillant Lipton Ice Tea pêche - bouteille 1.25L","p":1.65,"u":"1,32 €/L","img":"https://fd2-photos.leclercdrive.fr/image.ashx?id=2887704&use=l&cat=p&typeid=i","cat":295019},{"id":227103,"n":"Adoucissant Liquide Jardins de fleurs 504ml x36","p":3.99,"u":"7,92 €/L","img":"https://fd2-photos.leclercdrive.fr/image.ashx?id=2698984&use=l&cat=p&typeid=i","cat":284650},{"id":227146,"n":"Papillote de saumon Marie 300g","p":4.13,"u":"13,77 €/KG","img":"https://fd2-photos.leclercdrive.fr/image.ashx?id=2993373&use=l&cat=p&typeid=i","cat":284254},{"id":227153,"n":"Couches Carryboo de nos Régions Couches locales Taille 2 - x 50","p":15.33,"u":"0,31 €/P","img":"https://fd2-photos.leclercdrive.fr/image.ashx?id=2969245&use=l&cat=p&typeid=i","cat":284737},{"id":227154,"n":"Couches Carryboo de nos Régions Couches locales Taille 3 - x50","p":12.39,"u":"0,25 €/P","img":"https://fd2-photos.leclercdrive.fr/image.ashx?id=2833801&use=l&cat=p&typeid=i","cat":284737},{"id":227155,"n":"Couche Carryboo de nos Régions Couches locales Taille 4 - x44","p":14.42,"u":"0,33 €/P","img":"https://fd2-photos.leclercdrive.fr/image.ashx?id=2787404&use=l&cat=p&typeid=i","cat":284737},{"id":227158,"n":"Couches Carryboo de nos Régions Couches locales Taille 4+ - x42","p":15.55,"u":"0,37 €/P","img":"https://fd2-photos.leclercdrive.fr/image.ashx?id=2787407&use=l&cat=p&typeid=i","cat":284737},{"id":227159,"n":"Couche Carryboo de nos Régions Couches locales Taille 5 - x40","p":11.69,"u":"0,29 €/P","img":"https://fd2-photos.leclercdrive.fr/image.ashx?id=2805486&use=l&cat=p&typeid=i","cat":284737},{"id":227307,"n":"Café capsules Dolce Gusto Starbucks White Moka - 123g","p":4.39,"u":"35,69 €/KG","img":"https://fd2-photos.leclercdrive.fr/image.ashx?id=3000459&use=l&cat=p&typeid=i","cat":284749},{"id":227320,"n":"Céréales Nesquik 675g","p":4.45,"u":"6,59 €/KG","img":"https://fd2-photos.leclercdrive.fr/image.ashx?id=2971434&use=l&cat=p&typeid=i","cat":309513},{"id":227323,"n":"Céréales Crunch Nestlé 675g","p":4.45,"u":"6,59 €/KG","img":"https://fd2-photos.leclercdrive.fr/image.ashx?id=2949085&use=l&cat=p&typeid=i","cat":309513},{"id":227325,"n":"P'tite céréales Nestlé Saveur biscuit - 415g","p":3.07,"u":"7,40 €/KG","img":"https://fd2-photos.leclercdrive.fr/image.ashx?id=2700776&use=l&cat=p&typeid=i","cat":312225},{"id":227329,"n":"P'tite céréale Nestlé 415g","p":2.95,"u":"7,11 €/KG","img":"https://fd2-photos.leclercdrive.fr/image.ashx?id=2700770&use=l&cat=p&typeid=i","cat":312225},{"id":227331,"n":"P'tite céréales Nestlé Cacao - 415g","p":2.49,"u":"6,00 €/KG","img":"https://fd2-photos.leclercdrive.fr/image.ashx?id=2700767&use=l&cat=p&typeid=i","cat":312225},{"id":227339,"n":"Capsules Nescafé Dolce Gusto  Lungo - x16","p":4.3,"u":"47,78 €/KG","img":"https://fd2-photos.leclercdrive.fr/image.ashx?id=2907716&use=l&cat=p&typeid=i","cat":293239},{"id":227341,"n":"Céréales Lion Nestlé 1.05kg","p":5.88,"u":"5,88 €/KG","img":"https://fd2-photos.leclercdrive.fr/image.ashx?id=2995433&use=l&cat=p&typeid=i","cat":309513},{"id":227352,"n":"Céréales Chocapic  645g","p":4.37,"u":"6,78 €/KG","img":"https://fd2-photos.leclercdrive.fr/image.ashx?id=2977732&use=l&cat=p&typeid=i","cat":309513},{"id":227372,"n":"Céréales Lion 675g","p":4.4,"u":"6,52 €/KG","img":"https://fd2-photos.leclercdrive.fr/image.ashx?id=2997256&use=l&cat=p&typeid=i","cat":309513},{"id":227373,"n":"Gelée de viande Eco+ 12x100g","p":2.99,"u":"2,49 €/KG","img":"https://fd2-photos.leclercdrive.fr/image.ashx?id=2744216&use=l&cat=p&typeid=i","cat":285286},{"id":227374,"n":"Céréales Chocapic 375g","p":2.76,"u":"7,36 €/KG","img":"https://fd2-photos.leclercdrive.fr/image.ashx?id=2977408&use=l&cat=p&typeid=i","cat":309513},{"id":227375,"n":"Capsule Nescafé Farmers Origins  Brazil Int 8 - x10","p":2.39,"u":"54,32 €/KG","img":"https://fd2-photos.leclercdrive.fr/image.ashx?id=2952166&use=l&cat=p&typeid=i","cat":284749},{"id":227376,"n":"Croquette Friskies Vitafit  Boeuf - 3kg","p":7.21,"u":"2,40 €/KG","img":"https://fd2-photos.leclercdrive.fr/image.ashx?id=2986999&use=l&cat=p&typeid=i","cat":284672},{"id":227377,"n":"Croquette Friskies Vitafit Boeuf - 12kg","p":24.65,"img":"https://fd2-photos.leclercdrive.fr/image.ashx?id=2986984&use=l&cat=p&typeid=i","cat":284672},{"id":227378,"n":"Croquettes Friskies junior Poulet & legumes - 1.5kg","p":5.33,"u":"3,55 €/KG","img":"https://fd2-photos.leclercdrive.fr/image.ashx?id=2699612&use=l&cat=p&typeid=i","cat":284680},{"id":227381,"n":"Croquettes Friskies Vitafit Poulet & legumes - 3kg","p":7.21,"u":"2,40 €/KG","img":"https://fd2-photos.leclercdrive.fr/image.ashx?id=2986981&use=l&cat=p&typeid=i","cat":284672},{"id":227383,"n":"Lait infantile Hipp Biologique Bio Dès 10 mois Combiotic  800g","p":16.78,"u":"20,98 €/KG","img":"https://fd2-photos.leclercdrive.fr/image.ashx?id=2926834&use=l&cat=p&typeid=i","cat":290219},{"id":227391,"n":"Croquettes Friskies Saumon & legumes - 3 kg","p":10.15,"u":"3,38 €/KG","img":"https://fd2-photos.leclercdrive.fr/image.ashx?id=2940615&use=l&cat=p&typeid=i","cat":284680},{"id":227397,"n":"Croquettes Friskies  Dinde & legumes - 1.5kg","p":5.35,"u":"3,57 €/KG","img":"https://fd2-photos.leclercdrive.fr/image.ashx?id=2699621&use=l&cat=p&typeid=i","cat":284680},{"id":227419,"n":"Gel Energy WC Net Javel - Action immédiate 750ml","p":2.48,"u":"3,31 €/L","img":"https://fd2-photos.leclercdrive.fr/image.ashx?id=2791659&use=l&cat=p&typeid=i","cat":284662},{"id":227421,"n":"Etuis mouchoirs Lotus Classic+ - x24","p":3.54,"img":"https://fd2-photos.leclercdrive.fr/image.ashx?id=2700686&use=l&cat=p&typeid=i","cat":284638},{"id":227422,"n":"Etuis mouchoirs Lotus Classic+ - x12","p":1.61,"img":"https://fd2-photos.leclercdrive.fr/image.ashx?id=2700689&use=l&cat=p&typeid=i","cat":284638},{"id":227423,"n":"Etuis mouchoirs Lotus Compact+ - x24","p":3.33,"img":"https://fd2-photos.leclercdrive.fr/image.ashx?id=2700692&use=l&cat=p&typeid=i","cat":284638},{"id":227424,"n":"Etuis mouchoirs Lotus Compact+ - x18","p":2.39,"img":"https://fd2-photos.leclercdrive.fr/image.ashx?id=2988680&use=l&cat=p&typeid=i","cat":284638},{"id":227425,"n":"Boîte mouchoirs Lotus Classic+ - Pur Blanc - x80","p":1.34,"img":"https://fd2-photos.leclercdrive.fr/image.ashx?id=2700698&use=l&cat=p&typeid=i","cat":284638},{"id":227426,"n":"Boîte mouchoirs Lotus Classic+ - Pur Blanc - 2x80","p":3.19,"u":"0,02 €/P","img":"https://fd2-photos.leclercdrive.fr/image.ashx?id=2700701&use=l&cat=p&typeid=i","cat":284638},{"id":227427,"n":"Boîte mouchoirs Lotus Classic+ - Pur Blanc - x130","p":2.45,"u":"0,02 €/P","img":"https://fd2-photos.leclercdrive.fr/image.ashx?id=2700704&use=l&cat=p&typeid=i","cat":284638},{"id":227448,"n":"Céréales Crunch 375g","p":2.6,"u":"6,93 €/KG","img":"https://fd2-photos.leclercdrive.fr/image.ashx?id=2939760&use=l&cat=p&typeid=i","cat":309513},{"id":227494,"n":"Pâté de campagne Guyader Breton - 160g","p":3.29,"u":"20,56 €/KG","img":"https://fd2-photos.leclercdrive.fr/image.ashx?id=2711725&use=l&cat=p&typeid=i","cat":316008},{"id":227497,"n":"Pâté de campagne Guyader Poivre vert - 160g","p":2.79,"u":"17,44 €/KG","img":"https://fd2-photos.leclercdrive.fr/image.ashx?id=2711112&use=l&cat=p&typeid=i","cat":316008},{"id":227498,"n":"Pâté de campagne Guyader Au piment d'Espelette - 160g","p":2.77,"u":"17,31 €/KG","img":"https://fd2-photos.leclercdrive.fr/image.ashx?id=2711109&use=l&cat=p&typeid=i","cat":316008},{"id":227512,"n":"Chips Savour  Sel de guerande - 120g","p":1.48,"u":"12,33 €/KG","img":"https://fd2-photos.leclercdrive.fr/image.ashx?id=2743828&use=l&cat=p&typeid=i","cat":284447},{"id":227516,"n":"Chips Savour Cheddar & Ciboulette - 120g","p":1.75,"u":"14,58 €/KG","img":"https://fd2-photos.leclercdrive.fr/image.ashx?id=2743819&use=l&cat=p&typeid=i","cat":284447},{"id":227520,"n":"Chips Lay's Sel & vinaigre - 130g","p":1.25,"u":"9,62 €/KG","img":"https://fd2-photos.leclercdrive.fr/image.ashx?id=3011161&use=l&cat=p&typeid=i","cat":284447},{"id":227528,"n":"Chips Lay's Poulet - 135g","p":1.23,"u":"9,11 €/KG","img":"https://fd2-photos.leclercdrive.fr/image.ashx?id=2995079&use=l&cat=p&typeid=i","cat":284447},{"id":227532,"n":"Chips Lay's Barbecue - 250g","p":2.06,"u":"8,24 €/KG","img":"https://fd2-photos.leclercdrive.fr/image.ashx?id=2994488&use=l&cat=p&typeid=i","cat":284447},{"id":227534,"n":"Chips Lay's Barbecue - 135g","p":1.12,"u":"8,30 €/KG","img":"https://fd2-photos.leclercdrive.fr/image.ashx?id=2994485&use=l&cat=p&typeid=i","cat":284447},{"id":227561,"n":"Culottes Fuites urinaires  Always discreet Taille M - x10","p":6.26,"u":"0,63 €/P","img":"https://fd2-photos.leclercdrive.fr/image.ashx?id=2927035&use=l&cat=p&typeid=i","cat":284628},{"id":227563,"n":"Serviettes Fuites urinaires  Always Discreet - Normal - x30","p":9.11,"u":"0,30 €/P","img":"https://fd2-photos.leclercdrive.fr/image.ashx?id=2700806&use=l&cat=p&typeid=i","cat":284628},{"id":227590,"n":"Jambon cru Aoste Les Fines  Et fondantes 10 tranches - 167g","p":5.39,"u":"32,28 €/KG","img":"https://fd2-photos.leclercdrive.fr/image.ashx?id=2700455&use=l&cat=p&typeid=i","cat":316007},{"id":227592,"n":"Jambon cru Serrano Aoste 6 tranches - 100g","p":3.47,"u":"34,70 €/KG","img":"https://fd2-photos.leclercdrive.fr/image.ashx?id=2937184&use=l&cat=p&typeid=i","cat":316007},{"id":227593,"n":"Jambon cru Speck Aoste 8 tranches - 100g","p":3.42,"u":"34,20 €/KG","img":"https://fd2-photos.leclercdrive.fr/image.ashx?id=2701262&use=l&cat=p&typeid=i","cat":316007},{"id":227595,"n":"Jambon Fleury Michon  Simplement Bon x10 - 350g","p":3.82,"u":"10,91 €/KG","img":"https://fd2-photos.leclercdrive.fr/image.ashx?id=2842699&use=l&cat=p&typeid=i","cat":316009},{"id":227600,"n":"Croquettes chat Friskies Boeuf, poulet et légumes - 3kg","p":9.9,"u":"3,30 €/KG","img":"https://fd2-photos.leclercdrive.fr/image.ashx?id=2940603&use=l&cat=p&typeid=i","cat":284680},{"id":227608,"n":"Croquettes Friskies Junior  Poulet avec du lait - 3kg","p":8.37,"u":"2,79 €/KG","img":"https://fd2-photos.leclercdrive.fr/image.ashx?id=2986900&use=l&cat=p&typeid=i","cat":284672},{"id":227626,"n":"Barres chocolatées Mars  x7 - 315g","p":2.89,"u":"9,17 €/KG","img":"https://fd2-photos.leclercdrive.fr/image.ashx?id=2701043&use=l&cat=p&typeid=i","cat":284498},{"id":227629,"n":"Barres chocolatées Snickers x7 - 350g","p":3.55,"u":"10,14 €/KG","img":"https://fd2-photos.leclercdrive.fr/image.ashx?id=2701040&use=l&cat=p&typeid=i","cat":284498},{"id":227633,"n":"Barres chocolatées Twix  x10 -210g","p":2.2,"u":"10,48 €/KG","img":"https://fd2-photos.leclercdrive.fr/image.ashx?id=2980091&use=l&cat=p&typeid=i","cat":284498},{"id":227656,"n":"Bière Rince cochon ambrée  Triple - 75cl","p":3.07,"u":"4,09 €/L","img":"https://fd2-photos.leclercdrive.fr/image.ashx?id=2701211&use=l&cat=p&typeid=i","cat":334872},{"id":227671,"n":"Bière aromatisée Desperados Tropical -  6X33cl","p":8.8,"u":"4,44 €/L","img":"https://fd2-photos.leclercdrive.fr/image.ashx?id=2701142&use=l&cat=p&typeid=i","cat":334878},{"id":227684,"n":"Barres chocolatées Twix x7 - 350g","p":3.45,"u":"9,86 €/KG","img":"https://fd2-photos.leclercdrive.fr/image.ashx?id=2701028&use=l&cat=p&typeid=i","cat":284498},{"id":227690,"n":"Parfum de linge Lenor Ambre orchidée x19D - 235g","p":6.35,"u":"27,02 €/KG","img":"https://fd2-photos.leclercdrive.fr/image.ashx?id=2839457&use=l&cat=p&typeid=i","cat":325302},{"id":227701,"n":"Chocolat Pâtissier Nestlé Dessert Blanc - 170g","p":3.02,"u":"17,76 €/KG","img":"https://fd2-photos.leclercdrive.fr/image.ashx?id=2895062&use=l&cat=p&typeid=i","cat":284957},{"id":227719,"n":"Jambon cuit supérieur découenné L'Atelier Charcuterie x4 - 220g","p":3.81,"u":"17,32 €/KG","img":"https://fd2-photos.leclercdrive.fr/image.ashx?id=2907413&use=l&cat=p&typeid=i","cat":316009},{"id":227720,"n":"Papier toilette Le Trèfle  Douceur Bambou x4=8","p":3.57,"u":"0,45 €/P","img":"https://fd2-photos.leclercdrive.fr/image.ashx?id=2859929&use=l&cat=p&typeid=i","cat":284634},{"id":227721,"n":"Jambon cuit avec couenne L'Atelier Charcuterie x2 - 110g","p":2.04,"u":"18,55 €/KG","img":"https://fd2-photos.leclercdrive.fr/image.ashx?id=2999039&use=l&cat=p&typeid=i","cat":316009},{"id":227722,"n":"Jambon cuit découenné L'Atelier Charcuterie x2 - 110g","p":2.21,"u":"20,09 €/KG","img":"https://fd2-photos.leclercdrive.fr/image.ashx?id=2999036&use=l&cat=p&typeid=i","cat":316009},{"id":227723,"n":"Jambon cuit supérieur -25% sel L'Atelier Charcuterie x4 - 220g","p":4.57,"u":"20,77 €/KG","img":"https://fd2-photos.leclercdrive.fr/image.ashx?id=2909356&use=l&cat=p&typeid=i","cat":316009},{"id":227731,"n":"Céréales Nesquik  375g","p":2.69,"u":"7,17 €/KG","img":"https://fd2-photos.leclercdrive.fr/image.ashx?id=2977411&use=l&cat=p&typeid=i","cat":309513},{"id":227738,"n":"Capsule Nescafé Farmers Origins  Africas Int 10 - x10","p":2.32,"u":"52,73 €/KG","img":"https://fd2-photos.leclercdrive.fr/image.ashx?id=2952172&use=l&cat=p&typeid=i","cat":284749},{"id":227739,"n":"Capsule Nescafé Farmers Origins  Colombia Décaféiné Int 6 - x10","p":2.79,"u":"52,64 €/KG","img":"https://fd2-photos.leclercdrive.fr/image.ashx?id=2701977&use=l&cat=p&typeid=i","cat":284749},{"id":227769,"n":"Profiteroles Equador Caramel - 4x90g","p":2.69,"u":"7,47 €/KG","img":"https://fd2-photos.leclercdrive.fr/image.ashx?id=2701100&use=l&cat=p&typeid=i","cat":284419},{"id":227780,"n":"Liqueur GET Menthe & Citrons 17,9° - 70cl","p":12.99,"u":"18,56 €/L","img":"https://fd2-photos.leclercdrive.fr/image.ashx?id=2840629&use=l&cat=p&typeid=i","cat":286032},{"id":227818,"n":"Fromage enfant La Vache qui rit Pik&Croq 5 portions - 175g","p":2.5,"u":"14,29 €/KG","img":"https://fd2-photos.leclercdrive.fr/image.ashx?id=2945433&use=l&cat=p&typeid=i","cat":314030},{"id":227820,"n":"Fromage enfant La Vache qui rit Original 8P à tartiner - 128g","p":1.95,"u":"15,23 €/KG","img":"https://fd2-photos.leclercdrive.fr/image.ashx?id=2945439&use=l&cat=p&typeid=i","cat":314030},{"id":227831,"n":"Spray Nettoyant Menager Cif  Anti-calcaire Universel 750 ml","p":2.12,"u":"2,83 €/L","img":"https://fd2-photos.leclercdrive.fr/image.ashx?id=2890520&use=l&cat=p&typeid=i","cat":325362},{"id":227838,"n":"Yaourt hyperprotéiné Sport  Vanille - 4x120g","p":2.65,"u":"5,52 €/P","img":"https://fd2-photos.leclercdrive.fr/image.ashx?id=3009544&use=l&cat=p&typeid=i","cat":315000},{"id":227839,"n":"Yaourt hyperprotéiné Sport Citron - 4x120g","p":2.65,"u":"5,52 €/KG","img":"https://fd2-photos.leclercdrive.fr/image.ashx?id=2881253&use=l&cat=p&typeid=i","cat":315000},{"id":227840,"n":"Yaourt hyperprotéiné Sport Coco - 4x120g","p":2.65,"u":"5,76 €/P","img":"https://fd2-photos.leclercdrive.fr/image.ashx?id=2716985&use=l&cat=p&typeid=i","cat":315000},{"id":227841,"n":"Yaourt hyperprotéiné Sport Fraise framboise - 4x120g","p":2.65,"u":"5,76 €/P","img":"https://fd2-photos.leclercdrive.fr/image.ashx?id=2716988&use=l&cat=p&typeid=i","cat":315000},{"id":227842,"n":"Yaourt hyperprotéiné Sport Mangue Passion - 4x120g","p":2.65,"u":"5,52 €/KG","img":"https://fd2-photos.leclercdrive.fr/image.ashx?id=2716991&use=l&cat=p&typeid=i","cat":315000},{"id":227845,"n":"Oeufs Bio Village Bio x15","p":5.09,"u":"0,34 €/P","img":"https://fd2-photos.leclercdrive.fr/image.ashx?id=2708955&use=l&cat=p&typeid=i","cat":284378},{"id":227882,"n":"Concentré Sodastream Cola - 440ml","p":4.99,"pp":3.99,"u":"9,07 €/L","img":"https://fd2-photos.leclercdrive.fr/image.ashx?id=2703350&use=l&cat=p&typeid=i","cat":295020},{"id":227884,"n":"Bâtonnet Magnum White choco Cookie - x3 - 222g","p":2.49,"u":"11,22 €/KG","img":"https://fd2-photos.leclercdrive.fr/image.ashx?id=2793071&use=l&cat=p&typeid=i","cat":284265},{"id":227888,"n":"Quinoa et légumes Findus 400g","p":2.44,"u":"6,10 €/KG","img":"https://fd2-photos.leclercdrive.fr/image.ashx?id=2979908&use=l&cat=p&typeid=i","cat":319823},{"id":227894,"n":"Bâtonnet Magnum Caramel salé Amandes x3 - 222g","p":2.92,"u":"13,15 €/KG","img":"https://fd2-photos.leclercdrive.fr/image.ashx?id=2793038&use=l&cat=p&typeid=i","cat":284265},{"id":227896,"n":"Glace Carte d'Or Les Essentiels Vanille de Madagascar 700ml","p":2.7,"pp":1.89,"u":"5,15 €/KG","img":"https://fd2-photos.leclercdrive.fr/image.ashx?id=2831149&use=l&cat=p&typeid=i","cat":284263},{"id":227897,"n":"Glace Bâtonnet MAGNUM Amande 4x100ml","p":2.74,"u":"9,13 €/KG","img":"https://fd2-photos.leclercdrive.fr/image.ashx?id=2849364&use=l&cat=p&typeid=i","cat":284265},{"id":227898,"n":"Bâtonnet Magnum Classic x4 - 300g","p":2.99,"u":"9,97 €/KG","img":"https://fd2-photos.leclercdrive.fr/image.ashx?id=2966794&use=l&cat=p&typeid=i","cat":284265},{"id":227900,"n":"Glace Bâtonnet MAGNUM Chocolat Blanc 4x100ml","p":2.99,"u":"10,17 €/KG","img":"https://fd2-photos.leclercdrive.fr/image.ashx?id=3011944&use=l&cat=p&typeid=i","cat":284265},{"id":227901,"n":"Bâtonnet Magnum Fraise et blanc - x4 - 324g","p":3.29,"u":"10,15 €/KG","img":"https://fd2-photos.leclercdrive.fr/image.ashx?id=3009293&use=l&cat=p&typeid=i","cat":284265},{"id":227902,"n":"Batonnets glace Magnum Chocolat Blanc Amande x4 - 300g","p":3.09,"u":"10,30 €/KG","img":"https://fd2-photos.leclercdrive.fr/image.ashx?id=3009296&use=l&cat=p&typeid=i","cat":284265},{"id":227903,"n":"Glace Bâtonnet MAGNUM Amande 8x100ml","p":5.55,"u":"9,25 €/KG","img":"https://fd2-photos.leclercdrive.fr/image.ashx?id=3009299&use=l&cat=p&typeid=i","cat":284265},{"id":227904,"n":"Glace Bâtonnet MAGNUM Classique 8x100ml","p":5.28,"u":"8,80 €/KG","img":"https://fd2-photos.leclercdrive.fr/image.ashx?id=2974057&use=l&cat=p&typeid=i","cat":284265},{"id":227905,"n":"Bâtonnet Magnum Chocolat blanc x8 - 588g","p":6.95,"u":"11,82 €/KG","img":"https://fd2-photos.leclercdrive.fr/image.ashx?id=2805663&use=l&cat=p&typeid=i","cat":284265},{"id":227906,"n":"Glace Bâtonnet Mini MAGNUM Amande 6x55ml","p":2.63,"u":"9,89 €/KG","img":"https://fd2-photos.leclercdrive.fr/image.ashx?id=2843544&use=l&cat=p&typeid=i","cat":284265},{"id":227907,"n":"Glace Bâtonnet MAGNUM Classique 6x55ml","p":2.63,"u":"10,56 €/KG","img":"https://fd2-photos.leclercdrive.fr/image.ashx?id=2967968&use=l&cat=p&typeid=i","cat":284265},{"id":227908,"n":"Mini bâtonnet Magnum Chocolat blanc Amande x6 - 257g","p":3.65,"u":"14,20 €/KG","img":"https://fd2-photos.leclercdrive.fr/image.ashx?id=2849367&use=l&cat=p&typeid=i","cat":284265},{"id":227909,"n":"Glace Bâtonnet Mini MAGNUM Amande & Chocolat Blanc 6x55ml","p":3.7,"u":"11,21 €/L","img":"https://fd2-photos.leclercdrive.fr/image.ashx?id=2843541&use=l&cat=p&typeid=i","cat":284265},{"id":227911,"n":"Adoucissant Lenor Fraicheur  matinal x60 - 0.84L","p":5.99,"u":"7,13 €/L","img":"https://fd2-photos.leclercdrive.fr/image.ashx?id=2722234&use=l&cat=p&typeid=i","cat":284650},{"id":227912,"n":"Bière Dremmwell IPA 12x25cl","p":13.16,"u":"4,39 €/L","img":"https://fd2-photos.leclercdrive.fr/image.ashx?id=2702418&use=l&cat=p&typeid=i","cat":334878},{"id":227918,"n":"Pois chiches Eco+ - 265g","p":0.67,"u":"2,53 €/KG","img":"https://fd2-photos.leclercdrive.fr/image.ashx?id=3003747&use=l&cat=p&typeid=i","cat":312609},{"id":227960,"n":"Concentré cola sans sucres Sodastream - 440ml","p":4.99,"pp":3.99,"u":"9,07 €/L","img":"https://fd2-photos.leclercdrive.fr/image.ashx?id=2703155&use=l&cat=p&typeid=i","cat":295020},{"id":227961,"n":"Concentré cola light Sodastream - 440ml","p":4.99,"pp":3.99,"u":"9,07 €/L","img":"https://fd2-photos.leclercdrive.fr/image.ashx?id=2703332&use=l&cat=p&typeid=i","cat":295020},{"id":227962,"n":"Concentré agrumes sans sucres Sodastream - 440ml","p":4.99,"pp":3.99,"u":"9,07 €/L","img":"https://fd2-photos.leclercdrive.fr/image.ashx?id=2871133&use=l&cat=p&typeid=i","cat":295020},{"id":227967,"n":"Compotes gourges Pom'Potes Pomme pêche carotte 360g","p":2.15,"u":"5,97 €/KG","img":"https://fd2-photos.leclercdrive.fr/image.ashx?id=2703705&use=l&cat=p&typeid=i","cat":284508},{"id":227973,"n":"Concentré saveur citron sans Sucres - Sodastream - 440ml","p":4.99,"pp":3.99,"u":"9,07 €/L","img":"https://fd2-photos.leclercdrive.fr/image.ashx?id=2765363&use=l&cat=p&typeid=i","cat":295020},{"id":227978,"n":"Concentré Sodastream Menthe sans sucres - 440ml","p":4.99,"pp":3.99,"u":"9,07 €/L","img":"https://fd2-photos.leclercdrive.fr/image.ashx?id=2765372&use=l&cat=p&typeid=i","cat":295020},{"id":228053,"n":"Yaourt à la grecque Délisse Sur lit de mangue 4x150g","p":2.39,"u":"3,98 €/KG","img":"https://fd2-photos.leclercdrive.fr/image.ashx?id=2885146&use=l&cat=p&typeid=i","cat":314999},{"id":228102,"n":"Thé glacé Lipton Ice Tea Pêche Sans sucres - bouteille 1.75l","p":2.05,"u":"1,17 €/L","img":"https://fd2-photos.leclercdrive.fr/image.ashx?id=2857060&use=l&cat=p&typeid=i","cat":295019},{"id":228103,"n":"Thé glacé Lipton Ice Tea Pêche Zéro sucres - canettes 6x33cl","p":3.21,"u":"1,62 €/L","img":"https://fd2-photos.leclercdrive.fr/image.ashx?id=2959442&use=l&cat=p&typeid=i","cat":295019},{"id":228125,"n":"Taboulé à l'orientale 500g","p":1.15,"u":"2,30 €/KG","img":"https://fd2-photos.leclercdrive.fr/image.ashx?id=2703670&use=l&cat=p&typeid=i","cat":333657},{"id":228127,"n":"Lasagnes saumon épinards  Comptoir des marées - 900g","p":5.2,"u":"5,78 €/KG","img":"https://fd2-photos.leclercdrive.fr/image.ashx?id=2732668&use=l&cat=p&typeid=i","cat":284254},{"id":228192,"n":"Coca-cola sans sucre Sans caféine  - 6x20cl","p":3.55,"u":"2,96 €/L","img":"https://fd2-photos.leclercdrive.fr/image.ashx?id=3009062&use=l&cat=p&typeid=i","cat":284530},{"id":228194,"n":"Thé glacé Oasis Ice Tea Saveur Mangue Passion - 1,5L","p":1.85,"u":"1,23 €/L","img":"https://fd2-photos.leclercdrive.fr/image.ashx?id=2705040&use=l&cat=p&typeid=i","cat":295019},{"id":228197,"n":"Sirop Frucci Fraise - 1.3L","p":3.77,"u":"2,90 €/L","img":"https://fd2-photos.leclercdrive.fr/image.ashx?id=2898041&use=l&cat=p&typeid=i","cat":295020},{"id":228198,"n":"Sirop Frucci Grenadine - 1.3L","p":3.28,"u":"2,52 €/L","img":"https://fd2-photos.leclercdrive.fr/image.ashx?id=2909921&use=l&cat=p&typeid=i","cat":295020},{"id":228199,"n":"Sirop Frucci Menthe - 1.3L","p":3.02,"u":"2,32 €/L","img":"https://fd2-photos.leclercdrive.fr/image.ashx?id=2898038&use=l&cat=p&typeid=i","cat":295020},{"id":228205,"n":"Nettoyant ménager AJAX Air frais coquelicots - 1.25L","p":2.31,"u":"1,85 €/L","img":"https://fd2-photos.leclercdrive.fr/image.ashx?id=2944473&use=l&cat=p&typeid=i","cat":284907},{"id":228396,"n":"Thé glacé Lipton Ice Tea Pêche - 6x33cl","p":2.84,"u":"1,43 €/L","img":"https://fd2-photos.leclercdrive.fr/image.ashx?id=2852471&use=l&cat=p&typeid=i","cat":295019},{"id":228406,"n":"Mini bâtonnet glace Trium  Rocher vanille Pecan x4 - 214g","p":2.99,"u":"13,97 €/KG","img":"https://fd2-photos.leclercdrive.fr/image.ashx?id=2911726&use=l&cat=p&typeid=i","cat":284265},{"id":228408,"n":"Bâtonnet de glace Trium Vanille - x8 - 628g","p":3.92,"u":"6,24 €/KG","img":"https://fd2-photos.leclercdrive.fr/image.ashx?id=2911729&use=l&cat=p&typeid=i","cat":284265},{"id":228409,"n":"Bâtonnets Trium  Vanille chocolat blanc x8 616g","p":4.69,"u":"7,61 €/KG","img":"https://fd2-photos.leclercdrive.fr/image.ashx?id=2911732&use=l&cat=p&typeid=i","cat":284265},{"id":228460,"n":"Capsules lave-vaisselle Sun Tout-en-1 Absolu Plus 390g x26","p":7.9,"u":"20,26 €/KG","img":"https://fd2-photos.leclercdrive.fr/image.ashx?id=2960282&use=l&cat=p&typeid=i","cat":284656},{"id":228461,"n":"Spray Nettoyant Menager Cif  Cleanboost Technology - 750 ml","p":2.12,"u":"2,83 €/L","img":"https://fd2-photos.leclercdrive.fr/image.ashx?id=2866214&use=l&cat=p&typeid=i","cat":325357},{"id":228462,"n":"Spray Nettoyant 5-en-1 Cif Cuisine & Salle de Bain 750ml","p":2.07,"u":"2,76 €/L","img":"https://fd2-photos.leclercdrive.fr/image.ashx?id=2999336&use=l&cat=p&typeid=i","cat":325357},{"id":228464,"n":"Recharge Adoucissant Soupline Grand Air - 1L - x45","p":3.32,"u":"3,32 €/L","img":"https://fd2-photos.leclercdrive.fr/image.ashx?id=2860598&use=l&cat=p&typeid=i","cat":284650},{"id":228465,"n":"Nettoyant ménager Ajax Fête des fleurs muguets 1.25L","p":2.79,"u":"2,23 €/L","img":"https://fd2-photos.leclercdrive.fr/image.ashx?id=2926072&use=l&cat=p&typeid=i","cat":284907},{"id":228467,"n":"Spray nettoyant ménager Ajax Salle de bain - 500ml","p":2.68,"u":"5,36 €/L","img":"https://fd2-photos.leclercdrive.fr/image.ashx?id=2708041&use=l&cat=p&typeid=i","cat":325357},{"id":228469,"n":"Perles de linge Soupline Grand Air - 230g","p":7.04,"u":"30,61 €/KG","img":"https://fd2-photos.leclercdrive.fr/image.ashx?id=2708032&use=l&cat=p&typeid=i","cat":325302},{"id":228477,"n":"Brosse à dents Signal Triple Action - Medium - x4","p":1.28,"u":"0,32 €/P","img":"https://fd2-photos.leclercdrive.fr/image.ashx?id=2708310&use=l&cat=p&typeid=i","cat":284614},{"id":228480,"n":"Gel Douche Dove Advanced Care Nutrition Intense 225ml","p":2.99,"u":"13,29 €/L","img":"https://fd2-photos.leclercdrive.fr/image.ashx?id=2968580&use=l&cat=p&typeid=i","cat":284594},{"id":228481,"n":"Gel Douche Dove Advanced Care Nutrition Intense 400ml","p":4.65,"u":"11,63 €/L","img":"https://fd2-photos.leclercdrive.fr/image.ashx?id=2991036&use=l&cat=p&typeid=i","cat":284594},{"id":228483,"n":"Gel douche Dove Hydratant - 720ml","p":4.98,"u":"6,92 €/L","img":"https://fd2-photos.leclercdrive.fr/image.ashx?id=2738701&use=l&cat=p&typeid=i","cat":284594},{"id":228484,"n":"Gel Douche Dove Hydratant 450ml","p":3.32,"u":"7,38 €/L","img":"https://fd2-photos.leclercdrive.fr/image.ashx?id=2993499&use=l&cat=p&typeid=i","cat":284594},{"id":228486,"n":"Gel douche Dove Fraîcheur - 450ml","p":3.75,"u":"8,33 €/L","img":"https://fd2-photos.leclercdrive.fr/image.ashx?id=2738707&use=l&cat=p&typeid=i","cat":284594},{"id":228494,"n":"Lessive liquide Le Chat Sensitive Marseille x42 - 1.89L","p":9.49,"u":"5,02 €/L","img":"https://fd2-photos.leclercdrive.fr/image.ashx?id=2884348&use=l&cat=p&typeid=i","cat":284640},{"id":228501,"n":"Lessive liquide X-tra Total Savon de Marseille x63  -2.835L","p":9.38,"u":"3,31 €/L","img":"https://fd2-photos.leclercdrive.fr/image.ashx?id=2921564&use=l&cat=p&typeid=i","cat":284640},{"id":228509,"n":"Lessive liquide Mir Laine Textile délicat x27 - 1.35L","p":5.3,"u":"3,93 €/L","img":"https://fd2-photos.leclercdrive.fr/image.ashx?id=2890118&use=l&cat=p&typeid=i","cat":284644},{"id":228510,"n":"Lessive liquide Super Croix X-tra Bora Bora x42 - 1.89L","p":7.84,"u":"4,15 €/L","img":"https://fd2-photos.leclercdrive.fr/image.ashx?id=2876263&use=l&cat=p&typeid=i","cat":284640},{"id":228511,"n":"Lessive liquide Maison Verte Fraîcheur d'été - 1.485L x33","p":7.24,"u":"4,88 €/L","img":"https://fd2-photos.leclercdrive.fr/image.ashx?id=2890121&use=l&cat=p&typeid=i","cat":284640},{"id":228567,"n":"Tequila Don Julio Blanco 38° - 70cl","p":49.0,"pp":44.1,"u":"63,00 €/L","img":"https://fd2-photos.leclercdrive.fr/image.ashx?id=2785034&use=l&cat=p&typeid=i","cat":284550},{"id":228631,"n":"Soda Coca-Cola Sans Sucres Canette - Pack 6x20CL","p":3.45,"u":"2,88 €/L","img":"https://fd2-photos.leclercdrive.fr/image.ashx?id=2709352&use=l&cat=p&typeid=i","cat":284530},{"id":228801,"n":"Crème glacée italienne Saporit Fraise melba vanille - 500g","p":4.32,"u":"8,64 €/KG","img":"https://fd2-photos.leclercdrive.fr/image.ashx?id=2711425&use=l&cat=p&typeid=i","cat":284725},{"id":228802,"n":"Feuilletés aux St Jacques La Compagnie Artique - 4x80g","p":4.17,"u":"13,03 €/KG","img":"https://fd2-photos.leclercdrive.fr/image.ashx?id=2710128&use=l&cat=p&typeid=i","cat":319776},{"id":228837,"n":"Haricots rouges Eco+ 250g","p":0.55,"u":"2,20 €/KG","img":"https://fd2-photos.leclercdrive.fr/image.ashx?id=3003750&use=l&cat=p&typeid=i","cat":312606},{"id":228905,"n":"Soin capillaire Expess Le  Petit Marseillais Coco -200ml","p":2.95,"u":"14,75 €/L","img":"https://fd2-photos.leclercdrive.fr/image.ashx?id=2711947&use=l&cat=p&typeid=i","cat":284608},{"id":228932,"n":"Lait croissance Guigoz Optipro 3 - 6x500ml","p":9.1,"u":"3,03 €/L","img":"https://fd2-photos.leclercdrive.fr/image.ashx?id=2712139&use=l&cat=p&typeid=i","cat":284728},{"id":228934,"n":"P'tit brassé Pomme  Nestlé Framboise céréale 2X115g","p":1.49,"u":"6,48 €/KG","img":"https://fd2-photos.leclercdrive.fr/image.ashx?id=2712130&use=l&cat=p&typeid=i","cat":312392},{"id":228935,"n":"Dessert P'tit brassé Nestlé Banane mangue céréales 2x115g","p":1.79,"u":"7,78 €/KG","img":"https://fd2-photos.leclercdrive.fr/image.ashx?id=2712127&use=l&cat=p&typeid=i","cat":312392},{"id":228940,"n":"Naturnes Nestlé Jardinière de légumes 2x190g","p":2.05,"u":"5,39 €/KG","img":"https://fd2-photos.leclercdrive.fr/image.ashx?id=2712124&use=l&cat=p&typeid=i","cat":312235},{"id":228942,"n":"Dessert P'tit brassé  Mini pêche - 6x50g","p":1.89,"u":"6,30 €/KG","img":"https://fd2-photos.leclercdrive.fr/image.ashx?id=2955989&use=l&cat=p&typeid=i","cat":312392},{"id":228957,"n":"Dessert P'tit brassé  Mini banane - 300g","p":2.16,"u":"7,20 €/KG","img":"https://fd2-photos.leclercdrive.fr/image.ashx?id=2958203&use=l&cat=p&typeid=i","cat":312392},{"id":228958,"n":"Dessert mini P'tit brassé Nature -300g","p":2.08,"u":"6,93 €/KG","img":"https://fd2-photos.leclercdrive.fr/image.ashx?id=2712112&use=l&cat=p&typeid=i","cat":312392},{"id":228963,"n":"Thé noir en vrac Lipton à l'Orange d'Espagne - 150g","p":6.65,"u":"44,33 €/KG","img":"https://fd2-photos.leclercdrive.fr/image.ashx?id=2746316&use=l&cat=p&typeid=i","cat":293234},{"id":228976,"n":"Infusion Saveurs du soir Lipton Grand sud - 32g","p":1.12,"u":"35,00 €/KG","img":"https://fd2-photos.leclercdrive.fr/image.ashx?id=2718741&use=l&cat=p&typeid=i","cat":293234},{"id":228986,"n":"Thé noir au citron d'Espagne Lipton Russian earl grey - 150g","p":8.01,"u":"53,40 €/KG","img":"https://fd2-photos.leclercdrive.fr/image.ashx?id=2745100&use=l&cat=p&typeid=i","cat":293233},{"id":229000,"n":"Barres Chocolatées DUPLO  Chocolat au Lait x10 - 182g","p":3.17,"u":"17,42 €/KG","img":"https://fd2-photos.leclercdrive.fr/image.ashx?id=2712759&use=l&cat=p&typeid=i","cat":284498},{"id":229031,"n":"Biscuit apéritif Ancel Bretzels - 260g","p":2.77,"u":"10,65 €/KG","img":"https://fd2-photos.leclercdrive.fr/image.ashx?id=2749137&use=l&cat=p&typeid=i","cat":297000},{"id":229144,"n":"Margarine doux St-Hubert L'Original - 250g","p":1.79,"u":"7,16 €/KG","img":"https://fd2-photos.leclercdrive.fr/image.ashx?id=2978032&use=l&cat=p&typeid=i","cat":315229},{"id":229156,"n":"Vin efferverscent Perlino Prosecco brut - 75cl","p":7.2,"pp":5.4,"u":"7,20 €/L","img":"https://fd2-photos.leclercdrive.fr/image.ashx?id=2873333&use=l&cat=p&typeid=i","cat":289461},{"id":229224,"n":"Glace pâte à tartiner Nutella 230g","p":3.79,"u":"16,48 €/KG","img":"https://fd2-photos.leclercdrive.fr/image.ashx?id=2905672&use=l&cat=p&typeid=i","cat":284725},{"id":229237,"n":"Glace Cacolac vanille  348g","p":5.1,"u":"14,66 €/KG","img":"https://fd2-photos.leclercdrive.fr/image.ashx?id=2733847&use=l&cat=p&typeid=i","cat":284265},{"id":229288,"n":"Glace Carte d'Or Café - 374g","p":2.82,"pp":1.97,"u":"5,27 €/KG","img":"https://fd2-photos.leclercdrive.fr/image.ashx?id=2973348&use=l&cat=p&typeid=i","cat":284263},{"id":229289,"n":"Glace Carte d'Or Chocolat Noir - 374g","p":2.69,"pp":1.88,"u":"5,03 €/KG","img":"https://fd2-photos.leclercdrive.fr/image.ashx?id=2849370&use=l&cat=p&typeid=i","cat":284263},{"id":229291,"n":"Glace Carte d'Or Rhum raisin - 394g","p":2.92,"pp":2.04,"u":"5,18 €/KG","img":"https://fd2-photos.leclercdrive.fr/image.ashx?id=3009305&use=l&cat=p&typeid=i","cat":284263},{"id":229293,"n":"Crème Glacée Carte D'Or crème  de Vanille de Madagascar 700ml","p":3.27,"pp":2.29,"u":"6,24 €/KG","img":"https://fd2-photos.leclercdrive.fr/image.ashx?id=2793062&use=l&cat=p&typeid=i","cat":284263},{"id":229323,"n":"Noix du cajou Juste Bio Curry - 100g","p":3.6,"u":"36,00 €/KG","img":"https://fd2-photos.leclercdrive.fr/image.ashx?id=2857506&use=l&cat=p&typeid=i","cat":314432},{"id":229394,"n":"Crème glacée La Laitière Café - 490g","p":3.24,"pp":2.27,"u":"4,63 €/KG","img":"https://fd2-photos.leclercdrive.fr/image.ashx?id=3000021&use=l&cat=p&typeid=i","cat":284263},{"id":229395,"n":"Crème glacée La Laitière Menthe Chocolat - 490g","p":3.24,"pp":2.27,"u":"4,63 €/KG","img":"https://fd2-photos.leclercdrive.fr/image.ashx?id=2877889&use=l&cat=p&typeid=i","cat":284263},{"id":229396,"n":"Sorbet La Laitière Citron - 558g","p":3.24,"pp":2.27,"u":"4,07 €/KG","img":"https://fd2-photos.leclercdrive.fr/image.ashx?id=2877895&use=l&cat=p&typeid=i","cat":284263},{"id":229397,"n":"Sorbet La Laitière Fraise - 558g","p":3.24,"pp":2.27,"u":"4,07 €/KG","img":"https://fd2-photos.leclercdrive.fr/image.ashx?id=3000018&use=l&cat=p&typeid=i","cat":284263},{"id":229414,"n":"Chocolat Poulain maxi Lait Feuilleté - 190g","p":3.02,"u":"15,89 €/KG","img":"https://fd2-photos.leclercdrive.fr/image.ashx?id=2867140&use=l&cat=p&typeid=i","cat":284497},{"id":229451,"n":"Croquettes Friskies junior  Poulet avec du lait - 7kg","p":18.52,"u":"2,65 €/KG","img":"https://fd2-photos.leclercdrive.fr/image.ashx?id=2986990&use=l&cat=p&typeid=i","cat":284672},{"id":229497,"n":"Chips Lay's  Bolognaise - 130g","p":1.33,"u":"10,23 €/KG","img":"https://fd2-photos.leclercdrive.fr/image.ashx?id=3011149&use=l&cat=p&typeid=i","cat":284447},{"id":229517,"n":"Soda au cola Pepsi Zéro sucres Le lot de 6x33cl canettes","p":2.52,"u":"1,27 €/L","img":"https://fd2-photos.leclercdrive.fr/image.ashx?id=2773391&use=l&cat=p&typeid=i","cat":284530},{"id":229523,"n":"Thé glacé Lipton Ice Tea Pêche Le lot de 12x33cl canettes","p":6.32,"u":"1,60 €/L","img":"https://fd2-photos.leclercdrive.fr/image.ashx?id=2717550&use=l&cat=p&typeid=i","cat":295019},{"id":229524,"n":"Thé glacé pétillant Lipton Ice Tea pêche - canettes 6x33cl","p":3.53,"u":"1,78 €/L","img":"https://fd2-photos.leclercdrive.fr/image.ashx?id=2900833&use=l&cat=p&typeid=i","cat":295019},{"id":229546,"n":"Cassonade Saint Louis 1kg","p":2.45,"u":"2,45 €/KG","img":"https://fd2-photos.leclercdrive.fr/image.ashx?id=2717595&use=l&cat=p&typeid=i","cat":284502},{"id":229612,"n":"Prosecco  Eco+ 75cl","p":3.99,"u":"5,32 €/L","img":"https://fd2-photos.leclercdrive.fr/image.ashx?id=2931760&use=l&cat=p&typeid=i","cat":289461},{"id":229712,"n":"Chips Terre de Breizh Piment d'Espelette 125g","p":2.49,"u":"19,92 €/KG","img":"https://fd2-photos.leclercdrive.fr/image.ashx?id=3012212&use=l&cat=p&typeid=i","cat":284447},{"id":229743,"n":"Pain burger Pasquier Le classique x4 - 235g","p":1.52,"u":"6,47 €/KG","img":"https://fd2-photos.leclercdrive.fr/image.ashx?id=2862266&use=l&cat=p&typeid=i","cat":325067},{"id":229811,"n":"Crème fixative Polident Original 0% -44g -","p":3.22,"u":"73,18 €/KG","img":"https://fd2-photos.leclercdrive.fr/image.ashx?id=2719615&use=l&cat=p&typeid=i","cat":285158},{"id":229879,"n":"Apéritif Campari 25% vol - 70cl","p":16.89,"u":"24,13 €/L","img":"https://fd2-photos.leclercdrive.fr/image.ashx?id=3009155&use=l&cat=p&typeid=i","cat":286032},{"id":229891,"n":"Pain de mie complet Harrys Sandwich Sans sucre ajouté 600g","p":1.7,"u":"2,83 €/KG","img":"https://fd2-photos.leclercdrive.fr/image.ashx?id=2962473&use=l&cat=p&typeid=i","cat":284477},{"id":229893,"n":"Pain de mie complet Harrys Sandwich Sans sucre ajouté 900g","p":2.32,"u":"2,58 €/KG","img":"https://fd2-photos.leclercdrive.fr/image.ashx?id=2962476&use=l&cat=p&typeid=i","cat":284477},{"id":229896,"n":"Pain de mie nature Harrys American Sandwich 550g","p":1.61,"u":"2,93 €/KG","img":"https://fd2-photos.leclercdrive.fr/image.ashx?id=2962446&use=l&cat=p&typeid=i","cat":284477},{"id":229897,"n":"Pain de mie nature Harrys Sandwich Sans sucre ajouté 825g","p":2.15,"u":"2,61 €/KG","img":"https://fd2-photos.leclercdrive.fr/image.ashx?id=2962449&use=l&cat=p&typeid=i","cat":284477},{"id":229898,"n":"Pain de mie nature Harrys Sandwich Tranches épaisses 550g","p":1.68,"u":"3,05 €/KG","img":"https://fd2-photos.leclercdrive.fr/image.ashx?id=2962455&use=l&cat=p&typeid=i","cat":284477},{"id":229920,"n":"Pain de mie rustique Harrys Sandwich Sans sucre ajouté 500g","p":2.15,"u":"4,30 €/KG","img":"https://fd2-photos.leclercdrive.fr/image.ashx?id=2962458&use=l&cat=p&typeid=i","cat":284477},{"id":229921,"n":"Pain de mie céréales Harrys Sandwich Sans sucre ajouté 550g","p":1.79,"u":"3,25 €/KG","img":"https://fd2-photos.leclercdrive.fr/image.ashx?id=2962452&use=l&cat=p&typeid=i","cat":284477},{"id":229957,"n":"12 Minis Babybel + 6 offerts - 396g","p":6.91,"u":"17,45 €/KG","img":"https://fd2-photos.leclercdrive.fr/image.ashx?id=2771705&use=l&cat=p&typeid=i","cat":314030},{"id":229986,"n":"Oignons rings panés Golfo Nuevo 300g","p":3.78,"u":"12,60 €/KG","img":"https://fd2-photos.leclercdrive.fr/image.ashx?id=2788811&use=l&cat=p&typeid=i","cat":319774},{"id":229988,"n":"Lamelles kebab Maître Coq 600g","p":8.48,"u":"14,13 €/KG","img":"https://fd2-photos.leclercdrive.fr/image.ashx?id=2719075&use=l&cat=p&typeid=i","cat":null},{"id":230137,"n":"Tablette de chocolat Pure Via Eclats d'amandes - 100g","p":3.1,"u":"31,00 €/KG","img":"https://fd2-photos.leclercdrive.fr/image.ashx?id=2789949&use=l&cat=p&typeid=i","cat":284497},{"id":230145,"n":"Tablette Chocolat Pur Via  Caramel pointe de sel - 100g","p":3.69,"u":"36,90 €/KG","img":"https://fd2-photos.leclercdrive.fr/image.ashx?id=2789946&use=l&cat=p&typeid=i","cat":284497},{"id":230146,"n":"Tablette chocolat Pure Via  100g","p":2.21,"u":"22,10 €/KG","img":"https://fd2-photos.leclercdrive.fr/image.ashx?id=2789934&use=l&cat=p&typeid=i","cat":284956},{"id":230147,"n":"Tablette chocolat Pure Via Eclats de noisettes - 100g","p":2.99,"u":"29,90 €/KG","img":"https://fd2-photos.leclercdrive.fr/image.ashx?id=2789937&use=l&cat=p&typeid=i","cat":284497},{"id":230148,"n":"Tablette de chocolat Pure Via Noir pointe de sel - 100g","p":3.01,"u":"30,10 €/KG","img":"https://fd2-photos.leclercdrive.fr/image.ashx?id=2789940&use=l&cat=p&typeid=i","cat":284956},{"id":230149,"n":"Tablette de chocolat Pur Via Noir - 100g","p":2.97,"u":"29,70 €/KG","img":"https://fd2-photos.leclercdrive.fr/image.ashx?id=2789943&use=l&cat=p&typeid=i","cat":284956},{"id":230165,"n":"Merguez 100% végétal Accro x4 - 200g","p":3.85,"u":"19,25 €/KG","img":"https://fd2-photos.leclercdrive.fr/image.ashx?id=2767192&use=l&cat=p&typeid=i","cat":316036},{"id":230167,"n":"Lessive liquide X-tra Total  Ecopack  x41 - 1.845L","p":6.62,"u":"3,59 €/L","img":"https://fd2-photos.leclercdrive.fr/image.ashx?id=2890124&use=l&cat=p&typeid=i","cat":284640},{"id":230171,"n":"Bière Picon 1L","p":10.15,"u":"10,15 €/L","img":"https://fd2-photos.leclercdrive.fr/image.ashx?id=2720908&use=l&cat=p&typeid=i","cat":334872},{"id":230190,"n":"Cylindre supplémentaire Elsay Recharge de 60L - A visser x1","p":22.9,"img":"https://fd2-photos.leclercdrive.fr/image.ashx?id=2723032&use=l&cat=p&typeid=i","cat":334140},{"id":230198,"n":"Gel nettoyant WC La Croix Ultra WC - 750ml","p":1.23,"u":"1,64 €/L","img":"https://fd2-photos.leclercdrive.fr/image.ashx?id=2721531&use=l&cat=p&typeid=i","cat":284662},{"id":230596,"n":"Colin à la Bordelaise Findus  MSC - 380g","p":4.05,"u":"10,66 €/KG","img":"https://fd2-photos.leclercdrive.fr/image.ashx?id=2899503&use=l&cat=p&typeid=i","cat":319786},{"id":230705,"n":"Gnocchi à poêler Lustucru Jambon fromage - 500g","p":2.75,"u":"5,50 €/KG","img":"https://fd2-photos.leclercdrive.fr/image.ashx?id=2786213&use=l&cat=p&typeid=i","cat":333682},{"id":230707,"n":"Poisson à la Bordelaise Fleury Michon - 300g","p":3.16,"u":"10,53 €/KG","img":"https://fd2-photos.leclercdrive.fr/image.ashx?id=3003239&use=l&cat=p&typeid=i","cat":333665},{"id":230761,"n":"Beurre doux Paysan Breton 250g","p":2.76,"u":"11,04 €/KG","img":"https://fd2-photos.leclercdrive.fr/image.ashx?id=2959460&use=l&cat=p&typeid=i","cat":284379},{"id":230938,"n":"Knaggies végétal Better Balance 200g","p":2.94,"u":"14,70 €/KG","img":"https://fd2-photos.leclercdrive.fr/image.ashx?id=2964117&use=l&cat=p&typeid=i","cat":316036},{"id":230980,"n":"Chocolat lait Lindt Noisettes  Lucky Monkey - 100g","p":2.74,"u":"27,40 €/KG","img":"https://fd2-photos.leclercdrive.fr/image.ashx?id=2725075&use=l&cat=p&typeid=i","cat":284497},{"id":230985,"n":"Barquettes Cesar 8x100g","p":6.98,"u":"8,73 €/KG","img":"https://fd2-photos.leclercdrive.fr/image.ashx?id=2725786&use=l&cat=p&typeid=i","cat":284673},{"id":231020,"n":"Tube harissa El Manar - 70g","p":0.69,"u":"9,86 €/KG","img":"https://fd2-photos.leclercdrive.fr/image.ashx?id=2725810&use=l&cat=p&typeid=i","cat":289013},{"id":231052,"n":"Bacon fumé au bois de hêtre Cochonou - 10 tranches - 100g","p":1.75,"u":"17,50 €/KG","img":"https://fd2-photos.leclercdrive.fr/image.ashx?id=2833630&use=l&cat=p&typeid=i","cat":316007},{"id":231053,"n":"Saucisson sec Cochonou  -25% de sel 32 tranches - 100g","p":1.74,"u":"17,40 €/KG","img":"https://fd2-photos.leclercdrive.fr/image.ashx?id=2833633&use=l&cat=p&typeid=i","cat":316007},{"id":231095,"n":"Mayonnaise de Dijon Amora 605g","p":3.29,"u":"5,44 €/KG","img":"https://fd2-photos.leclercdrive.fr/image.ashx?id=2877292&use=l&cat=p&typeid=i","cat":298295},{"id":231203,"n":"Lessive liquide Super Croix  X-tra Japon x42- 1.89L","p":8.45,"u":"4,47 €/L","img":"https://fd2-photos.leclercdrive.fr/image.ashx?id=2876272&use=l&cat=p&typeid=i","cat":284640},{"id":231216,"n":"Glaces Yeti Cacolac  Mousse au chocolat - 200g","p":5.15,"u":"25,75 €/KG","img":"https://fd2-photos.leclercdrive.fr/image.ashx?id=2728486&use=l&cat=p&typeid=i","cat":284725},{"id":231231,"n":"Magret de canard du Sud-Ouest Maison Montfort - 80g","p":4.09,"u":"51,13 €/KG","img":"https://fd2-photos.leclercdrive.fr/image.ashx?id=2728393&use=l&cat=p&typeid=i","cat":284339},{"id":231262,"n":"Bière Desperados Virgin Punch 00%vol - 3x33cl","p":3.95,"u":"3,99 €/L","img":"https://fd2-photos.leclercdrive.fr/image.ashx?id=2977981&use=l&cat=p&typeid=i","cat":334877},{"id":231282,"n":"Chips Street food Vico  Saveur tzatziki - 120g","p":1.29,"u":"10,75 €/KG","img":"https://fd2-photos.leclercdrive.fr/image.ashx?id=2985192&use=l&cat=p&typeid=i","cat":284447},{"id":231301,"n":"Nouilles au poulet  Tables du Monde - 900g","p":5.19,"u":"5,77 €/KG","img":"https://fd2-photos.leclercdrive.fr/image.ashx?id=2726794&use=l&cat=p&typeid=i","cat":284254},{"id":231324,"n":"Rôti de porc cuit Tradilège Supérieur -25% de sel x4 - 160g","p":2.85,"u":"17,81 €/KG","img":"https://fd2-photos.leclercdrive.fr/image.ashx?id=2726896&use=l&cat=p&typeid=i","cat":316009},{"id":231358,"n":"Barquettes Cesar  Natural Goodness - 8X100g","p":6.98,"u":"8,73 €/KG","img":"https://fd2-photos.leclercdrive.fr/image.ashx?id=2728660&use=l&cat=p&typeid=i","cat":284673},{"id":231362,"n":"Barquettes de terrine Cesar Bio Natural Goodness - 100g","p":1.06,"u":"10,60 €/KG","img":"https://fd2-photos.leclercdrive.fr/image.ashx?id=2728657&use=l&cat=p&typeid=i","cat":284673},{"id":231364,"n":"Barquettes terrine Cesar Bio Natural Goodness - 100g","p":1.0,"u":"10,00 €/KG","img":"https://fd2-photos.leclercdrive.fr/image.ashx?id=2728654&use=l&cat=p&typeid=i","cat":284673},{"id":231366,"n":"Boîtes chien Cesar Natural Goodness en terrine - 3x400g","p":9.47,"u":"7,89 €/KG","img":"https://fd2-photos.leclercdrive.fr/image.ashx?id=2796405&use=l&cat=p&typeid=i","cat":288578},{"id":231367,"n":"Rôti de porc Tradilège Supérieur 2 tranches - 80g","p":1.49,"u":"18,63 €/KG","img":"https://fd2-photos.leclercdrive.fr/image.ashx?id=2994402&use=l&cat=p&typeid=i","cat":316009},{"id":231407,"n":"Concentré saveur limonade  Sodastream sans sucre - 440ml","p":4.99,"pp":3.99,"u":"9,07 €/L","img":"https://fd2-photos.leclercdrive.fr/image.ashx?id=2728768&use=l&cat=p&typeid=i","cat":295020},{"id":231445,"n":"Boulettes au bœuf Charal  Façon couscous - 300g","p":6.14,"u":"20,47 €/KG","img":"https://fd2-photos.leclercdrive.fr/image.ashx?id=2728414&use=l&cat=p&typeid=i","cat":284332},{"id":231629,"n":"Lasagnes au thon  900g","p":5.53,"u":"6,14 €/KG","img":"https://fd2-photos.leclercdrive.fr/image.ashx?id=2739240&use=l&cat=p&typeid=i","cat":284254},{"id":231657,"n":"Tablettes lave-vaisselle Finish Power Plus - x35","p":7.74,"u":"13,82 €/KG","img":"https://fd2-photos.leclercdrive.fr/image.ashx?id=2749431&use=l&cat=p&typeid=i","cat":284656},{"id":231658,"n":"Lessive liquide X-tra Total  4 en 1 propreté x85 - 3.825L","p":13.39,"u":"3,50 €/L","img":"https://fd2-photos.leclercdrive.fr/image.ashx?id=2740568&use=l&cat=p&typeid=i","cat":284640},{"id":231704,"n":"Lessive multi-usages St Marc  à la Résine de pin - 1,4kg","p":4.65,"u":"3,32 €/KG","img":"https://fd2-photos.leclercdrive.fr/image.ashx?id=2884645&use=l&cat=p&typeid=i","cat":325365},{"id":231708,"n":"Capsules lave-vaisselle Finish  Quantum - x46","p":9.92,"u":"20,75 €/KG","img":"https://fd2-photos.leclercdrive.fr/image.ashx?id=2749440&use=l&cat=p&typeid=i","cat":284656},{"id":231714,"n":"Spray nettoyant Cillit Bang  Expert Anti-moisissures - 750ml","p":3.19,"u":"4,25 €/L","img":"https://fd2-photos.leclercdrive.fr/image.ashx?id=2790114&use=l&cat=p&typeid=i","cat":325357},{"id":231715,"n":"Spray nettoyant Cillit Bang  Expert Javel - 750ml","p":2.99,"u":"3,99 €/L","img":"https://fd2-photos.leclercdrive.fr/image.ashx?id=2793653&use=l&cat=p&typeid=i","cat":325357},{"id":231717,"n":"ST MARC Liquide Nettoyant Multi Usages Côtes Bretonnes - 1L","p":2.45,"u":"2,45 €/L","img":"https://fd2-photos.leclercdrive.fr/image.ashx?id=2859074&use=l&cat=p&typeid=i","cat":284907},{"id":231719,"n":"Lessive capsules Super Croix X-tra Bora Bora x28  - 336g","p":7.88,"u":"23,45 €/KG","img":"https://fd2-photos.leclercdrive.fr/image.ashx?id=2876284&use=l&cat=p&typeid=i","cat":284641},{"id":231735,"n":"Dés de jambon à l'étouffé Fleury Michon - 150g","p":1.99,"u":"13,27 €/KG","img":"https://fd2-photos.leclercdrive.fr/image.ashx?id=2740538&use=l&cat=p&typeid=i","cat":316011},{"id":232183,"n":"Liquide vaisselle Mir  Dégraissant citron - 450ml","p":1.54,"u":"3,42 €/L","img":"https://fd2-photos.leclercdrive.fr/image.ashx?id=2744028&use=l&cat=p&typeid=i","cat":284655},{"id":232195,"n":"Liquide vaisselle Mir  Peau sensible aloe vera - 450ml","p":1.53,"u":"3,40 €/L","img":"https://fd2-photos.leclercdrive.fr/image.ashx?id=2874904&use=l&cat=p&typeid=i","cat":284655},{"id":232309,"n":"Bloc WC Fresh Disc Canard Citron vert - 1x36ml","p":2.96,"img":"https://fd2-photos.leclercdrive.fr/image.ashx?id=2745769&use=l&cat=p&typeid=i","cat":284662},{"id":232318,"n":"Tablette lave-vaisselle Sun Tout-en-1 - x86 - 1.419kg","p":16.57,"u":"11,68 €/KG","img":"https://fd2-photos.leclercdrive.fr/image.ashx?id=3000899&use=l&cat=p&typeid=i","cat":284656},{"id":232319,"n":"Tablettes lave-vaisselle Sun Tout-en-1 - x24 -396g","p":5.33,"u":"13,46 €/KG","img":"https://fd2-photos.leclercdrive.fr/image.ashx?id=2760543&use=l&cat=p&typeid=i","cat":284656},{"id":232321,"n":"Lessive capsules Tout-en-1 Skip Soin complet - x24 - 506.4g","p":10.29,"u":"20,34 €/KG","img":"https://fd2-photos.leclercdrive.fr/image.ashx?id=2773931&use=l&cat=p&typeid=i","cat":284641},{"id":232341,"n":"Bloc WC Canard Fresh Disc Fraîcheur marine - 36ml","p":1.51,"img":"https://fd2-photos.leclercdrive.fr/image.ashx?id=2747691&use=l&cat=p&typeid=i","cat":284662},{"id":232345,"n":"Adoucissant Soupline concentré Utra Emotion Rose - 1.28L - x60","p":5.76,"u":"4,50 €/L","img":"https://fd2-photos.leclercdrive.fr/image.ashx?id=2832575&use=l&cat=p&typeid=i","cat":284650},{"id":232378,"n":"Piège stickers fenêtre Raid A mouches - x6","p":4.9,"u":"0,82 €/P","img":"https://fd2-photos.leclercdrive.fr/image.ashx?id=2747076&use=l&cat=p&typeid=i","cat":298368},{"id":232517,"n":"Pâtes Barilla Vermicelles - 500g","p":1.24,"u":"2,48 €/KG","img":"https://fd2-photos.leclercdrive.fr/image.ashx?id=2748659&use=l&cat=p&typeid=i","cat":284427},{"id":232518,"n":"Pâtes Barilla Stelline - 500g","p":1.25,"u":"2,50 €/KG","img":"https://fd2-photos.leclercdrive.fr/image.ashx?id=2748662&use=l&cat=p&typeid=i","cat":284427},{"id":232519,"n":"Pâtes Barilla Risoni - 500g","p":1.26,"u":"2,52 €/KG","img":"https://fd2-photos.leclercdrive.fr/image.ashx?id=2748665&use=l&cat=p&typeid=i","cat":284427},{"id":232840,"n":"Gel déboucheur Destop  Turbo 5 min - 2 doses - 500ml","p":3.99,"u":"7,98 €/L","img":"https://fd2-photos.leclercdrive.fr/image.ashx?id=2976029&use=l&cat=p&typeid=i","cat":284908},{"id":232982,"n":"Bougie Glade Vanille - 112g","p":4.06,"img":"https://fd2-photos.leclercdrive.fr/image.ashx?id=2751285&use=l&cat=p&typeid=i","cat":284666},{"id":232986,"n":"Bougie Glade Anti-tabac - 112g","p":3.89,"img":"https://fd2-photos.leclercdrive.fr/image.ashx?id=2751276&use=l&cat=p&typeid=i","cat":284666},{"id":232989,"n":"Spray nettoyant Cillit Bang  Expert Dégraissant - 750ml","p":3.19,"img":"https://fd2-photos.leclercdrive.fr/image.ashx?id=2751222&use=l&cat=p&typeid=i","cat":325357},{"id":233204,"n":"Guimauves Chocours Copains copines 600g","p":5.19,"u":"8,65 €/KG","img":"https://fd2-photos.leclercdrive.fr/image.ashx?id=2934778&use=l&cat=p&typeid=i","cat":304250},{"id":233327,"n":"Bâtonnets Magnum Chocolat blanc x6 - 441g","p":3.89,"u":"8,82 €/KG","img":"https://fd2-photos.leclercdrive.fr/image.ashx?id=3009290&use=l&cat=p&typeid=i","cat":284265},{"id":233355,"n":"Pickers by McCain Emmental stick - 230g","p":3.75,"u":"16,30 €/KG","img":"https://fd2-photos.leclercdrive.fr/image.ashx?id=2922290&use=l&cat=p&typeid=i","cat":319774},{"id":233405,"n":"Emmental Entremont  Tendre Meule - 160g","p":2.0,"u":"12,50 €/KG","img":"https://fd2-photos.leclercdrive.fr/image.ashx?id=2983135&use=l&cat=p&typeid=i","cat":314034},{"id":233436,"n":"Coquille St-Jacques et fruits  de mer Eco+ 360g","p":3.97,"u":"11,03 €/KG","img":"https://fd2-photos.leclercdrive.fr/image.ashx?id=2754249&use=l&cat=p&typeid=i","cat":319787},{"id":233456,"n":"Rhum Blanc Mystère des îles Guadeloupe 40° 70cl","p":17.95,"u":"25,64 €/L","img":"https://fd2-photos.leclercdrive.fr/image.ashx?id=2755480&use=l&cat=p&typeid=i","cat":284550},{"id":233475,"n":"Tartes flambées Kauffer's Chèvre miel - 2x250g","p":8.7,"u":"17,40 €/KG","img":"https://fd2-photos.leclercdrive.fr/image.ashx?id=2838292&use=l&cat=p&typeid=i","cat":284256},{"id":233480,"n":"Fromage à tartiner Madame Loïk 9x20g","p":2.12,"u":"11,78 €/KG","img":"https://fd2-photos.leclercdrive.fr/image.ashx?id=2945562&use=l&cat=p&typeid=i","cat":314029},{"id":233576,"n":"Piment harissa El Manar 135g","p":0.72,"u":"5,33 €/KG","img":"https://fd2-photos.leclercdrive.fr/image.ashx?id=2757470&use=l&cat=p&typeid=i","cat":298298},{"id":233637,"n":"Concentré Sodastream Grenadine - 440ml","p":4.99,"pp":3.99,"u":"9,07 €/L","img":"https://fd2-photos.leclercdrive.fr/image.ashx?id=2765360&use=l&cat=p&typeid=i","cat":295020},{"id":233638,"n":"Concentré Sodastream Orange - 440ml","p":4.99,"pp":3.99,"u":"9,07 €/L","img":"https://fd2-photos.leclercdrive.fr/image.ashx?id=2765522&use=l&cat=p&typeid=i","cat":295020},{"id":233639,"n":"Concentré Sodastream Limonade - 440ml","p":4.99,"pp":3.99,"u":"90,68 €/L","img":"https://fd2-photos.leclercdrive.fr/image.ashx?id=2758758&use=l&cat=p&typeid=i","cat":295020},{"id":233645,"n":"Café Soluble Starbucks Caramel Latte 5 sticks - 115g","p":2.83,"u":"24,61 €/KG","img":"https://fd2-photos.leclercdrive.fr/image.ashx?id=2766099&use=l&cat=p&typeid=i","cat":284843},{"id":233646,"n":"Café Soluble Starbucks White Mocha 5 sticks - 120g","p":2.96,"u":"24,67 €/KG","img":"https://fd2-photos.leclercdrive.fr/image.ashx?id=2758463&use=l&cat=p&typeid=i","cat":284843},{"id":233649,"n":"Bouchées vapeur aux crevettes Tables du Monde x8 - 164g","p":3.17,"u":"19,33 €/KG","img":"https://fd2-photos.leclercdrive.fr/image.ashx?id=2757949&use=l&cat=p&typeid=i","cat":319774},{"id":233729,"n":"Lessive liquide Skip Cycle  Court Efficacité Express x54","p":16.99,"u":"7,87 €/L","img":"https://fd2-photos.leclercdrive.fr/image.ashx?id=2843553&use=l&cat=p&typeid=i","cat":284640},{"id":233730,"n":"Lessive liquide Skip Cycle Court Couleur Protect x54","p":14.72,"u":"6,81 €/L","img":"https://fd2-photos.leclercdrive.fr/image.ashx?id=2842168&use=l&cat=p&typeid=i","cat":284640},{"id":233731,"n":"Lessive liquide Skip Cycle  Court Odeur Control x54","p":17.91,"u":"8,29 €/L","img":"https://fd2-photos.leclercdrive.fr/image.ashx?id=2788253&use=l&cat=p&typeid=i","cat":284640},{"id":233947,"n":"Lessive capsules 3en1 Omo Rose & Lilas Blanc - 502g x29","p":9.4,"u":"18,73 €/KG","img":"https://fd2-photos.leclercdrive.fr/image.ashx?id=2841610&use=l&cat=p&typeid=i","cat":284641},{"id":233949,"n":"Lessive capsules 3en1 Omo Lavande & Patchouli - x29 502g","p":10.01,"u":"19,94 €/KG","img":"https://fd2-photos.leclercdrive.fr/image.ashx?id=2832599&use=l&cat=p&typeid=i","cat":284641},{"id":233950,"n":"Lessive capsules 3en1 Omo Jasmin fleur de coton 502g x29","p":9.87,"u":"19,66 €/KG","img":"https://fd2-photos.leclercdrive.fr/image.ashx?id=2841613&use=l&cat=p&typeid=i","cat":284641},{"id":233953,"n":"Lessive liquide Skip Cycle  Court Efficacité Express x37","p":5.86,"u":"3,96 €/L","img":"https://fd2-photos.leclercdrive.fr/image.ashx?id=2910240&use=l&cat=p&typeid=i","cat":284640},{"id":233955,"n":"Lessive liquide Skip Cycle Court Odeur Control x37","p":9.99,"u":"6,75 €/L","img":"https://fd2-photos.leclercdrive.fr/image.ashx?id=2927735&use=l&cat=p&typeid=i","cat":284640},{"id":233956,"n":"Lessive liquide Omo Rose & Lilas Blanc - 1.76L","p":7.54,"u":"4,27 €/L","img":"https://fd2-photos.leclercdrive.fr/image.ashx?id=2818208&use=l&cat=p&typeid=i","cat":284640},{"id":233961,"n":"Lessive liquide Omo Jasmin & Fleur de coton 1.764L x42","p":9.27,"u":"5,26 €/L","img":"https://fd2-photos.leclercdrive.fr/image.ashx?id=2841616&use=l&cat=p&typeid=i","cat":284640},{"id":233963,"n":"Lessive liquide Skip Cycle Court Couleur Protect x37","p":10.55,"u":"7,13 €/L","img":"https://fd2-photos.leclercdrive.fr/image.ashx?id=2910246&use=l&cat=p&typeid=i","cat":284640},{"id":234155,"n":"Déodorant bille femme Ushuaïa Grenade açores - 50ml","p":2.74,"u":"54,80 €/L","img":"https://fd2-photos.leclercdrive.fr/image.ashx?id=2789092&use=l&cat=p&typeid=i","cat":284595},{"id":234270,"n":"Capsules lessive Dash Pods Bouquet de pivoine - x28","p":12.61,"u":"0,45 €/P","img":"https://fd2-photos.leclercdrive.fr/image.ashx?id=2772482&use=l&cat=p&typeid=i","cat":284641},{"id":234290,"n":"KINDER Surprise PLAYMOBIL Chocolat au lait - 3x20g","p":3.06,"u":"51,00 €/KG","img":"https://fd2-photos.leclercdrive.fr/image.ashx?id=2948495&use=l&cat=p&typeid=i","cat":284958},{"id":234293,"n":"Le Pur bœuf Charal 18%MG Façon bouchère 8x100g","p":13.41,"u":"16,76 €/KG","img":"https://fd2-photos.leclercdrive.fr/image.ashx?id=2763205&use=l&cat=p&typeid=i","cat":319778},{"id":234314,"n":"Crème glacée Häagen-Dazs Cookie Dough Chip - 460ml","p":4.57,"u":"9,93 €/L","img":"https://fd2-photos.leclercdrive.fr/image.ashx?id=2893456&use=l&cat=p&typeid=i","cat":284725},{"id":234370,"n":"Cornichons Croq'Vert  Amora Extra-fins aux épices 210g","p":1.57,"u":"7,48 €/KG","img":"https://fd2-photos.leclercdrive.fr/image.ashx?id=2770671&use=l&cat=p&typeid=i","cat":284458},{"id":234375,"n":"Nouilles Tables du Monde Poulet - 3x65g","p":1.39,"u":"7,13 €/KG","img":"https://fd2-photos.leclercdrive.fr/image.ashx?id=2763045&use=l&cat=p&typeid=i","cat":288992},{"id":234378,"n":"Bâtonnets Magnum Wonder Chocolat blanc caramélisé 208g","p":2.72,"u":"13,08 €/KG","img":"https://fd2-photos.leclercdrive.fr/image.ashx?id=2764044&use=l&cat=p&typeid=i","cat":284265},{"id":234379,"n":"Bâtonnets Magnum Euphoria Pink limonade x3 - 208g","p":2.88,"u":"13,85 €/KG","img":"https://fd2-photos.leclercdrive.fr/image.ashx?id=2788121&use=l&cat=p&typeid=i","cat":284265},{"id":234380,"n":"Bâtonnets Magnum Chill Blueberry cookie x3 - 210g","p":3.16,"u":"15,05 €/KG","img":"https://fd2-photos.leclercdrive.fr/image.ashx?id=2764041&use=l&cat=p&typeid=i","cat":284265},{"id":234597,"n":"Glaces Twister Mini Tropical 8 bâtonnets - 348g","p":4.14,"u":"11,90 €/KG","img":"https://fd2-photos.leclercdrive.fr/image.ashx?id=3009317&use=l&cat=p&typeid=i","cat":285250},{"id":234761,"n":"Pâte à tartiner Nutella vegetal Plant Based -350g","p":3.38,"u":"9,66 €/KG","img":"https://fd2-photos.leclercdrive.fr/image.ashx?id=2792987&use=l&cat=p&typeid=i","cat":284481},{"id":234772,"n":"Compote Charles & Alice Pomme rhubarbe 4x97g","p":1.47,"u":"3,79 €/KG","img":"https://fd2-photos.leclercdrive.fr/image.ashx?id=2936905&use=l&cat=p&typeid=i","cat":284416},{"id":234776,"n":"Pavé d'Affinois Le Brin Mini - 6x25g","p":2.47,"u":"16,47 €/KG","img":"https://fd2-photos.leclercdrive.fr/image.ashx?id=2767887&use=l&cat=p&typeid=i","cat":314033},{"id":234777,"n":"Pavé d'Affinois Secret Mini - 6x25g","p":2.92,"u":"19,47 €/KG","img":"https://fd2-photos.leclercdrive.fr/image.ashx?id=2767890&use=l&cat=p&typeid=i","cat":314033},{"id":234865,"n":"Curry de poulet  Tables du Monde - 900g","p":5.33,"u":"5,92 €/KG","img":"https://fd2-photos.leclercdrive.fr/image.ashx?id=2768481&use=l&cat=p&typeid=i","cat":284254},{"id":234866,"n":"Mini nems au poulet Tables du Monde x8 - 240g","p":3.68,"u":"15,33 €/KG","img":"https://fd2-photos.leclercdrive.fr/image.ashx?id=2768484&use=l&cat=p&typeid=i","cat":319774},{"id":234867,"n":"Mini nems au porc Tables du Monde x8 - 240g","p":2.82,"u":"11,75 €/KG","img":"https://fd2-photos.leclercdrive.fr/image.ashx?id=2768487&use=l&cat=p&typeid=i","cat":319774},{"id":234875,"n":"Purée de tomates Heinz x 3 - 212g","p":1.85,"u":"2,91 €/KG","img":"https://fd2-photos.leclercdrive.fr/image.ashx?id=2927004&use=l&cat=p&typeid=i","cat":288384},{"id":235016,"n":"Chocolats  Lucky Monkey Lindt Céréales - 100g","p":2.85,"u":"28,50 €/KG","img":"https://fd2-photos.leclercdrive.fr/image.ashx?id=2773068&use=l&cat=p&typeid=i","cat":284497},{"id":235051,"n":"Repas bébé Blédichef 12 mois  Risotto épinards Kiri - 230g","p":2.09,"u":"9,09 €/KG","img":"https://fd2-photos.leclercdrive.fr/image.ashx?id=2852375&use=l&cat=p&typeid=i","cat":312237},{"id":235065,"n":"Repas bébé Blédichef 15 mois  Pâtes poireaux et kiri -250g","p":2.1,"u":"8,40 €/KG","img":"https://fd2-photos.leclercdrive.fr/image.ashx?id=2928420&use=l&cat=p&typeid=i","cat":312238},{"id":235066,"n":"Repas bébé Blédichef 12 mois Potirons et panais -2x230g","p":3.99,"u":"8,67 €/KG","img":"https://fd2-photos.leclercdrive.fr/image.ashx?id=2935780&use=l&cat=p&typeid=i","cat":312237},{"id":235067,"n":"Repas bébé Blédichef Dès 12mois Carotte et semoule - 4x230g","p":7.69,"u":"8,36 €/KG","img":"https://fd2-photos.leclercdrive.fr/image.ashx?id=2773216&use=l&cat=p&typeid=i","cat":312237},{"id":235068,"n":"Repas bébé Blédichef 15 mois Lasagne bolognaise -230g","p":2.76,"u":"12,00 €/KG","img":"https://fd2-photos.leclercdrive.fr/image.ashx?id=2975098&use=l&cat=p&typeid=i","cat":312238},{"id":235069,"n":"Repas bébé Blédichef 15 mois Lasagnes légumes -230g","p":2.76,"u":"12,00 €/KG","img":"https://fd2-photos.leclercdrive.fr/image.ashx?id=2865632&use=l&cat=p&typeid=i","cat":312238},{"id":235070,"n":"Repas bébé Blédichef 15 mois Lasagne épinards merlu -230g","p":2.5,"u":"10,87 €/KG","img":"https://fd2-photos.leclercdrive.fr/image.ashx?id=2865635&use=l&cat=p&typeid=i","cat":312238},{"id":235071,"n":"Aubergines compotées & blé  Cassegrain - 375g","p":3.67,"u":"9,79 €/KG","img":"https://fd2-photos.leclercdrive.fr/image.ashx?id=2970840&use=l&cat=p&typeid=i","cat":312612},{"id":235073,"n":"Repas bébé Blédichef 15 mois  Brocolis petits pois  -230g","p":2.39,"u":"11,95 €/KG","img":"https://fd2-photos.leclercdrive.fr/image.ashx?id=2773219&use=l&cat=p&typeid=i","cat":312238},{"id":235080,"n":"Plat cuisiné William Saurin  Blanquette volaille - 320g","p":3.85,"u":"12,03 €/KG","img":"https://fd2-photos.leclercdrive.fr/image.ashx?id=2966017&use=l&cat=p&typeid=i","cat":284953},{"id":235081,"n":"Plat cuisiné William Saurin Trio gourmand boeuf - 320g","p":4.99,"u":"15,59 €/KG","img":"https://fd2-photos.leclercdrive.fr/image.ashx?id=2986386&use=l&cat=p&typeid=i","cat":284953},{"id":235082,"n":"Plat cuisiné William Saurin Trio gourmand merlu - 320g","p":3.69,"u":"11,53 €/KG","img":"https://fd2-photos.leclercdrive.fr/image.ashx?id=2986389&use=l&cat=p&typeid=i","cat":284953},{"id":235083,"n":"Plat cuisiné William Saurin Trio gourmand poulet pesto 320g","p":3.69,"u":"11,53 €/KG","img":"https://fd2-photos.leclercdrive.fr/image.ashx?id=2986383&use=l&cat=p&typeid=i","cat":284953},{"id":235084,"n":"Plat cuisiné William Saurin Trio gourmand 320g","p":3.85,"u":"12,03 €/KG","img":"https://fd2-photos.leclercdrive.fr/image.ashx?id=2986380&use=l&cat=p&typeid=i","cat":284953},{"id":235096,"n":"Sandwich américain frites Charal - 310g","p":4.16,"u":"13,42 €/KG","img":"https://fd2-photos.leclercdrive.fr/image.ashx?id=2773397&use=l&cat=p&typeid=i","cat":319822},{"id":235117,"n":"Sandwich beef and cheese Charal 215g","p":4.09,"u":"19,02 €/KG","img":"https://fd2-photos.leclercdrive.fr/image.ashx?id=2774484&use=l&cat=p&typeid=i","cat":319822},{"id":235247,"n":"M&M's Peanut x5 180g","p":1.95,"u":"10,83 €/KG","img":"https://fd2-photos.leclercdrive.fr/image.ashx?id=3009011&use=l&cat=p&typeid=i","cat":304238},{"id":235349,"n":"Sucre glace Daddy 500g","p":1.75,"u":"3,50 €/KG","img":"https://fd2-photos.leclercdrive.fr/image.ashx?id=2975864&use=l&cat=p&typeid=i","cat":284502},{"id":235364,"n":"Friandises chat Whiskas  Poulet et fromage - 60g","p":1.09,"u":"18,17 €/KG","img":"https://fd2-photos.leclercdrive.fr/image.ashx?id=2976851&use=l&cat=p&typeid=i","cat":285285},{"id":235405,"n":"Friandises chat temptations Whiskas saveur saumon - 60g","p":1.07,"u":"17,83 €/KG","img":"https://fd2-photos.leclercdrive.fr/image.ashx?id=2976854&use=l&cat=p&typeid=i","cat":285285},{"id":235413,"n":"Tube harissa El Manar  - 140g","p":0.85,"u":"6,07 €/KG","img":"https://fd2-photos.leclercdrive.fr/image.ashx?id=2776552&use=l&cat=p&typeid=i","cat":289013},{"id":235655,"n":"Cassonade Saint Louis Equitable - 650g","p":2.41,"u":"3,71 €/KG","img":"https://fd2-photos.leclercdrive.fr/image.ashx?id=2780214&use=l&cat=p&typeid=i","cat":284502},{"id":235671,"n":"Fromage chaud Le Braison 240g","p":5.01,"u":"20,88 €/KG","img":"https://fd2-photos.leclercdrive.fr/image.ashx?id=2970771&use=l&cat=p&typeid=i","cat":314037},{"id":235685,"n":"Lait bébé en poudre Calisma Gallia Croissance 12 mois 830g","p":10.7,"u":"12,89 €/KG","img":"https://fd2-photos.leclercdrive.fr/image.ashx?id=2794274&use=l&cat=p&typeid=i","cat":290219},{"id":235710,"n":"Chapelure Tablier Blanc 400g","p":0.88,"u":"2,20 €/KG","img":"https://fd2-photos.leclercdrive.fr/image.ashx?id=2793335&use=l&cat=p&typeid=i","cat":288382},{"id":235786,"n":"Tablette lave-vaisselle Visior Tout-en-un - x45 - 765g","p":5.27,"u":"6,89 €/KG","img":"https://fd2-photos.leclercdrive.fr/image.ashx?id=2954902&use=l&cat=p&typeid=i","cat":284656},{"id":235822,"n":"Flammekueche Stoeffler L'Originale - 380g","p":3.3,"u":"8,68 €/KG","img":"https://fd2-photos.leclercdrive.fr/image.ashx?id=2781378&use=l&cat=p&typeid=i","cat":333680},{"id":235838,"n":"Lessive capsules Skip Tout en 1 Odeur Control+ - 759.6g x36","p":13.55,"u":"17,83 €/KG","img":"https://fd2-photos.leclercdrive.fr/image.ashx?id=3000893&use=l&cat=p&typeid=i","cat":284641},{"id":235843,"n":"Essuie-tout Lotus L'essentil - x3","p":1.99,"u":"0,66 €/P","img":"https://fd2-photos.leclercdrive.fr/image.ashx?id=2833978&use=l&cat=p&typeid=i","cat":284635},{"id":235855,"n":"Mini pizza Italpizza Margherita - 290g","p":3.29,"u":"11,34 €/KG","img":"https://fd2-photos.leclercdrive.fr/image.ashx?id=2781693&use=l&cat=p&typeid=i","cat":284256},{"id":235870,"n":"Chocolat Côte d'Or selection 187g","p":9.95,"pp":6.96,"u":"37,22 €/KG","img":"https://fd2-photos.leclercdrive.fr/image.ashx?id=2916453&use=l&cat=p&typeid=i","cat":327595},{"id":235926,"n":"Fromage pour raclette Pochat & Fils - des ours - 250g","p":5.89,"u":"23,56 €/KG","img":"https://fd2-photos.leclercdrive.fr/image.ashx?id=2781456&use=l&cat=p&typeid=i","cat":314037},{"id":235950,"n":"Yaourts allégés Sveltesse Ferme & Fondant Chocolat noir 4x125g","p":1.67,"u":"3,34 €/KG","img":"https://fd2-photos.leclercdrive.fr/image.ashx?id=2781913&use=l&cat=p&typeid=i","cat":285041},{"id":235951,"n":"Frite classique Mc Cain Air Fryer - 600g","p":2.33,"u":"3,88 €/KG","img":"https://fd2-photos.leclercdrive.fr/image.ashx?id=2973345&use=l&cat=p&typeid=i","cat":319791},{"id":235952,"n":"Noisettes Mc Cain Air Fryer - 550g","p":2.53,"u":"4,60 €/KG","img":"https://fd2-photos.leclercdrive.fr/image.ashx?id=2878474&use=l&cat=p&typeid=i","cat":319792},{"id":236050,"n":"Lait bébé en poudre Calisma Gallia Junior Dès 18 mois 830g","p":11.21,"u":"13,51 €/KG","img":"https://fd2-photos.leclercdrive.fr/image.ashx?id=2907860&use=l&cat=p&typeid=i","cat":290219},{"id":236076,"n":"Nettoyant optique verres VU Ultra dégraissant x20 lingettes","p":1.75,"img":"https://fd2-photos.leclercdrive.fr/image.ashx?id=2890640&use=l&cat=p&typeid=i","cat":288862},{"id":236236,"n":"Café en capsules Lavazza Tales of Roma x10 - 57g","p":3.45,"u":"60,53 €/KG","img":"https://fd2-photos.leclercdrive.fr/image.ashx?id=2919042&use=l&cat=p&typeid=i","cat":284749},{"id":236240,"n":"Café en capsules Lavazza Tales  of Napoli x10 - 55g","p":3.98,"u":"72,36 €/KG","img":"https://fd2-photos.leclercdrive.fr/image.ashx?id=2919039&use=l&cat=p&typeid=i","cat":284749},{"id":236260,"n":"Flammekueche L'Originale Stoeffler - 190g","p":2.48,"u":"13,05 €/KG","img":"https://fd2-photos.leclercdrive.fr/image.ashx?id=2868939&use=l&cat=p&typeid=i","cat":333680},{"id":236311,"n":"Le Burger frites Charal - 240g","p":3.44,"u":"14,33 €/KG","img":"https://fd2-photos.leclercdrive.fr/image.ashx?id=2789808&use=l&cat=p&typeid=i","cat":319822},{"id":236412,"n":"Truite fumée des Pyrénées 4 tranches - 180g","p":5.95,"u":"33,06 €/KG","img":"https://fd2-photos.leclercdrive.fr/image.ashx?id=2960963&use=l&cat=p&typeid=i","cat":285188},{"id":236433,"n":"Haché moelleux Férial 600g","p":6.55,"u":"10,92 €/KG","img":"https://fd2-photos.leclercdrive.fr/image.ashx?id=2789700&use=l&cat=p&typeid=i","cat":319779},{"id":236465,"n":"Chocolat L'escargot Lanvin Noir - 362g","p":14.15,"u":"39,09 €/KG","img":"https://fd2-photos.leclercdrive.fr/image.ashx?id=2903836&use=l&cat=p&typeid=i","cat":327595},{"id":236595,"n":"Fromage rapé Leerdammer  Fruité fondant 150g","p":2.32,"u":"15,47 €/KG","img":"https://fd2-photos.leclercdrive.fr/image.ashx?id=2793578&use=l&cat=p&typeid=i","cat":314035},{"id":236636,"n":"Riz au lait La Laitière Au chocolat 4x115g","p":2.07,"u":"4,50 €/KG","img":"https://fd2-photos.leclercdrive.fr/image.ashx?id=2794235&use=l&cat=p&typeid=i","cat":284418},{"id":236731,"n":"Traîneau chocolat oeuf Kinder Bleu - 75g","p":3.95,"u":"52,67 €/KG","img":"https://fd2-photos.leclercdrive.fr/image.ashx?id=2798837&use=l&cat=p&typeid=i","cat":327592},{"id":236741,"n":"Oeuf maxi Kinder Surprise Noel - 100g","p":7.5,"u":"75,00 €/KG","img":"https://fd2-photos.leclercdrive.fr/image.ashx?id=2798864&use=l&cat=p&typeid=i","cat":327592},{"id":236792,"n":"Sucette Fizzy Spirale parfum cerise 40g","p":1.4,"u":"35,00 €/KG","img":"https://fd2-photos.leclercdrive.fr/image.ashx?id=2798945&use=l&cat=p&typeid=i","cat":327592},{"id":236793,"n":"Sucette Fizzy Twist parfum cerise  40g","p":1.4,"u":"35,00 €/KG","img":"https://fd2-photos.leclercdrive.fr/image.ashx?id=2798948&use=l&cat=p&typeid=i","cat":327592},{"id":236794,"n":"Sucette Fizzy  Sapin - parfum cerise  40g","p":1.4,"u":"35,00 €/KG","img":"https://fd2-photos.leclercdrive.fr/image.ashx?id=2798951&use=l&cat=p&typeid=i","cat":327592},{"id":236809,"n":"Pavé de saumon Eco+ 2x110g","p":4.99,"u":"22,68 €/KG","img":"https://fd2-photos.leclercdrive.fr/image.ashx?id=2796330&use=l&cat=p&typeid=i","cat":284342},{"id":236810,"n":"Pavé de saumon Eco+ 4x110g","p":8.99,"u":"20,43 €/KG","img":"https://fd2-photos.leclercdrive.fr/image.ashx?id=2796333&use=l&cat=p&typeid=i","cat":284342},{"id":237030,"n":"Primizie Dufour Gels de fruits - 500g","p":8.95,"pp":5.91,"u":"11,82 €/KG","img":"https://fd2-photos.leclercdrive.fr/image.ashx?id=2797094&use=l&cat=p&typeid=i","cat":327606},{"id":237031,"n":"Peluche Kinder Mix - 133g","p":13.9,"u":"104,51 €/KG","img":"https://fd2-photos.leclercdrive.fr/image.ashx?id=2940285&use=l&cat=p&typeid=i","cat":327789},{"id":237036,"n":"Petits plaisirs Ferrero Rocher Mix 3 goûts - 200g","p":8.15,"u":"40,75 €/KG","img":"https://fd2-photos.leclercdrive.fr/image.ashx?id=2945017&use=l&cat=p&typeid=i","cat":327600},{"id":237038,"n":"Bouchées Raffaello x12 -120g","p":5.6,"u":"46,67 €/KG","img":"https://fd2-photos.leclercdrive.fr/image.ashx?id=2945011&use=l&cat=p&typeid=i","cat":284499},{"id":237040,"n":"Boîte Grand assortiment Ferrero Chocolat - x20 - 197g","p":10.3,"u":"52,28 €/KG","img":"https://fd2-photos.leclercdrive.fr/image.ashx?id=2909251&use=l&cat=p&typeid=i","cat":327595},{"id":237042,"n":"Calendrier de l'Avent Kinder 3D train - 226 g","p":14.7,"u":"65,04 €/KG","img":"https://fd2-photos.leclercdrive.fr/image.ashx?id=2797031&use=l&cat=p&typeid=i","cat":336112},{"id":237047,"n":"Moulage Kinder Caramel - 110g","p":4.3,"u":"39,09 €/KG","img":"https://fd2-photos.leclercdrive.fr/image.ashx?id=2797013&use=l&cat=p&typeid=i","cat":327592},{"id":237048,"n":"Moulage chocolat Kinder Hibou Bleu - 138g","p":5.2,"u":"37,68 €/KG","img":"https://fd2-photos.leclercdrive.fr/image.ashx?id=2797010&use=l&cat=p&typeid=i","cat":327592},{"id":237053,"n":"Boîte chocolat Kinder Happy Moments Sapin - 243g","p":9.65,"u":"39,71 €/KG","img":"https://fd2-photos.leclercdrive.fr/image.ashx?id=2945790&use=l&cat=p&typeid=i","cat":327592},{"id":237054,"n":"Chaussette Kinder&Co Assortiment chocolat - 212g","p":9.8,"u":"46,23 €/KG","img":"https://fd2-photos.leclercdrive.fr/image.ashx?id=2899755&use=l&cat=p&typeid=i","cat":327592},{"id":237056,"n":"Chocolat Ferrero Collection Grand assortiment x42 - 441g","p":17.75,"u":"40,25 €/KG","img":"https://fd2-photos.leclercdrive.fr/image.ashx?id=2940540&use=l&cat=p&typeid=i","cat":327595},{"id":237057,"n":"Chocolat Ferrero Collection Grand assortiment x43 - 432g","p":17.8,"u":"41,20 €/KG","img":"https://fd2-photos.leclercdrive.fr/image.ashx?id=2940543&use=l&cat=p&typeid=i","cat":327595},{"id":237058,"n":"Calendrier de l'Avent Nutella 528g","p":29.2,"u":"55,30 €/KG","img":"https://fd2-photos.leclercdrive.fr/image.ashx?id=2940531&use=l&cat=p&typeid=i","cat":336112},{"id":237061,"n":"Boite candy canes Fizzy - 140g","p":2.6,"u":"18,57 €/KG","img":"https://fd2-photos.leclercdrive.fr/image.ashx?id=2796833&use=l&cat=p&typeid=i","cat":327592},{"id":237111,"n":"Cornet Piemonte Hazelnut Creations Chocolat au lait 150g","p":6.95,"u":"46,33 €/KG","img":"https://fd2-photos.leclercdrive.fr/image.ashx?id=2798289&use=l&cat=p&typeid=i","cat":327595},{"id":237112,"n":"Cornet Nocciolata Hazelnut Creations Chocolat au lait 150g","p":6.95,"u":"46,33 €/KG","img":"https://fd2-photos.leclercdrive.fr/image.ashx?id=2798295&use=l&cat=p&typeid=i","cat":327595},{"id":237113,"n":"Cornet Cremino Hazelnut Creations Chocolat au lait 150g","p":6.95,"u":"46,33 €/KG","img":"https://fd2-photos.leclercdrive.fr/image.ashx?id=2798292&use=l&cat=p&typeid=i","cat":327595},{"id":237115,"n":"Cornet Cremino Hazelnut Creations Chocolat noir - 150g","p":6.95,"u":"46,33 €/KG","img":"https://fd2-photos.leclercdrive.fr/image.ashx?id=2798304&use=l&cat=p&typeid=i","cat":327595},{"id":237116,"n":"Cornet Nocciolata Hazelnut Creations Chocolat noir - 150g","p":6.95,"u":"46,33 €/KG","img":"https://fd2-photos.leclercdrive.fr/image.ashx?id=2798301&use=l&cat=p&typeid=i","cat":327595},{"id":237120,"n":"Père Noël Milka Party mix - 61g","p":3.2,"u":"52,46 €/KG","img":"https://fd2-photos.leclercdrive.fr/image.ashx?id=2796998&use=l&cat=p&typeid=i","cat":327592},{"id":237125,"n":"Les Bouchées Les Recettes de L'Atelier - Noir - 187g","p":8.37,"u":"44,76 €/KG","img":"https://fd2-photos.leclercdrive.fr/image.ashx?id=2797112&use=l&cat=p&typeid=i","cat":327595},{"id":237128,"n":"Assortiment chocolat Lanvin Chocolat noir - 294g","p":13.7,"u":"46,60 €/KG","img":"https://fd2-photos.leclercdrive.fr/image.ashx?id=2966149&use=l&cat=p&typeid=i","cat":327595},{"id":237130,"n":"Bouchées Les Recettes de L'Atelier - Lait et noir - 186g","p":8.32,"u":"44,73 €/KG","img":"https://fd2-photos.leclercdrive.fr/image.ashx?id=2797103&use=l&cat=p&typeid=i","cat":327595},{"id":237131,"n":"Boîte chocolat Lanvin Assortiment chocolat Lait 274g","p":13.1,"u":"47,81 €/KG","img":"https://fd2-photos.leclercdrive.fr/image.ashx?id=2797139&use=l&cat=p&typeid=i","cat":327595},{"id":237132,"n":"L'escargot chocolat Lanvin Trio Lait Blanc Noir - 362g","p":14.15,"u":"39,09 €/KG","img":"https://fd2-photos.leclercdrive.fr/image.ashx?id=2966146&use=l&cat=p&typeid=i","cat":327595},{"id":237133,"n":"L'escargot Lanvin Chocolat Blanc - 362g","p":15.11,"u":"41,74 €/KG","img":"https://fd2-photos.leclercdrive.fr/image.ashx?id=2897402&use=l&cat=p&typeid=i","cat":327595},{"id":237137,"n":"Bouchées Les Recettes de L'Atelier - Noir - 401g","p":14.75,"pp":11.06,"u":"27,58 €/KG","img":"https://fd2-photos.leclercdrive.fr/image.ashx?id=2960102&use=l&cat=p&typeid=i","cat":327595},{"id":237140,"n":"L'escargot trio Lanvin Lait Amande Caramel - 362g","p":14.15,"u":"39,09 €/KG","img":"https://fd2-photos.leclercdrive.fr/image.ashx?id=2897405&use=l&cat=p&typeid=i","cat":327595},{"id":237839,"n":"Cartouches filtrantes Brita Maxtra pro Pack de 6","p":43.9,"img":"https://fd2-photos.leclercdrive.fr/image.ashx?id=2950555&use=l&cat=p&typeid=i","cat":334135},{"id":237931,"n":"Assortiment de chocolats belges Hamlet - 200g","p":6.89,"pp":4.55,"u":"22,75 €/KG","img":"https://fd2-photos.leclercdrive.fr/image.ashx?id=2797897&use=l&cat=p&typeid=i","cat":327595},{"id":237933,"n":"Chocolat arbre de Noël Hamlet 200g","p":6.89,"pp":4.55,"u":"22,75 €/KG","img":"https://fd2-photos.leclercdrive.fr/image.ashx?id=2800983&use=l&cat=p&typeid=i","cat":327595},{"id":237940,"n":"Pâtes Barilla Fusilloni  Al Bronzo - 500g","p":1.95,"u":"3,90 €/KG","img":"https://fd2-photos.leclercdrive.fr/image.ashx?id=2797906&use=l&cat=p&typeid=i","cat":284427},{"id":237950,"n":"Pâtes Barilla Linguine  Al Bronzo - 500g","p":1.95,"u":"3,90 €/KG","img":"https://fd2-photos.leclercdrive.fr/image.ashx?id=2798683&use=l&cat=p&typeid=i","cat":284427},{"id":238073,"n":"Soda Coca-Cola Sans Sucres Bouteille - Pack 6x50CL","p":4.96,"u":"1,65 €/L","img":"https://fd2-photos.leclercdrive.fr/image.ashx?id=2860532&use=l&cat=p&typeid=i","cat":284530},{"id":238264,"n":"Chocolats Caffarel Noisettes - 200g","p":10.95,"pp":7.23,"u":"36,15 €/KG","img":"https://fd2-photos.leclercdrive.fr/image.ashx?id=2872204&use=l&cat=p&typeid=i","cat":327595},{"id":238274,"n":"Crêpes chocolat au lait Whaou - x15 - 480g","p":4.49,"u":"9,35 €/KG","img":"https://fd2-photos.leclercdrive.fr/image.ashx?id=2800417&use=l&cat=p&typeid=i","cat":284494},{"id":238462,"n":"Emmental Français râpé  Paysan Breton - 200g","p":2.32,"u":"11,60 €/KG","img":"https://fd2-photos.leclercdrive.fr/image.ashx?id=2975200&use=l&cat=p&typeid=i","cat":314035},{"id":238530,"n":"Ravioli Lustucru Selection  4 fromages - 310g","p":1.55,"u":"5,00 €/KG","img":"https://fd2-photos.leclercdrive.fr/image.ashx?id=2962524&use=l&cat=p&typeid=i","cat":333682},{"id":238628,"n":"Mon haché Burger Bigard 20%MG - 2x110g","p":4.59,"u":"20,86 €/KG","img":"https://fd2-photos.leclercdrive.fr/image.ashx?id=2802386&use=l&cat=p&typeid=i","cat":284332},{"id":238713,"n":"Chocolat Noel Libeert  - 90g","p":7.62,"u":"84,67 €/KG","img":"https://fd2-photos.leclercdrive.fr/image.ashx?id=2802659&use=l&cat=p&typeid=i","cat":327592},{"id":238737,"n":"Rôti de Porc fumé Maître Jacques - 600g","p":6.99,"u":"11,65 €/KG","img":"https://fd2-photos.leclercdrive.fr/image.ashx?id=2802428&use=l&cat=p&typeid=i","cat":284331},{"id":238738,"n":"Rôtis de Porc fumés 4 tranches Maître Jacques - 280g","p":3.75,"u":"13,39 €/KG","img":"https://fd2-photos.leclercdrive.fr/image.ashx?id=2802431&use=l&cat=p&typeid=i","cat":284331},{"id":238739,"n":"Rôtis de Porc fumés 4 tranches Fromage - Maître Jacques - 310g","p":4.32,"u":"13,94 €/KG","img":"https://fd2-photos.leclercdrive.fr/image.ashx?id=2802425&use=l&cat=p&typeid=i","cat":284331},{"id":238741,"n":"Mini pizza Piccolissima Jambon - x12  288g","p":4.04,"u":"14,03 €/KG","img":"https://fd2-photos.leclercdrive.fr/image.ashx?id=2993089&use=l&cat=p&typeid=i","cat":284256},{"id":238785,"n":"Jambon Le tranché fin  Dégustation 4 tranches 120g","p":2.31,"u":"19,25 €/KG","img":"https://fd2-photos.leclercdrive.fr/image.ashx?id=2889298&use=l&cat=p&typeid=i","cat":316009},{"id":238786,"n":"Sucette guimauve Xmas Fizzy  Pain d'epices - 35g","p":1.69,"u":"48,29 €/KG","img":"https://fd2-photos.leclercdrive.fr/image.ashx?id=2804349&use=l&cat=p&typeid=i","cat":327592},{"id":238791,"n":"Maxi croustis Bonduelle Epinards 240g","p":2.94,"u":"12,25 €/KG","img":"https://fd2-photos.leclercdrive.fr/image.ashx?id=2805180&use=l&cat=p&typeid=i","cat":284254},{"id":238796,"n":"Menus Gourmands Viande en  gelée Tous mes Amis - 48x100g","p":13.95,"u":"2,91 €/KG","img":"https://fd2-photos.leclercdrive.fr/image.ashx?id=2820007&use=l&cat=p&typeid=i","cat":285286},{"id":238872,"n":"Quinoa facile Lustucru 300g","p":2.3,"u":"7,67 €/KG","img":"https://fd2-photos.leclercdrive.fr/image.ashx?id=2804565&use=l&cat=p&typeid=i","cat":284429},{"id":238899,"n":"Yaourt protéiné Skyr Yoplait Vanille 0%Mg - 450g","p":2.9,"u":"6,44 €/KG","img":"https://fd2-photos.leclercdrive.fr/image.ashx?id=2884447&use=l&cat=p&typeid=i","cat":315000},{"id":238904,"n":"Yaourt protéiné Skyr Yoplait Stracciatella 2%mg - 4x120g","p":3.21,"u":"6,69 €/KG","img":"https://fd2-photos.leclercdrive.fr/image.ashx?id=2973748&use=l&cat=p&typeid=i","cat":315000},{"id":238907,"n":"Yaourt protéiné Skyr Yoplait Lit au marrons 0%mg - 4x120g","p":3.77,"u":"7,85 €/KG","img":"https://fd2-photos.leclercdrive.fr/image.ashx?id=2973754&use=l&cat=p&typeid=i","cat":315000},{"id":238910,"n":"Yaourt protéiné Skyr Yoplait Lit au caramel 0%mg - 4x120g","p":3.59,"u":"7,48 €/KG","img":"https://fd2-photos.leclercdrive.fr/image.ashx?id=2973751&use=l&cat=p&typeid=i","cat":315000},{"id":239101,"n":"Riz Thaï Taureau Ailé 1kg","p":2.83,"u":"2,83 €/KG","img":"https://fd2-photos.leclercdrive.fr/image.ashx?id=2805558&use=l&cat=p&typeid=i","cat":284428},{"id":239211,"n":"Huile Essentielle So Bio Etic  Eucalyptus Globuleux Bio - 12ml","p":3.26,"u":"271,67 €/MT","img":"https://fd2-photos.leclercdrive.fr/image.ashx?id=2805456&use=l&cat=p&typeid=i","cat":284630},{"id":239218,"n":"Lingettes Décolor Stop  Anti-décoloration x52","p":7.51,"u":"0,14 €/P","img":"https://fd2-photos.leclercdrive.fr/image.ashx?id=2805264&use=l&cat=p&typeid=i","cat":290450},{"id":239226,"n":"Adoucissant recharge Soupline à diluer Grand Air - 600ml","p":2.18,"u":"3,63 €/L","img":"https://fd2-photos.leclercdrive.fr/image.ashx?id=2957314&use=l&cat=p&typeid=i","cat":284650},{"id":239228,"n":"Adoucissant recharge Soupline à diluer Moment Magique-600ml","p":2.31,"u":"3,85 €/L","img":"https://fd2-photos.leclercdrive.fr/image.ashx?id=2863027&use=l&cat=p&typeid=i","cat":284650},{"id":239229,"n":"Brume de linge Soupline spray Grand Air - 300ml","p":4.89,"u":"16,30 €/L","img":"https://fd2-photos.leclercdrive.fr/image.ashx?id=2866202&use=l&cat=p&typeid=i","cat":325302},{"id":239239,"n":"Couches bébé Mots d'enfant Taille 4 - 7-18kg - x92","p":12.67,"img":"https://fd2-photos.leclercdrive.fr/image.ashx?id=2922442&use=l&cat=p&typeid=i","cat":284737},{"id":239261,"n":"Mini steaks hachés surgelés Happy family 15x40g - 600g","p":7.49,"u":"12,48 €/KG","img":"https://fd2-photos.leclercdrive.fr/image.ashx?id=2806162&use=l&cat=p&typeid=i","cat":319778},{"id":239371,"n":"Capsules café L'Or Espresso Supremo N°10 x50","p":14.59,"u":"56,12 €/KG","img":"https://fd2-photos.leclercdrive.fr/image.ashx?id=3000480&use=l&cat=p&typeid=i","cat":284749},{"id":239398,"n":"Parfait de chapon Maître Coq Poireaux lardons - 1.2kg","p":27.49,"u":"22,91 €/KG","img":"https://fd2-photos.leclercdrive.fr/image.ashx?id=2806967&use=l&cat=p&typeid=i","cat":327289},{"id":239401,"n":"Parfait de chapon Maître Coq Figues marrons - 1.2kg","p":27.49,"u":"22,91 €/KG","img":"https://fd2-photos.leclercdrive.fr/image.ashx?id=2806973&use=l&cat=p&typeid=i","cat":327289},{"id":239478,"n":"Burger Géant Jacquet Nature x4 - 330g","p":1.09,"u":"3,30 €/KG","img":"https://fd2-photos.leclercdrive.fr/image.ashx?id=3010981&use=l&cat=p&typeid=i","cat":325067},{"id":239480,"n":"Burger Géant Jacquet Farine complète x4 - 330g","p":1.07,"u":"3,24 €/KG","img":"https://fd2-photos.leclercdrive.fr/image.ashx?id=2973544&use=l&cat=p&typeid=i","cat":325067},{"id":239871,"n":"Soupe Douceur à l'Italienne Knorr - 600ml","p":2.84,"u":"4,73 €/L","img":"https://fd2-photos.leclercdrive.fr/image.ashx?id=2950906&use=l&cat=p&typeid=i","cat":284462},{"id":239881,"n":"Soupe Douceur de 8 légumes Knorr - 1L","p":3.09,"u":"3,09 €/L","img":"https://fd2-photos.leclercdrive.fr/image.ashx?id=2944509&use=l&cat=p&typeid=i","cat":284462},{"id":239883,"n":"Velouté Eco+ Poireaux pomme de terre","p":0.87,"u":"0,87 €/L","img":"https://fd2-photos.leclercdrive.fr/image.ashx?id=2808724&use=l&cat=p&typeid=i","cat":284462},{"id":239888,"n":"Bouillon Maggi Tomate vermicelle - 70g","p":0.54,"u":"7,71 €/KG","img":"https://fd2-photos.leclercdrive.fr/image.ashx?id=2811713&use=l&cat=p&typeid=i","cat":288379},{"id":239889,"n":"Soupe Douceur d'Automne Knorr - 2x30cl","p":2.57,"u":"4,28 €/L","img":"https://fd2-photos.leclercdrive.fr/image.ashx?id=2953076&use=l&cat=p&typeid=i","cat":284462},{"id":239899,"n":"Plat Bledina Boeuf et carotte - 200g","p":2.39,"u":"11,95 €/KG","img":"https://fd2-photos.leclercdrive.fr/image.ashx?id=2866307&use=l&cat=p&typeid=i","cat":312238},{"id":239902,"n":"Saumon en croûte Côté Table 700g","p":7.49,"u":"10,70 €/KG","img":"https://fd2-photos.leclercdrive.fr/image.ashx?id=2808733&use=l&cat=p&typeid=i","cat":319776},{"id":239968,"n":"Boulettes gourmandes Charal Boeuf porc - 360g","p":3.54,"u":"9,83 €/KG","img":"https://fd2-photos.leclercdrive.fr/image.ashx?id=2810831&use=l&cat=p&typeid=i","cat":319779},{"id":239969,"n":"Le Bon Plan pur boeuf Charal x6 - 540g","p":7.87,"u":"14,57 €/KG","img":"https://fd2-photos.leclercdrive.fr/image.ashx?id=2810828&use=l&cat=p&typeid=i","cat":319778},{"id":240211,"n":"Merlu pané Pescadinos  800g","p":9.0,"u":"11,25 €/KG","img":"https://fd2-photos.leclercdrive.fr/image.ashx?id=2814208&use=l&cat=p&typeid=i","cat":319788},{"id":240234,"n":"Bûche glacée Pilpa Duo de Vanilles - 535g","p":5.27,"u":"9,85 €/KG","img":"https://fd2-photos.leclercdrive.fr/image.ashx?id=2812765&use=l&cat=p&typeid=i","cat":284266},{"id":240239,"n":"Bûche glacée Nestlé Norvégienne - 455g","p":7.52,"u":"16,17 €/KG","img":"https://fd2-photos.leclercdrive.fr/image.ashx?id=2812768&use=l&cat=p&typeid=i","cat":284266},{"id":240425,"n":"Soda à l'orange Orangina 1,5L","p":1.81,"u":"1,21 €/L","img":"https://fd2-photos.leclercdrive.fr/image.ashx?id=2946499&use=l&cat=p&typeid=i","cat":284532},{"id":240426,"n":"Soda à l'orange Orangina 2x1,5L","p":4.06,"u":"1,35 €/L","img":"https://fd2-photos.leclercdrive.fr/image.ashx?id=2812690&use=l&cat=p&typeid=i","cat":284532},{"id":240427,"n":"Soda à l'orange Orangina 12x33cl","p":7.44,"u":"1,88 €/L","img":"https://fd2-photos.leclercdrive.fr/image.ashx?id=2946505&use=l&cat=p&typeid=i","cat":284532},{"id":240428,"n":"Soda à l'orange Orangina 6x33cl","p":3.53,"u":"1,78 €/L","img":"https://fd2-photos.leclercdrive.fr/image.ashx?id=2946502&use=l&cat=p&typeid=i","cat":284532},{"id":240482,"n":"Riz basmati Lustucru 10min - 5x180g","p":2.93,"u":"3,26 €/KG","img":"https://fd2-photos.leclercdrive.fr/image.ashx?id=2814163&use=l&cat=p&typeid=i","cat":284428},{"id":240687,"n":"Noix de St Jacques 20/30 Sans corail - 300g","p":11.04,"u":"36,80 €/KG","img":"https://fd2-photos.leclercdrive.fr/image.ashx?id=2827980&use=l&cat=p&typeid=i","cat":319787},{"id":240842,"n":"Skyr nature Délisse 4x100g","p":1.72,"u":"4,30 €/KG","img":"https://fd2-photos.leclercdrive.fr/image.ashx?id=2992588&use=l&cat=p&typeid=i","cat":315000},{"id":240869,"n":"Gésiers de canard Volandrie Confits - 300g","p":3.9,"u":"13,00 €/KG","img":"https://fd2-photos.leclercdrive.fr/image.ashx?id=2814905&use=l&cat=p&typeid=i","cat":284715},{"id":240880,"n":"Yaourt nature Délisse Au lait entier 4x125g","p":1.29,"u":"2,58 €/KG","img":"https://fd2-photos.leclercdrive.fr/image.ashx?id=2814908&use=l&cat=p&typeid=i","cat":284409},{"id":240889,"n":"Oeufs de lompe Labeyrie  MSC 80g","p":4.17,"u":"52,13 €/KG","img":"https://fd2-photos.leclercdrive.fr/image.ashx?id=2817602&use=l&cat=p&typeid=i","cat":285191},{"id":240890,"n":"Oeufs de lompe rouge Labeyrie MSC 80g","p":4.17,"u":"52,13 €/KG","img":"https://fd2-photos.leclercdrive.fr/image.ashx?id=2817605&use=l&cat=p&typeid=i","cat":285191},{"id":240905,"n":"Île flottante Délisse Caramel - 4x100g","p":2.25,"u":"5,63 €/KG","img":"https://fd2-photos.leclercdrive.fr/image.ashx?id=2932429&use=l&cat=p&typeid=i","cat":284419},{"id":240919,"n":"Morilles sauvages entières L'Origine du Goût 150g","p":5.99,"u":"39,93 €/KG","img":"https://fd2-photos.leclercdrive.fr/image.ashx?id=2974882&use=l&cat=p&typeid=i","cat":319805},{"id":240920,"n":"Saumon fumé Delpeyrat Noorvège 4 tranches - 120g","p":8.01,"u":"66,75 €/KG","img":"https://fd2-photos.leclercdrive.fr/image.ashx?id=2901713&use=l&cat=p&typeid=i","cat":285188},{"id":241099,"n":"Nouilles asiatiques Maggi Pad Thai - 128g","p":1.95,"u":"15,23 €/KG","img":"https://fd2-photos.leclercdrive.fr/image.ashx?id=2899776&use=l&cat=p&typeid=i","cat":288992},{"id":241799,"n":"Aiguillettes de canard Delmond Aux cèpes - 300g","p":8.3,"u":"27,67 €/KG","img":"https://fd2-photos.leclercdrive.fr/image.ashx?id=2828166&use=l&cat=p&typeid=i","cat":284339},{"id":241803,"n":"Terrine de saumon ASC Ronde des Mers 2x60g","p":1.99,"u":"16,58 €/KG","img":"https://fd2-photos.leclercdrive.fr/image.ashx?id=2856217&use=l&cat=p&typeid=i","cat":285191},{"id":241812,"n":"Gourde bébé Blédina - 10 mois Multifruits - 8x85g","p":8.35,"u":"12,28 €/KG","img":"https://fd2-photos.leclercdrive.fr/image.ashx?id=2826642&use=l&cat=p&typeid=i","cat":312393},{"id":242218,"n":"Lingettes Mixa bébé au lait x80","p":3.03,"u":"0,04 €/P","img":"https://fd2-photos.leclercdrive.fr/image.ashx?id=2828079&use=l&cat=p&typeid=i","cat":284738},{"id":242258,"n":"Laque Elnett 300ml","p":7.87,"u":"26,23 €/L","img":"https://fd2-photos.leclercdrive.fr/image.ashx?id=2828019&use=l&cat=p&typeid=i","cat":284609},{"id":242259,"n":"Laque Elnett fixation forte 300ml","p":7.54,"u":"25,13 €/L","img":"https://fd2-photos.leclercdrive.fr/image.ashx?id=2828016&use=l&cat=p&typeid=i","cat":284609},{"id":242262,"n":"Laque Elnett Fixation forte 400ml","p":9.04,"u":"22,60 €/L","img":"https://fd2-photos.leclercdrive.fr/image.ashx?id=2828022&use=l&cat=p&typeid=i","cat":284609},{"id":242278,"n":"Lait vitaminé Viva Candia Demi-écrémé 8x1L","p":13.59,"u":"1,70 €/L","img":"https://fd2-photos.leclercdrive.fr/image.ashx?id=2891586&use=l&cat=p&typeid=i","cat":284377},{"id":242329,"n":"Bonbons Copains Copines Acides - 200g","p":1.13,"u":"5,65 €/KG","img":"https://fd2-photos.leclercdrive.fr/image.ashx?id=2934793&use=l&cat=p&typeid=i","cat":304250},{"id":242642,"n":"Cocotte de moules Royal au roquefort - 500g","p":8.33,"u":"16,66 €/KG","img":"https://fd2-photos.leclercdrive.fr/image.ashx?id=2846186&use=l&cat=p&typeid=i","cat":316033},{"id":242886,"n":"Terrine de Saint-Jacques  Ronde des Mers 2x60g","p":1.99,"u":"16,58 €/KG","img":"https://fd2-photos.leclercdrive.fr/image.ashx?id=2856214&use=l&cat=p&typeid=i","cat":285191},{"id":242942,"n":"Riz basmati Taureau Ailé  Bio - 500g","p":3.41,"u":"6,82 €/KG","img":"https://fd2-photos.leclercdrive.fr/image.ashx?id=2826015&use=l&cat=p&typeid=i","cat":284428},{"id":243170,"n":"Vin rosé 0% alcool Uby Osmose 75cl","p":5.59,"u":"7,45 €/L","img":"https://fd2-photos.leclercdrive.fr/image.ashx?id=2833843&use=l&cat=p&typeid=i","cat":289558},{"id":243409,"n":"Escalope cordon bleu poulet Le Gaulois x6 - 600g","p":6.24,"u":"10,40 €/KG","img":"https://fd2-photos.leclercdrive.fr/image.ashx?id=2833468&use=l&cat=p&typeid=i","cat":333683},{"id":243487,"n":"Nems au porc X8 560G","p":3.39,"u":"6,05 €/KG","img":"https://fd2-photos.leclercdrive.fr/image.ashx?id=2852348&use=l&cat=p&typeid=i","cat":333673},{"id":243488,"n":"Nems au poulet X8 560G","p":3.58,"u":"6,39 €/KG","img":"https://fd2-photos.leclercdrive.fr/image.ashx?id=2829547&use=l&cat=p&typeid=i","cat":333673},{"id":243688,"n":"Concentré de citron Frucci 75cl","p":1.54,"u":"2,05 €/L","img":"https://fd2-photos.leclercdrive.fr/image.ashx?id=2865308&use=l&cat=p&typeid=i","cat":295020},{"id":244204,"n":"Poêlée Champêtre Ec0+ 1kg","p":2.49,"img":"https://fd2-photos.leclercdrive.fr/image.ashx?id=2835045&use=l&cat=p&typeid=i","cat":319823},{"id":244205,"n":"Poêlée de légumes 1kg","p":2.49,"u":"2,49 €/KG","img":"https://fd2-photos.leclercdrive.fr/image.ashx?id=2835048&use=l&cat=p&typeid=i","cat":319823},{"id":244218,"n":"Croquettes Friskies chat adulte Thon Légumes - 3kg","p":8.59,"u":"2,86 €/KG","img":"https://fd2-photos.leclercdrive.fr/image.ashx?id=2835148&use=l&cat=p&typeid=i","cat":284680},{"id":244229,"n":"Croquettes Friskies chat adulte Lapin Poulet Légumes - 1.5kg","p":4.4,"u":"2,93 €/KG","img":"https://fd2-photos.leclercdrive.fr/image.ashx?id=2835160&use=l&cat=p&typeid=i","cat":284680},{"id":244230,"n":"Croquettes Friskies chat adulte Poulet Légumes - 3kg","p":8.52,"u":"2,84 €/KG","img":"https://fd2-photos.leclercdrive.fr/image.ashx?id=2835151&use=l&cat=p&typeid=i","cat":284680},{"id":244234,"n":"Croquettes Friskies chat adulte Saumon Légumes - 1.5kg","p":4.39,"u":"2,93 €/KG","img":"https://fd2-photos.leclercdrive.fr/image.ashx?id=2860586&use=l&cat=p&typeid=i","cat":284680},{"id":244235,"n":"Croquettes Friskies chat adulte  Boeuf Poulet Légumes - 1.5kg","p":4.39,"u":"2,93 €/KG","img":"https://fd2-photos.leclercdrive.fr/image.ashx?id=2835154&use=l&cat=p&typeid=i","cat":284680},{"id":244500,"n":"Saumon fumé Breizh Saveurs Ecosse - 8 tranches - 225g","p":11.2,"u":"49,78 €/KG","img":"https://fd2-photos.leclercdrive.fr/image.ashx?id=2836052&use=l&cat=p&typeid=i","cat":285188},{"id":244661,"n":"Riz Basmati Lustucru Selection  10 min - 450g","p":2.12,"u":"4,71 €/KG","img":"https://fd2-photos.leclercdrive.fr/image.ashx?id=2836732&use=l&cat=p&typeid=i","cat":284428},{"id":245064,"n":"Riz Basmati Lustucru 900g","p":3.23,"u":"3,59 €/KG","img":"https://fd2-photos.leclercdrive.fr/image.ashx?id=2837640&use=l&cat=p&typeid=i","cat":284428},{"id":245074,"n":"Nouilles instantanées Maggi sauce aigre douce - 128g","p":2.03,"u":"15,86 €/KG","img":"https://fd2-photos.leclercdrive.fr/image.ashx?id=2837628&use=l&cat=p&typeid=i","cat":288992},{"id":245076,"n":"Nouilles instantanées Maggi sauce Teriyaki - 75g","p":1.95,"u":"26,00 €/KG","img":"https://fd2-photos.leclercdrive.fr/image.ashx?id=2842966&use=l&cat=p&typeid=i","cat":288992},{"id":245082,"n":"Nouilles instantanées Maggi sauce sweet chili - 75g","p":1.95,"u":"26,00 €/KG","img":"https://fd2-photos.leclercdrive.fr/image.ashx?id=2842960&use=l&cat=p&typeid=i","cat":288992},{"id":245085,"n":"Sauce aigre douce Maggi  pour poulet - 355g","p":3.93,"u":"11,07 €/KG","img":"https://fd2-photos.leclercdrive.fr/image.ashx?id=2947231&use=l&cat=p&typeid=i","cat":288992},{"id":245086,"n":"Sauce Tikka Masala Maggi pour poulet - 340g","p":3.65,"u":"10,74 €/KG","img":"https://fd2-photos.leclercdrive.fr/image.ashx?id=2971772&use=l&cat=p&typeid=i","cat":289012},{"id":245238,"n":"Gousses vanille Tablier Blanc x2 - 4g","p":5.44,"img":"https://fd2-photos.leclercdrive.fr/image.ashx?id=2837701&use=l&cat=p&typeid=i","cat":284504},{"id":245252,"n":"Crème dessert Danette Chocolat extra noir 4+2x125g","p":1.62,"u":"2,16 €/KG","img":"https://fd2-photos.leclercdrive.fr/image.ashx?id=2915407&use=l&cat=p&typeid=i","cat":285041},{"id":245255,"n":"Skyr Yoplait 0%MG Framboise fruits rouges 4x100g","p":2.15,"u":"5,38 €/KG","img":"https://fd2-photos.leclercdrive.fr/image.ashx?id=2884501&use=l&cat=p&typeid=i","cat":315000},{"id":245356,"n":"Cordon bleu de saumon sauvage Gimbert Ocean - 920g","p":15.42,"u":"16,76 €/KG","img":"https://fd2-photos.leclercdrive.fr/image.ashx?id=2979905&use=l&cat=p&typeid=i","cat":319788},{"id":245745,"n":"Farine de blé type 55 - 1kg Pratiques agricoles bas carbone","p":0.89,"u":"0,89 €/KG","img":"https://fd2-photos.leclercdrive.fr/image.ashx?id=2969994&use=l&cat=p&typeid=i","cat":284503},{"id":245801,"n":"Sweet potato fries Strong Roots Patates Douces 500g","p":4.86,"u":"9,72 €/KG","img":"https://fd2-photos.leclercdrive.fr/image.ashx?id=2899638&use=l&cat=p&typeid=i","cat":319791},{"id":245803,"n":"Spinach Pops Strong Roots Épinards 308g","p":5.11,"u":"16,59 €/KG","img":"https://fd2-photos.leclercdrive.fr/image.ashx?id=2849232&use=l&cat=p&typeid=i","cat":319802},{"id":245806,"n":"Rainbow fries Strong Roots Betterave Carottes Panais 500g","p":4.87,"u":"9,74 €/KG","img":"https://fd2-photos.leclercdrive.fr/image.ashx?id=2899644&use=l&cat=p&typeid=i","cat":319791},{"id":245809,"n":"Cauliflower toasties Strong  Roots Chou-fleur 375g","p":4.82,"u":"12,85 €/KG","img":"https://fd2-photos.leclercdrive.fr/image.ashx?id=2899641&use=l&cat=p&typeid=i","cat":319802},{"id":245929,"n":"Tablette chocolat KitKat Caramel salé - 99g","p":2.39,"u":"24,14 €/KG","img":"https://fd2-photos.leclercdrive.fr/image.ashx?id=2990868&use=l&cat=p&typeid=i","cat":284497},{"id":245930,"n":"Tablette KitKat  Double chocolat - 99g","p":2.39,"u":"24,14 €/KG","img":"https://fd2-photos.leclercdrive.fr/image.ashx?id=2990865&use=l&cat=p&typeid=i","cat":284497},{"id":245931,"n":"Tablette chocolat KitKat  Noisette - 99g","p":2.45,"u":"24,75 €/KG","img":"https://fd2-photos.leclercdrive.fr/image.ashx?id=2871046&use=l&cat=p&typeid=i","cat":284497},{"id":246171,"n":"Gyoza Ajinomoto Porc - x20 - 400g","p":4.99,"u":"12,48 €/KG","img":"https://fd2-photos.leclercdrive.fr/image.ashx?id=2843442&use=l&cat=p&typeid=i","cat":319774},{"id":246201,"n":"Pâtes penné rigaté Eco+ 1kg","p":1.1,"u":"1,10 €/KG","img":"https://fd2-photos.leclercdrive.fr/image.ashx?id=2856736&use=l&cat=p&typeid=i","cat":284427},{"id":246210,"n":"Rillettes Bordeau Chesnel Pur Porc -25% de sel - 220g","p":2.46,"u":"11,18 €/KG","img":"https://fd2-photos.leclercdrive.fr/image.ashx?id=2843908&use=l&cat=p&typeid=i","cat":316008},{"id":246216,"n":"Coupelles Douceurs du Verger Pomme Fraise - 4x100g","p":1.23,"u":"3,08 €/KG","img":"https://fd2-photos.leclercdrive.fr/image.ashx?id=2878741&use=l&cat=p&typeid=i","cat":284508},{"id":246217,"n":"Gourdes Douceur du Verger Pommes Fraises abricot 4x90g","p":1.6,"u":"4,44 €/KG","img":"https://fd2-photos.leclercdrive.fr/image.ashx?id=2934781&use=l&cat=p&typeid=i","cat":284508},{"id":246264,"n":"Palette à la Diable Clermont 1kg","p":11.13,"u":"11,13 €/KG","img":"https://fd2-photos.leclercdrive.fr/image.ashx?id=2848187&use=l&cat=p&typeid=i","cat":284331},{"id":246330,"n":"Saumon Selection Purina One Junior 1 à 12 mois - 1.5 kg","p":7.19,"u":"4,79 €/KG","img":"https://fd2-photos.leclercdrive.fr/image.ashx?id=2844487&use=l&cat=p&typeid=i","cat":284680},{"id":246636,"n":"Golden allumettes McCain 1.5kg","p":5.14,"u":"3,43 €/KG","img":"https://fd2-photos.leclercdrive.fr/image.ashx?id=2846799&use=l&cat=p&typeid=i","cat":319791},{"id":246637,"n":"Frites belges McCain 1.5kg","p":5.14,"u":"3,43 €/KG","img":"https://fd2-photos.leclercdrive.fr/image.ashx?id=2846796&use=l&cat=p&typeid=i","cat":319791},{"id":246638,"n":"Riz parfumé Taureau Ailé 1kg","p":2.7,"u":"2,70 €/KG","img":"https://fd2-photos.leclercdrive.fr/image.ashx?id=2846739&use=l&cat=p&typeid=i","cat":284428},{"id":246901,"n":"Gésiers de canard confit  Le Gaulois - 180g","p":3.95,"u":"21,94 €/KG","img":"https://fd2-photos.leclercdrive.fr/image.ashx?id=2921271&use=l&cat=p&typeid=i","cat":284715},{"id":246914,"n":"Haricots blancs Notre Jardin 600g","p":1.85,"u":"3,08 €/KG","img":"https://fd2-photos.leclercdrive.fr/image.ashx?id=2873174&use=l&cat=p&typeid=i","cat":319805},{"id":246918,"n":"Lentilles vertes Notre Jardin 600g","p":1.99,"u":"3,32 €/KG","img":"https://fd2-photos.leclercdrive.fr/image.ashx?id=2873177&use=l&cat=p&typeid=i","cat":319805},{"id":246920,"n":"Pois chiches Notre Jardin 600g","p":1.7,"u":"2,83 €/KG","img":"https://fd2-photos.leclercdrive.fr/image.ashx?id=2873180&use=l&cat=p&typeid=i","cat":319805},{"id":246943,"n":"Farce 100% végétal Accro 200g","p":2.63,"u":"13,15 €/KG","img":"https://fd2-photos.leclercdrive.fr/image.ashx?id=2856392&use=l&cat=p&typeid=i","cat":316036},{"id":247060,"n":"Les Minis Galettes Saint Michel Tomates herbes de provence 100g","p":1.85,"u":"18,50 €/KG","img":"https://fd2-photos.leclercdrive.fr/image.ashx?id=2936284&use=l&cat=p&typeid=i","cat":297000},{"id":247083,"n":"Mélange Rustica Tournesol & olive - 1L","p":3.39,"u":"3,39 €/L","img":"https://fd2-photos.leclercdrive.fr/image.ashx?id=2900358&use=l&cat=p&typeid=i","cat":284453},{"id":247087,"n":"Duo blé riz sarrasin Jardin Bio 220g","p":1.9,"u":"8,64 €/KG","img":"https://fd2-photos.leclercdrive.fr/image.ashx?id=2849953&use=l&cat=p&typeid=i","cat":284953},{"id":247088,"n":"Velouté de tomates Jardin Bio Lentilles corail bio - 2X33cl","p":3.06,"u":"4,64 €/L","img":"https://fd2-photos.leclercdrive.fr/image.ashx?id=2849950&use=l&cat=p&typeid=i","cat":284462},{"id":247089,"n":"Mouliné de lentilles Jardin Bio bio 1L","p":2.99,"u":"2,99 €/L","img":"https://fd2-photos.leclercdrive.fr/image.ashx?id=2849947&use=l&cat=p&typeid=i","cat":284462},{"id":247092,"n":"Blé à la tomate Jardin Bio Basilic - 220g","p":1.9,"u":"8,64 €/KG","img":"https://fd2-photos.leclercdrive.fr/image.ashx?id=2849941&use=l&cat=p&typeid=i","cat":284953},{"id":247093,"n":"Nouilles curry Jardin Bio 220g","p":2.59,"u":"11,77 €/KG","img":"https://fd2-photos.leclercdrive.fr/image.ashx?id=2849938&use=l&cat=p&typeid=i","cat":284953},{"id":247096,"n":"Pad Thai Jardin Bio bio 220g","p":2.62,"u":"11,91 €/KG","img":"https://fd2-photos.leclercdrive.fr/image.ashx?id=2849935&use=l&cat=p&typeid=i","cat":284953},{"id":247863,"n":"Shampooing Elsève Color vive  2 en 1 - 250ml","p":4.31,"u":"17,24 €/L","img":"https://fd2-photos.leclercdrive.fr/image.ashx?id=2853961&use=l&cat=p&typeid=i","cat":284606},{"id":247879,"n":"Adoucissant Soupline Concentré Grand air - 1.9L","p":8.35,"u":"4,39 €/L","img":"https://fd2-photos.leclercdrive.fr/image.ashx?id=2966800&use=l&cat=p&typeid=i","cat":284650},{"id":248328,"n":"Recharge Crème de douche  Le Petit Marseillais Lait 500ml","p":2.77,"u":"5,54 €/L","img":"https://fd2-photos.leclercdrive.fr/image.ashx?id=2855957&use=l&cat=p&typeid=i","cat":284594},{"id":248347,"n":"Savon solide Bionaïa 3en1 - Amande douce Bio - 85g","p":3.49,"u":"41,06 €/KG","img":"https://fd2-photos.leclercdrive.fr/image.ashx?id=2856133&use=l&cat=p&typeid=i","cat":284597},{"id":248430,"n":"Frites Mc Cain Tradition 1.5kg","p":5.14,"u":"3,43 €/KG","img":"https://fd2-photos.leclercdrive.fr/image.ashx?id=2857896&use=l&cat=p&typeid=i","cat":319791},{"id":248431,"n":"Frites Steakhouse Mc Cain 1.5kg","p":5.14,"u":"3,43 €/KG","img":"https://fd2-photos.leclercdrive.fr/image.ashx?id=2857899&use=l&cat=p&typeid=i","cat":319791},{"id":248542,"n":"Mangue 1p","p":1.7,"img":"https://fd2-photos.leclercdrive.fr/image.ashx?id=1636371&use=l&cat=p&typeid=i","cat":284356},{"id":248544,"n":"Ananas Extra Sweet 1p","p":2.5,"img":"https://fd2-photos.leclercdrive.fr/image.ashx?id=2856700&use=l&cat=p&typeid=i","cat":284356},{"id":248545,"n":"Chou-fleur blanc 1p","p":1.3,"img":"https://fd2-photos.leclercdrive.fr/image.ashx?id=1631991&use=l&cat=p&typeid=i","cat":284352},{"id":248823,"n":"Sauce algérienne Rustica 260g","p":1.67,"u":"6,42 €/KG","img":"https://fd2-photos.leclercdrive.fr/image.ashx?id=2954397&use=l&cat=p&typeid=i","cat":318431},{"id":249019,"n":"Lessive liquide Xéor Savon de Marseille - 2.2L","p":3.89,"u":"1,77 €/L","img":"https://fd2-photos.leclercdrive.fr/image.ashx?id=2901500&use=l&cat=p&typeid=i","cat":284640},{"id":249021,"n":"Lessive liquide Xéor Savon de Marseille - 1.2L","p":2.12,"u":"1,77 €/L","img":"https://fd2-photos.leclercdrive.fr/image.ashx?id=2901503&use=l&cat=p&typeid=i","cat":284640},{"id":249173,"n":"Riz basmati Taureau Ailé 1kg","p":3.6,"u":"3,60 €/KG","img":"https://fd2-photos.leclercdrive.fr/image.ashx?id=2860457&use=l&cat=p&typeid=i","cat":284428},{"id":249595,"n":"Glace Carte d'Or Vanille pécan caramel - 470g","p":3.2,"pp":2.24,"u":"4,77 €/KG","img":"https://fd2-photos.leclercdrive.fr/image.ashx?id=2861216&use=l&cat=p&typeid=i","cat":284263},{"id":249596,"n":"Glace Carte d'Or Cookie & Chocolat - 457g","p":3.3,"pp":2.31,"u":"5,05 €/KG","img":"https://fd2-photos.leclercdrive.fr/image.ashx?id=2861213&use=l&cat=p&typeid=i","cat":284263},{"id":249597,"n":"Glace Carte d'Or  Fraise et meringue 463g","p":3.07,"pp":2.15,"u":"4,64 €/KG","img":"https://fd2-photos.leclercdrive.fr/image.ashx?id=2861222&use=l&cat=p&typeid=i","cat":284263},{"id":249956,"n":"Perles de linge Soupline  Grand air - 460g","p":13.95,"img":"https://fd2-photos.leclercdrive.fr/image.ashx?id=2861833&use=l&cat=p&typeid=i","cat":284650},{"id":249964,"n":"Gourdes Douceur du Verger Fruits jaunes - 12x90g","p":4.39,"u":"4,06 €/KG","img":"https://fd2-photos.leclercdrive.fr/image.ashx?id=2934790&use=l&cat=p&typeid=i","cat":284508},{"id":249965,"n":"Gourdes Douceur du Verger 12x90g","p":4.19,"u":"3,88 €/KG","img":"https://fd2-photos.leclercdrive.fr/image.ashx?id=2934787&use=l&cat=p&typeid=i","cat":284508},{"id":249966,"n":"Gourdes Douceur du Verger 20x90g","p":4.89,"u":"2,72 €/KG","img":"https://fd2-photos.leclercdrive.fr/image.ashx?id=2934784&use=l&cat=p&typeid=i","cat":284508},{"id":249967,"n":"Pain sandwich au beurre Harry's x8 - 360g","p":2.39,"u":"6,64 €/KG","img":"https://fd2-photos.leclercdrive.fr/image.ashx?id=2861506&use=l&cat=p&typeid=i","cat":284477},{"id":249968,"n":"Pain sandwich nature Harry's  x8 - 360g","p":1.88,"u":"5,22 €/KG","img":"https://fd2-photos.leclercdrive.fr/image.ashx?id=2861503&use=l&cat=p&typeid=i","cat":284477},{"id":249994,"n":"Adoucissant Soupline  Hypoallergenique - 880ml","p":5.03,"u":"5,72 €/L","img":"https://fd2-photos.leclercdrive.fr/image.ashx?id=2863923&use=l&cat=p&typeid=i","cat":284650},{"id":250152,"n":"Escalope Weight Watchers Volaille pomme de terre - 300g","p":4.05,"u":"13,50 €/KG","img":"https://fd2-photos.leclercdrive.fr/image.ashx?id=2863443&use=l&cat=p&typeid=i","cat":333665},{"id":250153,"n":"Sauce burger Rustica 260g","p":1.29,"u":"4,96 €/KG","img":"https://fd2-photos.leclercdrive.fr/image.ashx?id=2954400&use=l&cat=p&typeid=i","cat":318431},{"id":250154,"n":"Gnocchetti poulet Marie Crème parmesan - 300g","p":3.38,"u":"11,27 €/KG","img":"https://fd2-photos.leclercdrive.fr/image.ashx?id=2863440&use=l&cat=p&typeid=i","cat":333665},{"id":250182,"n":"Sauce tartare Rustica 235g","p":1.13,"u":"4,81 €/KG","img":"https://fd2-photos.leclercdrive.fr/image.ashx?id=2955080&use=l&cat=p&typeid=i","cat":318430},{"id":250228,"n":"Poitrine fumée Petitgas  fines tranches - 150g","p":2.79,"u":"18,60 €/KG","img":"https://fd2-photos.leclercdrive.fr/image.ashx?id=2864507&use=l&cat=p&typeid=i","cat":316007},{"id":250433,"n":"Adoucissant  Soupline concentré Coco Envoûtant - 835ml","p":4.99,"u":"5,98 €/L","img":"https://fd2-photos.leclercdrive.fr/image.ashx?id=2864224&use=l&cat=p&typeid=i","cat":284650},{"id":250435,"n":"Adoucissant concentré Soupline Ultra Vanille - 835ml","p":4.98,"u":"5,96 €/L","img":"https://fd2-photos.leclercdrive.fr/image.ashx?id=2864221&use=l&cat=p&typeid=i","cat":284650},{"id":252010,"n":"Lessive liquide Skip Fraîcheur intense - x40 - 1.68L","p":13.29,"u":"7,91 €/L","img":"https://fd2-photos.leclercdrive.fr/image.ashx?id=2940657&use=l&cat=p&typeid=i","cat":284640},{"id":252097,"n":"Lessive Liquide SKIP Touche de Cajoline x37 lavages","p":12.5,"u":"8,04 €/L","img":"https://fd2-photos.leclercdrive.fr/image.ashx?id=2940660&use=l&cat=p&typeid=i","cat":284640},{"id":252128,"n":"Spray nettoyant multi-usage CIF Infinite+Clean Protection 280ml","p":4.25,"u":"15,18 €/MT","img":"https://fd2-photos.leclercdrive.fr/image.ashx?id=2948543&use=l&cat=p&typeid=i","cat":325357},{"id":252129,"n":"Spray nettoyant multi-usage Cif  Infinite+Clean Brillance-280ml","p":4.25,"u":"15,18 €/L","img":"https://fd2-photos.leclercdrive.fr/image.ashx?id=2872234&use=l&cat=p&typeid=i","cat":325357},{"id":252133,"n":"Spray nettoyant multi-usage CIF Infinite+Clean 280ml","p":4.51,"u":"16,11 €/L","img":"https://fd2-photos.leclercdrive.fr/image.ashx?id=2948546&use=l&cat=p&typeid=i","cat":325357},{"id":252134,"n":"Recharge Spray nettoyant CIF Infinite+Clean Protection 590ml","p":4.97,"u":"8,42 €/L","img":"https://fd2-photos.leclercdrive.fr/image.ashx?id=2948549&use=l&cat=p&typeid=i","cat":325357},{"id":252136,"n":"Recharge Spray nettoyant CIF Infinite+Clean Brillance 590ml","p":5.22,"u":"8,85 €/L","img":"https://fd2-photos.leclercdrive.fr/image.ashx?id=2940675&use=l&cat=p&typeid=i","cat":325357},{"id":252137,"n":"Recharge Spray nettoyant CIF Infinite+Clean 590ml","p":4.85,"u":"8,22 €/L","img":"https://fd2-photos.leclercdrive.fr/image.ashx?id=2974066&use=l&cat=p&typeid=i","cat":325357},{"id":252576,"n":"Pizza Bomba Italpizza 7 formaggi - 450g","p":4.89,"u":"10,87 €/KG","img":"https://fd2-photos.leclercdrive.fr/image.ashx?id=2871217&use=l&cat=p&typeid=i","cat":284256},{"id":252786,"n":"Skyr protéiné Yoplait 0%MG Pêche Mangue - 4x100g","p":2.15,"u":"5,38 €/KG","img":"https://fd2-photos.leclercdrive.fr/image.ashx?id=2884498&use=l&cat=p&typeid=i","cat":315000},{"id":253339,"n":"Croque Monsieur Herta Chèvre jambon - 310g","p":2.59,"u":"8,35 €/KG","img":"https://fd2-photos.leclercdrive.fr/image.ashx?id=2877745&use=l&cat=p&typeid=i","cat":333671},{"id":253342,"n":"Croque-Monsieur Herta  Maxi Montagnard x2 - 310g","p":2.59,"u":"8,35 €/KG","img":"https://fd2-photos.leclercdrive.fr/image.ashx?id=2877748&use=l&cat=p&typeid=i","cat":333671},{"id":253344,"n":"Gnocchi à poeler Lustucru 1 sachet offert - 900g","p":3.19,"u":"3,54 €/KG","img":"https://fd2-photos.leclercdrive.fr/image.ashx?id=2873919&use=l&cat=p&typeid=i","cat":333682},{"id":253571,"n":"Bols Mots d'Enfants - 2x200g  Tomates, pâtes et boeuf dès 8M","p":2.39,"u":"5,98 €/KG","img":"https://fd2-photos.leclercdrive.fr/image.ashx?id=2892358&use=l&cat=p&typeid=i","cat":312236},{"id":253575,"n":"Bols Mots d'Enfants - 2x200g  Parmentier de cabillaud dès 8M","p":2.09,"u":"5,23 €/KG","img":"https://fd2-photos.leclercdrive.fr/image.ashx?id=2892361&use=l&cat=p&typeid=i","cat":312236},{"id":253581,"n":"Bols Mots d'Enfants - 2x200g  Purée de légumes dès 8M","p":1.69,"u":"4,23 €/KG","img":"https://fd2-photos.leclercdrive.fr/image.ashx?id=2892364&use=l&cat=p&typeid=i","cat":312236},{"id":253677,"n":"Bols Mots d'Enfants - 2x200g  Pâtes, épinards et crème dès 8M","p":2.29,"u":"5,73 €/KG","img":"https://fd2-photos.leclercdrive.fr/image.ashx?id=2892367&use=l&cat=p&typeid=i","cat":312236},{"id":253678,"n":"Assiette Mots d'Enfants - 230g Spaghetti bolognaise dès 12M","p":1.39,"u":"6,04 €/KG","img":"https://fd2-photos.leclercdrive.fr/image.ashx?id=2898050&use=l&cat=p&typeid=i","cat":312237},{"id":253679,"n":"Assiette Mots d'Enfants - 230g Hachis parmentier dès 12M","p":1.39,"u":"6,04 €/KG","img":"https://fd2-photos.leclercdrive.fr/image.ashx?id=2892370&use=l&cat=p&typeid=i","cat":312237},{"id":253682,"n":"Assiette Mots d'Enfants - 230g Légumes et macaroni dès 12M","p":1.39,"u":"6,04 €/KG","img":"https://fd2-photos.leclercdrive.fr/image.ashx?id=2892373&use=l&cat=p&typeid=i","cat":312237},{"id":253683,"n":"Assiette Mots d'Enfants - 250g Pommes de terre, poulet dès 15M","p":1.59,"u":"6,36 €/KG","img":"https://fd2-photos.leclercdrive.fr/image.ashx?id=2898053&use=l&cat=p&typeid=i","cat":312238},{"id":253684,"n":"Assiette Mots d'Enfants - 250g Pâtes, tomate et jambon dès 15M","p":1.59,"u":"6,36 €/KG","img":"https://fd2-photos.leclercdrive.fr/image.ashx?id=2892376&use=l&cat=p&typeid=i","cat":312238},{"id":253687,"n":"Assiette Mots d'Enfants - 250g Légumes et patate douce dès 15M","p":1.59,"u":"6,36 €/KG","img":"https://fd2-photos.leclercdrive.fr/image.ashx?id=2892388&use=l&cat=p&typeid=i","cat":312238},{"id":253689,"n":"Assiette Mots d'Enfants - 250g Pdt, fondue de poireaux dès 15M","p":1.59,"u":"6,36 €/KG","img":"https://fd2-photos.leclercdrive.fr/image.ashx?id=2892379&use=l&cat=p&typeid=i","cat":312238},{"id":253691,"n":"Assiette Mots d'Enfants - 250g Pâtes boeuf bourguignon dès 18M","p":1.69,"u":"6,76 €/KG","img":"https://fd2-photos.leclercdrive.fr/image.ashx?id=2892382&use=l&cat=p&typeid=i","cat":312238},{"id":253694,"n":"Assiette Mots d'Enfants - 250g Blanquette de volaille dès 18M","p":1.69,"u":"6,76 €/KG","img":"https://fd2-photos.leclercdrive.fr/image.ashx?id=2898056&use=l&cat=p&typeid=i","cat":312238},{"id":253698,"n":"Assiette Mots d'Enfants - 250g Carottes pâtes épinards dès 18M","p":1.69,"u":"6,76 €/KG","img":"https://fd2-photos.leclercdrive.fr/image.ashx?id=2898059&use=l&cat=p&typeid=i","cat":312238},{"id":253699,"n":"Assiette Mots d'Enfants - 250g Ratatouille et boulgour dès 18M","p":1.69,"u":"6,76 €/KG","img":"https://fd2-photos.leclercdrive.fr/image.ashx?id=2892385&use=l&cat=p&typeid=i","cat":312238},{"id":254336,"n":"Truite fumée Landvika 4 tranches - 100g","p":3.35,"u":"33,50 €/KG","img":"https://fd2-photos.leclercdrive.fr/image.ashx?id=2876593&use=l&cat=p&typeid=i","cat":285188},{"id":254381,"n":"Lait vitaminé Lactel Vita'Vie 1.0% MG - 6x1L","p":7.74,"u":"1,29 €/L","img":"https://fd2-photos.leclercdrive.fr/image.ashx?id=2951827&use=l&cat=p&typeid=i","cat":317169},{"id":254824,"n":"IGP Pays d'Oc rosé Bleu de Mer - 75cl","p":5.65,"u":"7,53 €/L","img":"https://fd2-photos.leclercdrive.fr/image.ashx?id=2876863&use=l&cat=p&typeid=i","cat":289558},{"id":254884,"n":"Crème glacée L'Angélys Violette 450g","p":5.19,"u":"11,53 €/KG","img":"https://fd2-photos.leclercdrive.fr/image.ashx?id=2963586&use=l&cat=p&typeid=i","cat":284263},{"id":254892,"n":"Préfou Paso  à l'ail - 175g","p":2.8,"u":"16,00 €/KG","img":"https://fd2-photos.leclercdrive.fr/image.ashx?id=2876914&use=l&cat=p&typeid=i","cat":316003},{"id":254906,"n":"Boisson lactée Candy'up Milk skake chocolat - 3x25cl","p":2.97,"u":"3,96 €/L","img":"https://fd2-photos.leclercdrive.fr/image.ashx?id=2876710&use=l&cat=p&typeid=i","cat":295246},{"id":254908,"n":"Préfou Paso  tomates basilic - 175g","p":2.8,"u":"16,00 €/KG","img":"https://fd2-photos.leclercdrive.fr/image.ashx?id=2876908&use=l&cat=p&typeid=i","cat":316003},{"id":254911,"n":"Boisson lactée Candy'up Milk skake vanille - 3x25cl","p":2.97,"u":"3,96 €/L","img":"https://fd2-photos.leclercdrive.fr/image.ashx?id=2876713&use=l&cat=p&typeid=i","cat":295246},{"id":254941,"n":"Bâtonnets Häagen-Dazs Cracking Macadamia x3 - 201g","p":3.53,"u":"17,56 €/KG","img":"https://fd2-photos.leclercdrive.fr/image.ashx?id=2876599&use=l&cat=p&typeid=i","cat":284265},{"id":254943,"n":"Bâtonnets Häagen-Dazs Salted Caramel x3 - 204g","p":3.85,"u":"18,87 €/KG","img":"https://fd2-photos.leclercdrive.fr/image.ashx?id=2876608&use=l&cat=p&typeid=i","cat":284265},{"id":254944,"n":"Bâtonnets Häagen-Dazs  Cookies & Cream x3 - 192g","p":3.85,"u":"20,05 €/KG","img":"https://fd2-photos.leclercdrive.fr/image.ashx?id=2876602&use=l&cat=p&typeid=i","cat":284265},{"id":254949,"n":"Bâtonnets Häagen-Dazs Smooth Vanilla x3 - 192g","p":3.85,"u":"20,05 €/KG","img":"https://fd2-photos.leclercdrive.fr/image.ashx?id=2876605&use=l&cat=p&typeid=i","cat":284265},{"id":255191,"n":"Préservatif Durex Nude - XL - x10","p":8.07,"img":"https://fd2-photos.leclercdrive.fr/image.ashx?id=2901677&use=l&cat=p&typeid=i","cat":284631},{"id":255200,"n":"Mousse au chocolat au lait La Fermière 2x70g","p":2.72,"u":"19,43 €/KG","img":"https://fd2-photos.leclercdrive.fr/image.ashx?id=2878948&use=l&cat=p&typeid=i","cat":284417},{"id":255201,"n":"Liègeois au chocolat La Fermière 2x120g","p":2.77,"u":"11,54 €/KG","img":"https://fd2-photos.leclercdrive.fr/image.ashx?id=2878951&use=l&cat=p&typeid=i","cat":285042},{"id":255203,"n":"Liègeois au café La Fermière 2x120g","p":2.65,"u":"11,04 €/KG","img":"https://fd2-photos.leclercdrive.fr/image.ashx?id=2878954&use=l&cat=p&typeid=i","cat":285042},{"id":255505,"n":"Crème de soin cheveux Nateïs Cheveux sec et frisé - 200ml","p":1.69,"u":"8,45 €/L","img":"https://fd2-photos.leclercdrive.fr/image.ashx?id=2878693&use=l&cat=p&typeid=i","cat":284608},{"id":255515,"n":"Café en grains Grand-mère Puissant - 1kg","p":17.09,"u":"17,09 €/KG","img":"https://fd2-photos.leclercdrive.fr/image.ashx?id=2880585&use=l&cat=p&typeid=i","cat":293237},{"id":255516,"n":"Café en grains Grand-mère Equilibré - 1kg","p":17.09,"u":"17,09 €/KG","img":"https://fd2-photos.leclercdrive.fr/image.ashx?id=2880588&use=l&cat=p&typeid=i","cat":293237},{"id":255678,"n":"Gel douche homme Axe Aqua bergamot - 225ml","p":2.14,"u":"9,51 €/L","img":"https://fd2-photos.leclercdrive.fr/image.ashx?id=2880612&use=l&cat=p&typeid=i","cat":284619},{"id":256536,"n":"Nectar Bio Pressade Pomme - 6x20cl","p":2.4,"u":"2,00 €/L","img":"https://fd2-photos.leclercdrive.fr/image.ashx?id=2882752&use=l&cat=p&typeid=i","cat":284522},{"id":256714,"n":"Moussaka végé Côté Table 300g","p":2.61,"u":"8,70 €/KG","img":"https://fd2-photos.leclercdrive.fr/image.ashx?id=2906925&use=l&cat=p&typeid=i","cat":284953},{"id":256833,"n":"Biscuit Jardin Bio Le Petit Céréalier - 155g","p":1.79,"u":"11,55 €/KG","img":"https://fd2-photos.leclercdrive.fr/image.ashx?id=2883588&use=l&cat=p&typeid=i","cat":284487},{"id":257000,"n":"Haché Happy Family à cuisiner Charal - 500g","p":9.09,"u":"18,18 €/KG","img":"https://fd2-photos.leclercdrive.fr/image.ashx?id=2973610&use=l&cat=p&typeid=i","cat":284332},{"id":257001,"n":"Happy Family façon bouchère Charal - x4 - 400g","p":8.19,"u":"20,48 €/KG","img":"https://fd2-photos.leclercdrive.fr/image.ashx?id=2883459&use=l&cat=p&typeid=i","cat":284332},{"id":257022,"n":"Diffuseur Raid Max Night & Day Anti-moustiques - 27ml","p":11.3,"u":"418,52 €/L","img":"https://fd2-photos.leclercdrive.fr/image.ashx?id=2967388&use=l&cat=p&typeid=i","cat":298368},{"id":257023,"n":"Recharge Raid Max Night & Day Anti-moustiques - 2x27ml","p":13.33,"u":"246,85 €/L","img":"https://fd2-photos.leclercdrive.fr/image.ashx?id=2884741&use=l&cat=p&typeid=i","cat":298368},{"id":257024,"n":"Diffuseur électrique Raid Max Liquide - 30 nuits - 21ml","p":7.49,"u":"356,67 €/L","img":"https://fd2-photos.leclercdrive.fr/image.ashx?id=2884759&use=l&cat=p&typeid=i","cat":298368},{"id":257025,"n":"Recharge électrique  Raid Max  Liquide - 30 nuits - 21ml","p":5.99,"u":"285,24 €/L","img":"https://fd2-photos.leclercdrive.fr/image.ashx?id=2884762&use=l&cat=p&typeid=i","cat":298368},{"id":257026,"n":"Spirale anti-moustiques Raid Max - Usage extérieur - x10","p":2.38,"img":"https://fd2-photos.leclercdrive.fr/image.ashx?id=2884750&use=l&cat=p&typeid=i","cat":298368},{"id":257027,"n":"Spray Raid Max Fourmis & cafards - 500ml","p":7.39,"u":"14,78 €/L","img":"https://fd2-photos.leclercdrive.fr/image.ashx?id=2884747&use=l&cat=p&typeid=i","cat":298368},{"id":257028,"n":"Gel Anti-mites Raid Max Senteur bois de cèdre - x2","p":4.88,"img":"https://fd2-photos.leclercdrive.fr/image.ashx?id=2884756&use=l&cat=p&typeid=i","cat":298368},{"id":257031,"n":"Gel anti-mites Raid Max Senteur lavande - x2","p":5.9,"img":"https://fd2-photos.leclercdrive.fr/image.ashx?id=2884753&use=l&cat=p&typeid=i","cat":298368},{"id":257036,"n":"Spray enfant Autan Anti-moustiques - 100ml","p":7.5,"u":"75,00 €/L","img":"https://fd2-photos.leclercdrive.fr/image.ashx?id=2884735&use=l&cat=p&typeid=i","cat":299654},{"id":257074,"n":"Gnocchi à poêler Lustucru Extra jambon fromage 300g","p":1.91,"u":"6,37 €/KG","img":"https://fd2-photos.leclercdrive.fr/image.ashx?id=2884387&use=l&cat=p&typeid=i","cat":333682},{"id":257076,"n":"Gnocchi à poêler Lustucru Extra fromage 300g","p":1.75,"u":"5,83 €/KG","img":"https://fd2-photos.leclercdrive.fr/image.ashx?id=2886013&use=l&cat=p&typeid=i","cat":333682},{"id":257165,"n":"Pizza Crousti-Fine Marie 4 fromages - 390g","p":3.49,"u":"8,95 €/KG","img":"https://fd2-photos.leclercdrive.fr/image.ashx?id=2996728&use=l&cat=p&typeid=i","cat":284256},{"id":257169,"n":"Pizza Crousti-Fine Marie Royale - 400g","p":3.49,"u":"8,73 €/KG","img":"https://fd2-photos.leclercdrive.fr/image.ashx?id=2996734&use=l&cat=p&typeid=i","cat":284256},{"id":257171,"n":"Pizza Crousti-Fine Marie Tomate mozzarella - 400g","p":3.49,"u":"8,73 €/KG","img":"https://fd2-photos.leclercdrive.fr/image.ashx?id=2996737&use=l&cat=p&typeid=i","cat":284256},{"id":257172,"n":"Pizza Crousti-Fine Marie Chorizo paprika - 400g","p":3.49,"u":"8,73 €/KG","img":"https://fd2-photos.leclercdrive.fr/image.ashx?id=2996731&use=l&cat=p&typeid=i","cat":284256},{"id":257205,"n":"Eponges flex & wash x4","p":7.48,"img":"https://fd2-photos.leclercdrive.fr/image.ashx?id=2884522&use=l&cat=p&typeid=i","cat":284667},{"id":257206,"n":"Eponges fFlex & wash x2","p":3.59,"img":"https://fd2-photos.leclercdrive.fr/image.ashx?id=2884525&use=l&cat=p&typeid=i","cat":284667},{"id":257208,"n":"Lessive liquide Xeor Fraîcheur - x44 lavages - 2.2L","p":3.89,"u":"1,77 €/L","img":"https://fd2-photos.leclercdrive.fr/image.ashx?id=2901494&use=l&cat=p&typeid=i","cat":284640},{"id":257212,"n":"Lessive liquide Xéor Fraîcheur - x24 lavages - 1.2L","p":2.12,"u":"1,77 €/L","img":"https://fd2-photos.leclercdrive.fr/image.ashx?id=2901506&use=l&cat=p&typeid=i","cat":284640},{"id":257230,"n":"Désinfectant linge Sanytol Stop Odeurs Fleurs blanches 500ml","p":3.49,"u":"6,98 €/L","img":"https://fd2-photos.leclercdrive.fr/image.ashx?id=2961960&use=l&cat=p&typeid=i","cat":290451},{"id":257231,"n":"Désinfectant linge Sanytol Stop Odeurs Fleurs Blanches 1L","p":6.09,"u":"6,09 €/L","img":"https://fd2-photos.leclercdrive.fr/image.ashx?id=2884312&use=l&cat=p&typeid=i","cat":290451},{"id":257233,"n":"Tablettes lave-vaisselle Uni Vert - Tout-en-1 - x45 - 720g","p":6.57,"u":"9,13 €/KG","img":"https://fd2-photos.leclercdrive.fr/image.ashx?id=3015132&use=l&cat=p&typeid=i","cat":284656},{"id":257243,"n":"Nettoyant ménager Ajax 5 actions Brise fraîche - 1.5L","p":2.63,"u":"1,75 €/L","img":"https://fd2-photos.leclercdrive.fr/image.ashx?id=2919442&use=l&cat=p&typeid=i","cat":284907},{"id":257251,"n":"Capsules Lave-Vaisselle SUN  Pro-Expert Citron 38 lavages","p":7.9,"u":"13,86 €/KG","img":"https://fd2-photos.leclercdrive.fr/image.ashx?id=2991039&use=l&cat=p&typeid=i","cat":284656},{"id":257277,"n":"Bâtonnets surimi moelleux Fleury Michon x12 - 180g","p":1.51,"u":"8,39 €/KG","img":"https://fd2-photos.leclercdrive.fr/image.ashx?id=2936920&use=l&cat=p&typeid=i","cat":285189},{"id":257278,"n":"Bâtonnets surimi moelleux Fleury Michon x18 - 270g","p":2.55,"u":"9,44 €/KG","img":"https://fd2-photos.leclercdrive.fr/image.ashx?id=2936923&use=l&cat=p&typeid=i","cat":285189},{"id":257279,"n":"Bâtonnets surimi moelleux  Fleury Michon x24 - 360g","p":2.87,"u":"7,97 €/KG","img":"https://fd2-photos.leclercdrive.fr/image.ashx?id=2936926&use=l&cat=p&typeid=i","cat":285189},{"id":257280,"n":"Bâtonnets surimi moelleux Fleury Michon x30 - 450g","p":3.72,"u":"8,27 €/KG","img":"https://fd2-photos.leclercdrive.fr/image.ashx?id=2936929&use=l&cat=p&typeid=i","cat":285189},{"id":257322,"n":"Nectar Bio Pressade Orange - 1.5L","p":3.14,"u":"2,09 €/L","img":"https://fd2-photos.leclercdrive.fr/image.ashx?id=2885357&use=l&cat=p&typeid=i","cat":284521},{"id":257593,"n":"Saumon fumé Ecosse  4 tranches 130g","p":7.51,"u":"57,77 €/KG","img":"https://fd2-photos.leclercdrive.fr/image.ashx?id=2885947&use=l&cat=p&typeid=i","cat":285188},{"id":257606,"n":"Cappelletti Rana jambon cru 250g","p":2.99,"u":"11,96 €/KG","img":"https://fd2-photos.leclercdrive.fr/image.ashx?id=2886358&use=l&cat=p&typeid=i","cat":333682},{"id":257608,"n":"Raviolis Rana ricotta épinards 250g","p":2.99,"u":"11,96 €/KG","img":"https://fd2-photos.leclercdrive.fr/image.ashx?id=2886361&use=l&cat=p&typeid=i","cat":333682},{"id":257609,"n":"Raviolis Rana 4 fromages 250g","p":3.16,"u":"12,64 €/KG","img":"https://fd2-photos.leclercdrive.fr/image.ashx?id=2886364&use=l&cat=p&typeid=i","cat":333682},{"id":257611,"n":"Raviolis Rana boeuf bolognaise 250g","p":2.99,"u":"11,96 €/KG","img":"https://fd2-photos.leclercdrive.fr/image.ashx?id=2886367&use=l&cat=p&typeid=i","cat":333682},{"id":257612,"n":"Tortellini Rana bacon, speck & mozzarella 250g","p":2.98,"u":"11,92 €/KG","img":"https://fd2-photos.leclercdrive.fr/image.ashx?id=2886370&use=l&cat=p&typeid=i","cat":333682},{"id":258055,"n":"Filets de poulet Kerchant x4 560g","p":8.7,"u":"15,54 €/KG","img":"https://fd2-photos.leclercdrive.fr/image.ashx?id=2962410&use=l&cat=p&typeid=i","cat":284336},{"id":258056,"n":"Cuisses de poulet Kerchant x2 450g","p":3.55,"u":"7,89 €/KG","img":"https://fd2-photos.leclercdrive.fr/image.ashx?id=2962413&use=l&cat=p&typeid=i","cat":284336},{"id":258057,"n":"Escalopes de dinde Kerchant Extra fine 220g","p":5.0,"u":"22,73 €/KG","img":"https://fd2-photos.leclercdrive.fr/image.ashx?id=2963514&use=l&cat=p&typeid=i","cat":284337},{"id":258064,"n":"Cubes filet de poulet Kerchant 500g","p":6.3,"u":"12,60 €/KG","img":"https://fd2-photos.leclercdrive.fr/image.ashx?id=2962392&use=l&cat=p&typeid=i","cat":284336},{"id":258066,"n":"Emincés filet poulet Kerchant  - 500g","p":6.3,"u":"12,60 €/KG","img":"https://fd2-photos.leclercdrive.fr/image.ashx?id=2962395&use=l&cat=p&typeid=i","cat":284336},{"id":258087,"n":"BBQ épicée Garden Gourmet  sensational - 180g","p":3.9,"u":"21,67 €/KG","img":"https://fd2-photos.leclercdrive.fr/image.ashx?id=2973333&use=l&cat=p&typeid=i","cat":316036},{"id":258093,"n":"Flocons d'avoine Grainea 1kg","p":1.65,"u":"1,65 €/KG","img":"https://fd2-photos.leclercdrive.fr/image.ashx?id=2887353&use=l&cat=p&typeid=i","cat":309512},{"id":258281,"n":"Crevettes croustillantes Costa  - 225g","p":7.53,"u":"33,47 €/KG","img":"https://fd2-photos.leclercdrive.fr/image.ashx?id=2888094&use=l&cat=p&typeid=i","cat":319787},{"id":258295,"n":"Croissants fourrés Nutella  x4 - 340g","p":4.37,"u":"12,85 €/KG","img":"https://fd2-photos.leclercdrive.fr/image.ashx?id=2899749&use=l&cat=p&typeid=i","cat":284267},{"id":258299,"n":"Lasagnes William Saurin Bolognaise pure boeuf - 300g","p":2.29,"u":"7,63 €/KG","img":"https://fd2-photos.leclercdrive.fr/image.ashx?id=2916012&use=l&cat=p&typeid=i","cat":284953},{"id":258301,"n":"Spaghetti William Saurin Bolognaise pure boeuf - 300g","p":2.66,"u":"8,87 €/KG","img":"https://fd2-photos.leclercdrive.fr/image.ashx?id=2939517&use=l&cat=p&typeid=i","cat":284953},{"id":258303,"n":"Poulet basquaise William Saurin 285g","p":2.69,"u":"9,44 €/KG","img":"https://fd2-photos.leclercdrive.fr/image.ashx?id=2928564&use=l&cat=p&typeid=i","cat":284953},{"id":258304,"n":"Poulet William Saurin à la crème - 280g","p":2.64,"u":"9,43 €/KG","img":"https://fd2-photos.leclercdrive.fr/image.ashx?id=2939520&use=l&cat=p&typeid=i","cat":284953},{"id":258305,"n":"Risotto William Saurin poulet et champignons - 280g","p":2.29,"u":"8,18 €/KG","img":"https://fd2-photos.leclercdrive.fr/image.ashx?id=2912113&use=l&cat=p&typeid=i","cat":284953},{"id":258308,"n":"Torsades saumon William Saurin Crème et aneth - 280g","p":2.72,"u":"9,71 €/KG","img":"https://fd2-photos.leclercdrive.fr/image.ashx?id=2916009&use=l&cat=p&typeid=i","cat":284953},{"id":258309,"n":"Merlu blanc William Saurin Riz et légumes - 300g","p":2.66,"u":"8,87 €/KG","img":"https://fd2-photos.leclercdrive.fr/image.ashx?id=2986392&use=l&cat=p&typeid=i","cat":284953},{"id":258310,"n":"Blanquette William Saurin Veau et riz - 285g","p":3.41,"u":"11,96 €/KG","img":"https://fd2-photos.leclercdrive.fr/image.ashx?id=2906286&use=l&cat=p&typeid=i","cat":284953},{"id":258313,"n":"Bières Desperados Sunlight  cerise/grenade 4° - 3x33cl","p":3.93,"u":"3,97 €/L","img":"https://fd2-photos.leclercdrive.fr/image.ashx?id=2899401&use=l&cat=p&typeid=i","cat":334878},{"id":258314,"n":"Hachis William Saurin Parmentier pur boeuf - 300g","p":3.64,"u":"12,13 €/KG","img":"https://fd2-photos.leclercdrive.fr/image.ashx?id=2906292&use=l&cat=p&typeid=i","cat":284953},{"id":258341,"n":"Glace Rafello bâtonnets Pêche hibiscus x3 - 138g","p":5.0,"u":"36,23 €/KG","img":"https://fd2-photos.leclercdrive.fr/image.ashx?id=2890436&use=l&cat=p&typeid=i","cat":284265},{"id":258342,"n":"Glace Ferrero bâtonnets chocolat noir orange x3 - 138g","p":4.9,"u":"35,51 €/KG","img":"https://fd2-photos.leclercdrive.fr/image.ashx?id=2889913&use=l&cat=p&typeid=i","cat":284265},{"id":258343,"n":"Crêpes Nutella  x6 - 240g","p":4.62,"u":"19,25 €/KG","img":"https://fd2-photos.leclercdrive.fr/image.ashx?id=2899761&use=l&cat=p&typeid=i","cat":284267},{"id":258345,"n":"Muffins Nutella  x4 - 264g","p":4.63,"u":"17,54 €/KG","img":"https://fd2-photos.leclercdrive.fr/image.ashx?id=2899758&use=l&cat=p&typeid=i","cat":284267},{"id":258347,"n":"Donuts Nutella x4 - 240g","p":4.87,"u":"20,29 €/KG","img":"https://fd2-photos.leclercdrive.fr/image.ashx?id=2889916&use=l&cat=p&typeid=i","cat":284267},{"id":258350,"n":"Ravioli Rana tomate mozzarella 250g","p":3.28,"u":"13,12 €/KG","img":"https://fd2-photos.leclercdrive.fr/image.ashx?id=2889931&use=l&cat=p&typeid=i","cat":333682},{"id":258352,"n":"Tortellini Rana Parmigiano  Reggiano 250g","p":2.2,"u":"8,80 €/KG","img":"https://fd2-photos.leclercdrive.fr/image.ashx?id=2889937&use=l&cat=p&typeid=i","cat":333682},{"id":258364,"n":"Biscuits bio Jardin Bio Sésame - 150g","p":1.9,"u":"12,67 €/KG","img":"https://fd2-photos.leclercdrive.fr/image.ashx?id=2890211&use=l&cat=p&typeid=i","cat":284487},{"id":258366,"n":"Bières Softiz Sans alcool  Saveur mojito - 6x27,5cl","p":3.02,"u":"1,83 €/L","img":"https://fd2-photos.leclercdrive.fr/image.ashx?id=2887428&use=l&cat=p&typeid=i","cat":334877},{"id":258375,"n":"Miel Accacia bio Jardin Bio 500g","p":9.83,"u":"19,66 €/KG","img":"https://fd2-photos.leclercdrive.fr/image.ashx?id=2890208&use=l&cat=p&typeid=i","cat":287643},{"id":258387,"n":"Bières Desperados Sunlight  mangue/passion 4° - 3x33cl","p":3.99,"u":"4,03 €/L","img":"https://fd2-photos.leclercdrive.fr/image.ashx?id=2977990&use=l&cat=p&typeid=i","cat":334878},{"id":258587,"n":"Flammekueche gratinée Stoeffler - 380g","p":4.3,"u":"11,32 €/KG","img":"https://fd2-photos.leclercdrive.fr/image.ashx?id=2889367&use=l&cat=p&typeid=i","cat":333680},{"id":258708,"n":"4 pains burgers briochés Brioche pasquier -235g","p":1.94,"u":"2,06 €/KG","img":"https://fd2-photos.leclercdrive.fr/image.ashx?id=2889442&use=l&cat=p&typeid=i","cat":325067},{"id":258816,"n":"Cacahuètes Curly  Miel barbecue - 150g","p":1.48,"u":"9,87 €/KG","img":"https://fd2-photos.leclercdrive.fr/image.ashx?id=2906367&use=l&cat=p&typeid=i","cat":284448},{"id":258818,"n":"Cacahuète Curly Paprika - 150g","p":1.49,"u":"9,93 €/KG","img":"https://fd2-photos.leclercdrive.fr/image.ashx?id=2938728&use=l&cat=p&typeid=i","cat":284448},{"id":259145,"n":"IGP Magret canard fumé Nos Régions ont du Talent 2x90g","p":7.3,"u":"40,56 €/KG","img":"https://fd2-photos.leclercdrive.fr/image.ashx?id=3002833&use=l&cat=p&typeid=i","cat":284339},{"id":259262,"n":"Bière blonde Stella Artois 5,2% - 6x25cl","p":5.71,"u":"3,81 €/L","img":"https://fd2-photos.leclercdrive.fr/image.ashx?id=2944371&use=l&cat=p&typeid=i","cat":334873},{"id":259277,"n":"Bière blonde Stella Artois 5,2% - 20x25cl","p":15.49,"u":"3,10 €/L","img":"https://fd2-photos.leclercdrive.fr/image.ashx?id=2944377&use=l&cat=p&typeid=i","cat":334873},{"id":259282,"n":"Bière blonde 8.6 Original - 8.6% - 8x50cl","p":10.29,"u":"2,57 €/L","img":"https://fd2-photos.leclercdrive.fr/image.ashx?id=3001527&use=l&cat=p&typeid=i","cat":334853},{"id":259322,"n":"Pain burger Jacquet Nature x6 - 330g","p":1.34,"u":"4,06 €/KG","img":"https://fd2-photos.leclercdrive.fr/image.ashx?id=2991885&use=l&cat=p&typeid=i","cat":325067},{"id":259632,"n":"Nectar Bio Pressade Pomme - 1.5L","p":2.09,"u":"1,39 €/L","img":"https://fd2-photos.leclercdrive.fr/image.ashx?id=2892586&use=l&cat=p&typeid=i","cat":284522},{"id":259687,"n":"Surimi Coraya Sauce mayonnaise x33 - 338g","p":3.49,"u":"10,33 €/KG","img":"https://fd2-photos.leclercdrive.fr/image.ashx?id=2939577&use=l&cat=p&typeid=i","cat":285189},{"id":260012,"n":"Coquilles Saint-Jacques à la bretonne - x10 - 900g","p":12.9,"u":"14,33 €/KG","img":"https://fd2-photos.leclercdrive.fr/image.ashx?id=2892601&use=l&cat=p&typeid=i","cat":319775},{"id":260044,"n":"Liqueur Get Menthe & fruits rouges 17.9° - 70cl","p":12.99,"u":"18,56 €/L","img":"https://fd2-photos.leclercdrive.fr/image.ashx?id=3009104&use=l&cat=p&typeid=i","cat":286032},{"id":260281,"n":"Bière blonde de caractère  Pélican 7.5% 12x25cl","p":11.39,"pp":7.52,"u":"2,51 €/L","img":"https://fd2-photos.leclercdrive.fr/image.ashx?id=2922600&use=l&cat=p&typeid=i","cat":334872},{"id":260328,"n":"Riz Taureau Ailé Basmati du Punjab - 500g","p":2.18,"u":"4,36 €/KG","img":"https://fd2-photos.leclercdrive.fr/image.ashx?id=2893756&use=l&cat=p&typeid=i","cat":284428},{"id":261200,"n":"Cônes Magnum noisette  4x90g","p":5.14,"u":"19,77 €/KG","img":"https://fd2-photos.leclercdrive.fr/image.ashx?id=2896453&use=l&cat=p&typeid=i","cat":284264},{"id":261216,"n":"Cônes Magnum mangue  4x90ml","p":4.88,"u":"18,77 €/KG","img":"https://fd2-photos.leclercdrive.fr/image.ashx?id=2896450&use=l&cat=p&typeid=i","cat":284264},{"id":261222,"n":"Saucisson Saint Agaûne 200g","p":4.3,"u":"21,50 €/KG","img":"https://fd2-photos.leclercdrive.fr/image.ashx?id=2977432&use=l&cat=p&typeid=i","cat":316006},{"id":261223,"n":"Saucisson sec Saint Agaûne La fine - 200g","p":4.2,"u":"21,00 €/KG","img":"https://fd2-photos.leclercdrive.fr/image.ashx?id=2960939&use=l&cat=p&typeid=i","cat":316006},{"id":261224,"n":"Saucisson Saint Agaûne La fine - 280g","p":6.34,"u":"22,64 €/KG","img":"https://fd2-photos.leclercdrive.fr/image.ashx?id=2965094&use=l&cat=p&typeid=i","cat":316006},{"id":261279,"n":"Tablette  de chocolat Poulain 2x95g","p":2.82,"u":"14,84 €/KG","img":"https://fd2-photos.leclercdrive.fr/image.ashx?id=2897177&use=l&cat=p&typeid=i","cat":284497},{"id":261292,"n":"Chewing-gum Hollywood  Menthe Verte sans sucres - 70g","p":2.6,"u":"37,14 €/KG","img":"https://fd2-photos.leclercdrive.fr/image.ashx?id=2987053&use=l&cat=p&typeid=i","cat":304251},{"id":261298,"n":"Chewing-gum Hollywood Menthe  Fraîche sans sucres - 70g","p":2.6,"u":"37,14 €/KG","img":"https://fd2-photos.leclercdrive.fr/image.ashx?id=2987050&use=l&cat=p&typeid=i","cat":304251},{"id":261307,"n":"Chewing-gum Hollywood 2Fresh  Menthe Verte sans sucres -  66g","p":1.51,"u":"22,88 €/KG","img":"https://fd2-photos.leclercdrive.fr/image.ashx?id=3011959&use=l&cat=p&typeid=i","cat":304251},{"id":261505,"n":"Chocolat Tablette d'Or Lait caramelisées - 180g","p":2.49,"u":"13,83 €/KG","img":"https://fd2-photos.leclercdrive.fr/image.ashx?id=2896837&use=l&cat=p&typeid=i","cat":284497},{"id":261507,"n":"Tablette de chocolat Equador noir citron vert - 100g","p":1.79,"u":"17,90 €/KG","img":"https://fd2-photos.leclercdrive.fr/image.ashx?id=2896834&use=l&cat=p&typeid=i","cat":284956},{"id":261528,"n":"Nectar Bio Pressade Orange Bio - 6x20cl","p":2.88,"u":"2,40 €/L","img":"https://fd2-photos.leclercdrive.fr/image.ashx?id=2902705&use=l&cat=p&typeid=i","cat":284521},{"id":261604,"n":"Petits pains Pasquier Farine de maïs - x6  270g","p":1.92,"u":"7,11 €/KG","img":"https://fd2-photos.leclercdrive.fr/image.ashx?id=2900440&use=l&cat=p&typeid=i","cat":284359},{"id":261607,"n":"Brioche tranchée Pasquier -30% de sucre - 450g","p":2.18,"u":"4,84 €/KG","img":"https://fd2-photos.leclercdrive.fr/image.ashx?id=2900446&use=l&cat=p&typeid=i","cat":284478},{"id":261610,"n":"Pains au lait Pasquier -30% de sucres - x8  280g","p":1.26,"u":"4,50 €/KG","img":"https://fd2-photos.leclercdrive.fr/image.ashx?id=2900449&use=l&cat=p&typeid=i","cat":293505},{"id":261612,"n":"Pancakes Pasquier Vanille - x8  280g","p":1.8,"u":"6,43 €/KG","img":"https://fd2-photos.leclercdrive.fr/image.ashx?id=2900452&use=l&cat=p&typeid=i","cat":284495},{"id":263105,"n":"Glace en pot Ben & Jerry's  Brookieees & Cream 465 ml","p":3.85,"u":"8,28 €/L","img":"https://fd2-photos.leclercdrive.fr/image.ashx?id=2901202&use=l&cat=p&typeid=i","cat":284725},{"id":263108,"n":"Bouchées glacées Ben & Jerry  Cookie Dough 150g","p":5.52,"u":"36,80 €/KG","img":"https://fd2-photos.leclercdrive.fr/image.ashx?id=3009323&use=l&cat=p&typeid=i","cat":284725},{"id":263109,"n":"Ben & Jerry's Glace dessert Brownie Caramel Salé 150 gr","p":5.06,"u":"33,73 €/KG","img":"https://fd2-photos.leclercdrive.fr/image.ashx?id=2901181&use=l&cat=p&typeid=i","cat":284725},{"id":263116,"n":"Mini bâtonnet Magnum  Double Noisette 6x55ml","p":5.45,"u":"16,52 €/L","img":"https://fd2-photos.leclercdrive.fr/image.ashx?id=2901190&use=l&cat=p&typeid=i","cat":284265},{"id":263130,"n":"Magnum Glace Bâtonnet  Double Noisette 4x85ml","p":4.83,"u":"14,21 €/L","img":"https://fd2-photos.leclercdrive.fr/image.ashx?id=3009326&use=l&cat=p&typeid=i","cat":284265},{"id":263131,"n":"Bâtonnet Magnum Utopia Double Fruits Rouges 4x85ml","p":4.99,"u":"14,68 €/L","img":"https://fd2-photos.leclercdrive.fr/image.ashx?id=3014650&use=l&cat=p&typeid=i","cat":284265},{"id":263132,"n":"Glace Bonbon Dessert Magnum Gold Caramel Billionaire 168g","p":4.37,"u":"26,01 €/KG","img":"https://fd2-photos.leclercdrive.fr/image.ashx?id=3009320&use=l&cat=p&typeid=i","cat":284266},{"id":263133,"n":"Magnum Glace Bonbon Dessert Caramel Salé & Amande x12","p":4.37,"u":"23,62 €/KG","img":"https://fd2-photos.leclercdrive.fr/image.ashx?id=2901178&use=l&cat=p&typeid=i","cat":284266},{"id":263248,"n":"Mini pots Häagen-Dazs  Essential Collection x4 - 324g","p":5.0,"u":"15,43 €/KG","img":"https://fd2-photos.leclercdrive.fr/image.ashx?id=2900926&use=l&cat=p&typeid=i","cat":284725},{"id":263336,"n":"Yaourt à boire Actimel Nature sans sucres - 8x100g","p":4.23,"u":"5,29 €/KG","img":"https://fd2-photos.leclercdrive.fr/image.ashx?id=2901638&use=l&cat=p&typeid=i","cat":284415},{"id":263701,"n":"Glace cône Extreme Framboise & Brownies - 6x71g","p":4.79,"u":"11,24 €/KG","img":"https://fd2-photos.leclercdrive.fr/image.ashx?id=2904182&use=l&cat=p&typeid=i","cat":284264},{"id":263705,"n":"Glace cône Extrême Vanille/ chocolat - 6x71g","p":4.78,"u":"11,22 €/KG","img":"https://fd2-photos.leclercdrive.fr/image.ashx?id=2904188&use=l&cat=p&typeid=i","cat":284264},{"id":263712,"n":"Truite fumée Landvika 6 tranches 140g","p":4.95,"u":"35,36 €/KG","img":"https://fd2-photos.leclercdrive.fr/image.ashx?id=2904206&use=l&cat=p&typeid=i","cat":285188},{"id":263740,"n":"Culottes Tena Nuit Taille L - x12","p":13.41,"u":"1,12 €/P","img":"https://fd2-photos.leclercdrive.fr/image.ashx?id=2904446&use=l&cat=p&typeid=i","cat":284628},{"id":263741,"n":"Culottes Tena Nuit  Taille M - x12","p":13.41,"u":"1,12 €/P","img":"https://fd2-photos.leclercdrive.fr/image.ashx?id=2904449&use=l&cat=p&typeid=i","cat":284628},{"id":263742,"n":"Culottes Tena Taille M - x9","p":10.26,"u":"1,14 €/P","img":"https://fd2-photos.leclercdrive.fr/image.ashx?id=2904452&use=l&cat=p&typeid=i","cat":284628},{"id":263743,"n":"Culottes Tena  Taille L x 8","p":10.26,"u":"1,28 €/P","img":"https://fd2-photos.leclercdrive.fr/image.ashx?id=2904455&use=l&cat=p&typeid=i","cat":284628},{"id":263746,"n":"Culottes Tena  Taille XL - x12","p":14.35,"u":"1,20 €/P","img":"https://fd2-photos.leclercdrive.fr/image.ashx?id=2904458&use=l&cat=p&typeid=i","cat":284628},{"id":263869,"n":"Riz pour risotto Taureau Ailé 500g","p":1.8,"u":"3,60 €/KG","img":"https://fd2-photos.leclercdrive.fr/image.ashx?id=2904389&use=l&cat=p&typeid=i","cat":284428},{"id":264357,"n":"Brassé végétal Andros Sur lit de fraise 4x100g","p":2.77,"u":"6,93 €/KG","img":"https://fd2-photos.leclercdrive.fr/image.ashx?id=2906490&use=l&cat=p&typeid=i","cat":316071},{"id":264359,"n":"Brassé végétal Andros Sur lit de marron 4x100g","p":2.85,"u":"7,13 €/KG","img":"https://fd2-photos.leclercdrive.fr/image.ashx?id=2906496&use=l&cat=p&typeid=i","cat":316071},{"id":264373,"n":"P'tit Savane Tornado Brossard Roulés à la fraise - x7 - 175g","p":2.49,"u":"14,23 €/KG","img":"https://fd2-photos.leclercdrive.fr/image.ashx?id=2966089&use=l&cat=p&typeid=i","cat":284495},{"id":264392,"n":"Savane Brossard coeur choco Max de sensation - x6 - 180g","p":2.49,"u":"13,83 €/KG","img":"https://fd2-photos.leclercdrive.fr/image.ashx?id=2906502&use=l&cat=p&typeid=i","cat":284495},{"id":264692,"n":"Croque-Monsieur Maxi Herta jambon fromage x2 - 310g","p":2.52,"u":"8,13 €/KG","img":"https://fd2-photos.leclercdrive.fr/image.ashx?id=2907941&use=l&cat=p&typeid=i","cat":333671},{"id":264694,"n":"Cheetos crispy Balls  90g","p":1.4,"u":"15,56 €/KG","img":"https://fd2-photos.leclercdrive.fr/image.ashx?id=2907962&use=l&cat=p&typeid=i","cat":284449},{"id":264701,"n":"Tenders de poulet Maître Coq Hot spicy 380g","p":6.67,"u":"17,55 €/KG","img":"https://fd2-photos.leclercdrive.fr/image.ashx?id=2907994&use=l&cat=p&typeid=i","cat":333684},{"id":264707,"n":"Cheetos original  135g","p":1.8,"u":"13,33 €/KG","img":"https://fd2-photos.leclercdrive.fr/image.ashx?id=2907956&use=l&cat=p&typeid=i","cat":284449},{"id":264708,"n":"Cheetos original  Fromage - 80g","p":1.4,"u":"17,50 €/KG","img":"https://fd2-photos.leclercdrive.fr/image.ashx?id=2907959&use=l&cat=p&typeid=i","cat":284449},{"id":264729,"n":"Bonbons Têtes Brûlées Yaaah ! Sakura & Mangue Wasabi - 180g","p":1.91,"u":"10,61 €/KG","img":"https://fd2-photos.leclercdrive.fr/image.ashx?id=2907021&use=l&cat=p&typeid=i","cat":304250},{"id":264779,"n":"Coupelles Douceur du Verger 8x100g","p":2.09,"u":"2,61 €/KG","img":"https://fd2-photos.leclercdrive.fr/image.ashx?id=2958350&use=l&cat=p&typeid=i","cat":284508},{"id":264791,"n":"Biscuit au Pop corn P'tit Déli Fourrés chocolat au lait - 150g","p":1.89,"u":"12,60 €/KG","img":"https://fd2-photos.leclercdrive.fr/image.ashx?id=2907303&use=l&cat=p&typeid=i","cat":284488},{"id":264818,"n":"Beurre Nature de Breton Le Moulé Doux - 82% MG - 500g","p":7.06,"u":"14,12 €/KG","img":"https://fd2-photos.leclercdrive.fr/image.ashx?id=2907644&use=l&cat=p&typeid=i","cat":284379},{"id":264822,"n":"Beurre Nature de Breton Le Moulé demi-sel - 80% MG 500g","p":7.11,"u":"14,22 €/KG","img":"https://fd2-photos.leclercdrive.fr/image.ashx?id=2907647&use=l&cat=p&typeid=i","cat":284379},{"id":264903,"n":"La Panée soja Garden Gourmet 207g","p":2.59,"u":"12,51 €/KG","img":"https://fd2-photos.leclercdrive.fr/image.ashx?id=2980155&use=l&cat=p&typeid=i","cat":316036},{"id":264904,"n":"Le Classique soja  Garden Gourmet 173g","p":2.64,"u":"15,26 €/KG","img":"https://fd2-photos.leclercdrive.fr/image.ashx?id=2965319&use=l&cat=p&typeid=i","cat":316036},{"id":264959,"n":"Halloumi AOP Les Croisés 200g","p":2.66,"u":"13,30 €/KG","img":"https://fd2-photos.leclercdrive.fr/image.ashx?id=3009532&use=l&cat=p&typeid=i","cat":314026},{"id":265099,"n":"Jambon supérieur avec couenne  L'Atelier Charcuterie 4T - 220g","p":3.2,"u":"14,55 €/KG","img":"https://fd2-photos.leclercdrive.fr/image.ashx?id=2999048&use=l&cat=p&typeid=i","cat":316009},{"id":265105,"n":"Jambon supérieur  L'Atelier Charcuterie 4T 220g","p":3.5,"u":"15,91 €/KG","img":"https://fd2-photos.leclercdrive.fr/image.ashx?id=2999054&use=l&cat=p&typeid=i","cat":316009},{"id":265127,"n":"Filet de poulet x2 Volailles de Korrigan - 300g","p":4.92,"u":"16,40 €/KG","img":"https://fd2-photos.leclercdrive.fr/image.ashx?id=2909545&use=l&cat=p&typeid=i","cat":284336},{"id":265152,"n":"Fromage apéritif Apéricube Soirée match 48 cubes 250g","p":4.17,"u":"16,68 €/KG","img":"https://fd2-photos.leclercdrive.fr/image.ashx?id=2908915&use=l&cat=p&typeid=i","cat":314027},{"id":265154,"n":"Fromage apéritif Apéricube Challenge 48 cubes 250g","p":4.63,"u":"18,52 €/KG","img":"https://fd2-photos.leclercdrive.fr/image.ashx?id=2908918&use=l&cat=p&typeid=i","cat":314027},{"id":265156,"n":"Fromage apéritif Apéricube Montagne 48 cubes 250g","p":4.17,"u":"16,68 €/KG","img":"https://fd2-photos.leclercdrive.fr/image.ashx?id=2908924&use=l&cat=p&typeid=i","cat":314027},{"id":265463,"n":"Fromage fouetté Madame Loïk Ail & Fines herbes x9 - 150g","p":1.9,"u":"12,67 €/KG","img":"https://fd2-photos.leclercdrive.fr/image.ashx?id=3008509&use=l&cat=p&typeid=i","cat":314029},{"id":265824,"n":"Brassé végétal Andros Pêche au lait de coco 4+2x100g","p":2.75,"u":"4,58 €/KG","img":"https://fd2-photos.leclercdrive.fr/image.ashx?id=2911441&use=l&cat=p&typeid=i","cat":316071},{"id":265838,"n":"Pinsa Croustipate  Comme à la pizzeria - 240g","p":2.29,"u":"9,54 €/KG","img":"https://fd2-photos.leclercdrive.fr/image.ashx?id=2911363&use=l&cat=p&typeid=i","cat":333681},{"id":266105,"n":"Nettoyant lave-vaisselle Finish Protector - 30g","p":3.51,"u":"117,00 €/KG","img":"https://fd2-photos.leclercdrive.fr/image.ashx?id=2914894&use=l&cat=p&typeid=i","cat":284657},{"id":266114,"n":"Lessive liquide Ariel Alpine - x35 - 1.575L","p":9.88,"u":"6,27 €/L","img":"https://fd2-photos.leclercdrive.fr/image.ashx?id=2914822&use=l&cat=p&typeid=i","cat":284640},{"id":266115,"n":"Croques Le Gaulois Végétal fromage fondu x2 - 200g","p":2.95,"u":"14,75 €/KG","img":"https://fd2-photos.leclercdrive.fr/image.ashx?id=2947901&use=l&cat=p&typeid=i","cat":316036},{"id":266118,"n":"Cordon bleu Végétal Le Gaulois 2x100g","p":2.95,"u":"14,75 €/KG","img":"https://fd2-photos.leclercdrive.fr/image.ashx?id=2947907&use=l&cat=p&typeid=i","cat":316036},{"id":266123,"n":"Jambon Sec fines et fondantes Aoste nature 4 tranches - 67g","p":2.44,"u":"36,42 €/KG","img":"https://fd2-photos.leclercdrive.fr/image.ashx?id=2937196&use=l&cat=p&typeid=i","cat":316007},{"id":266124,"n":"Panés Le Gaulois Végétal 200g","p":2.76,"u":"13,80 €/KG","img":"https://fd2-photos.leclercdrive.fr/image.ashx?id=2947904&use=l&cat=p&typeid=i","cat":316036},{"id":266125,"n":"Burger Le Gaulois Végétal x2 - 200g","p":3.04,"u":"15,20 €/KG","img":"https://fd2-photos.leclercdrive.fr/image.ashx?id=2947859&use=l&cat=p&typeid=i","cat":316036},{"id":266147,"n":"Parfum de linge Lenor Parfum d'Ariel - x13 - 155g","p":4.53,"u":"29,23 €/KG","img":"https://fd2-photos.leclercdrive.fr/image.ashx?id=2914159&use=l&cat=p&typeid=i","cat":325302},{"id":266149,"n":"Adoucissant Lenor Fresh Air Fraîcheur matinale 504ml - x36","p":4.53,"u":"8,99 €/L","img":"https://fd2-photos.leclercdrive.fr/image.ashx?id=2914150&use=l&cat=p&typeid=i","cat":284650},{"id":266167,"n":"Fromage enfant Mini Babybel Emmental 6 portions","p":2.97,"u":"0,50 €/P","img":"https://fd2-photos.leclercdrive.fr/image.ashx?id=2911915&use=l&cat=p&typeid=i","cat":314030},{"id":266182,"n":"Adoucissant Lenor Ambre & orchidée - 882ml - x42","p":4.49,"u":"5,09 €/L","img":"https://fd2-photos.leclercdrive.fr/image.ashx?id=2914864&use=l&cat=p&typeid=i","cat":284650},{"id":266231,"n":"Cuisses de poulet Bon plan Douce France - 900g","p":5.25,"u":"5,83 €/KG","img":"https://fd2-photos.leclercdrive.fr/image.ashx?id=2913985&use=l&cat=p&typeid=i","cat":284336},{"id":266232,"n":"Riz risotto Taureau Ailé 1kg","p":3.3,"u":"3,30 €/KG","img":"https://fd2-photos.leclercdrive.fr/image.ashx?id=2914696&use=l&cat=p&typeid=i","cat":284428},{"id":266234,"n":"Pop Corn Micro-ondable Vico Pop caramel - 240g","p":2.2,"u":"9,17 €/KG","img":"https://fd2-photos.leclercdrive.fr/image.ashx?id=2913940&use=l&cat=p&typeid=i","cat":304249},{"id":266236,"n":"Cubes Filet de poulet Bon Plan Douce France - 400g","p":5.6,"u":"14,00 €/KG","img":"https://fd2-photos.leclercdrive.fr/image.ashx?id=2913988&use=l&cat=p&typeid=i","cat":284336},{"id":266238,"n":"Bonbons La Vosgienne  Cassis sans sucres -  49g","p":1.9,"u":"38,78 €/KG","img":"https://fd2-photos.leclercdrive.fr/image.ashx?id=2971900&use=l&cat=p&typeid=i","cat":304252},{"id":266239,"n":"Bonbons La Vosgienne Menthe citron sans sucres - 49g","p":1.83,"u":"37,35 €/KG","img":"https://fd2-photos.leclercdrive.fr/image.ashx?id=2991190&use=l&cat=p&typeid=i","cat":304252},{"id":266242,"n":"Filet de poulet Bon Plan Douce France - 500g","p":6.55,"u":"13,10 €/KG","img":"https://fd2-photos.leclercdrive.fr/image.ashx?id=2914561&use=l&cat=p&typeid=i","cat":284336},{"id":266244,"n":"Bonbons La Vosgienne Menthol Eucalyptus - 46g","p":1.9,"u":"41,30 €/KG","img":"https://fd2-photos.leclercdrive.fr/image.ashx?id=2979054&use=l&cat=p&typeid=i","cat":304252},{"id":266448,"n":"Lessive capsules Ariel Pods Original - 346g - x19","p":9.31,"u":"26,91 €/KG","img":"https://fd2-photos.leclercdrive.fr/image.ashx?id=2914855&use=l&cat=p&typeid=i","cat":284641},{"id":266467,"n":"Diffuseur électrique Airwick Fleur de coton - 19ml","p":10.03,"u":"527,89 €/L","img":"https://fd2-photos.leclercdrive.fr/image.ashx?id=2914618&use=l&cat=p&typeid=i","cat":311629},{"id":266706,"n":"Pain de mie La Boulangère Complet & graines - 500g","p":1.57,"u":"3,14 €/KG","img":"https://fd2-photos.leclercdrive.fr/image.ashx?id=2926693&use=l&cat=p&typeid=i","cat":284477},{"id":267208,"n":"Emincés rôtis Le Gaulois  Végétal 150g","p":2.45,"u":"16,33 €/KG","img":"https://fd2-photos.leclercdrive.fr/image.ashx?id=2916860&use=l&cat=p&typeid=i","cat":316036},{"id":267211,"n":"Crousti  Le Gaulois Végétal Tomate fromage - 180g","p":2.79,"u":"15,50 €/KG","img":"https://fd2-photos.leclercdrive.fr/image.ashx?id=2947910&use=l&cat=p&typeid=i","cat":316036},{"id":267212,"n":"Samoussas  Le Gaulois Végétal Légumes curry - 200g","p":3.75,"u":"18,75 €/KG","img":"https://fd2-photos.leclercdrive.fr/image.ashx?id=2921301&use=l&cat=p&typeid=i","cat":316036},{"id":267328,"n":"Nettoyant désinfectant Clair 1.5L","p":1.85,"u":"1,23 €/L","img":"https://fd2-photos.leclercdrive.fr/image.ashx?id=2916593&use=l&cat=p&typeid=i","cat":325357},{"id":267336,"n":"Adoucissant Cajoline Doux & Pur L'original - 1.386L x66","p":4.13,"u":"2,98 €/L","img":"https://fd2-photos.leclercdrive.fr/image.ashx?id=2917118&use=l&cat=p&typeid=i","cat":284650},{"id":267371,"n":"Adoucissant Cajoline Créations Fleur de la passion 1.386L x66","p":4.13,"u":"2,98 €/L","img":"https://fd2-photos.leclercdrive.fr/image.ashx?id=2918107&use=l&cat=p&typeid=i","cat":284650},{"id":267541,"n":"Skyr Yoplait  Pêche - 450g","p":2.34,"u":"5,20 €/KG","img":"https://fd2-photos.leclercdrive.fr/image.ashx?id=2917795&use=l&cat=p&typeid=i","cat":315000},{"id":267542,"n":"Skyr Yoplait  Fraise - 4x100g","p":1.97,"u":"4,93 €/KG","img":"https://fd2-photos.leclercdrive.fr/image.ashx?id=2917792&use=l&cat=p&typeid=i","cat":315000},{"id":267990,"n":"Jus de poire Innocent 750ml","p":2.67,"u":"3,56 €/L","img":"https://fd2-photos.leclercdrive.fr/image.ashx?id=2925882&use=l&cat=p&typeid=i","cat":284354},{"id":268005,"n":"Jambon cru Serrano Aoste  4 tranches - 67g","p":2.39,"u":"35,67 €/KG","img":"https://fd2-photos.leclercdrive.fr/image.ashx?id=2939844&use=l&cat=p&typeid=i","cat":316007},{"id":268010,"n":"Skyr Délisse Vanille 4x100g","p":1.89,"u":"4,73 €/KG","img":"https://fd2-photos.leclercdrive.fr/image.ashx?id=2992606&use=l&cat=p&typeid=i","cat":315000},{"id":268056,"n":"Jus multifruits Innocent Orange mangue 900ml","p":2.42,"u":"2,69 €/L","img":"https://fd2-photos.leclercdrive.fr/image.ashx?id=2919892&use=l&cat=p&typeid=i","cat":284354},{"id":268057,"n":"Couches Pampers Premium Protection Taille 2 - x54","p":14.98,"u":"0,28 €/P","img":"https://fd2-photos.leclercdrive.fr/image.ashx?id=2957392&use=l&cat=p&typeid=i","cat":284737},{"id":268189,"n":"Couches Pampers Premium Protection Taille 3 x46","p":14.98,"u":"0,33 €/P","img":"https://fd2-photos.leclercdrive.fr/image.ashx?id=2991009&use=l&cat=p&typeid=i","cat":284737},{"id":268231,"n":"Penne Rigate Barilla  Protein + - 400g","p":2.15,"u":"5,38 €/KG","img":"https://fd2-photos.leclercdrive.fr/image.ashx?id=2919928&use=l&cat=p&typeid=i","cat":284427},{"id":268347,"n":"Pétales snacks Tokapi Goût crème oignon - 75g","p":0.89,"u":"11,87 €/KG","img":"https://fd2-photos.leclercdrive.fr/image.ashx?id=2920241&use=l&cat=p&typeid=i","cat":284449},{"id":269137,"n":"Roquefort AOP Société douceur 100g","p":2.47,"u":"24,70 €/KG","img":"https://fd2-photos.leclercdrive.fr/image.ashx?id=2922539&use=l&cat=p&typeid=i","cat":314032},{"id":269146,"n":"Bâtonnet Côte d'Or vanille Chocolat noir Amandes x4 260g","p":4.8,"u":"18,46 €/KG","img":"https://fd2-photos.leclercdrive.fr/image.ashx?id=2923864&use=l&cat=p&typeid=i","cat":284265},{"id":269147,"n":"Bâtonnet Côte d'Or vanille Sauce caramel x4 - 276g","p":4.8,"u":"17,39 €/KG","img":"https://fd2-photos.leclercdrive.fr/image.ashx?id=2923867&use=l&cat=p&typeid=i","cat":284265},{"id":269166,"n":"Lessive liquide Persil  Bouquet de Provence - 2,565L","p":10.12,"u":"3,95 €/L","img":"https://fd2-photos.leclercdrive.fr/image.ashx?id=2924980&use=l&cat=p&typeid=i","cat":284640},{"id":269197,"n":"Lessive liquide Persil  Douceur d'amande - 1.806","p":7.69,"u":"4,26 €/L","img":"https://fd2-photos.leclercdrive.fr/image.ashx?id=2944491&use=l&cat=p&typeid=i","cat":284640},{"id":269504,"n":"Fromage Leerdammer Croque Gourmand 8 tranches - 200g","p":1.96,"u":"9,80 €/KG","img":"https://fd2-photos.leclercdrive.fr/image.ashx?id=3004858&use=l&cat=p&typeid=i","cat":314028},{"id":269505,"n":"Halloumi AOP Salakis 200g","p":4.53,"u":"22,65 €/KG","img":"https://fd2-photos.leclercdrive.fr/image.ashx?id=2924626&use=l&cat=p&typeid=i","cat":314026},{"id":269549,"n":"Dessert minute Tiramisu Galbani 375g","p":4.52,"u":"12,05 €/KG","img":"https://fd2-photos.leclercdrive.fr/image.ashx?id=2927681&use=l&cat=p&typeid=i","cat":314026},{"id":269912,"n":"P'tit gourmand Nestlé  Vanille - 4x100g","p":1.6,"u":"4,00 €/KG","img":"https://fd2-photos.leclercdrive.fr/image.ashx?id=2946278&use=l&cat=p&typeid=i","cat":312392},{"id":270173,"n":"Bâtonnets Nuii Pistache d'Anatolie crème x4 284g","p":4.7,"u":"16,55 €/KG","img":"https://fd2-photos.leclercdrive.fr/image.ashx?id=2927630&use=l&cat=p&typeid=i","cat":284265},{"id":270212,"n":"Bâtonnets Nuii chocolat noir Noix du Brésil x4 276g","p":5.06,"u":"18,33 €/KG","img":"https://fd2-photos.leclercdrive.fr/image.ashx?id=3000396&use=l&cat=p&typeid=i","cat":284265},{"id":270237,"n":"Crêpes framboise Whaou! Fruity - x6 180g","p":1.59,"u":"8,83 €/KG","img":"https://fd2-photos.leclercdrive.fr/image.ashx?id=2928741&use=l&cat=p&typeid=i","cat":284494},{"id":270238,"n":"Filets  maquereaux Petit Navire Moutarde - 338g","p":4.39,"u":"12,99 €/KG","img":"https://fd2-photos.leclercdrive.fr/image.ashx?id=2928369&use=l&cat=p&typeid=i","cat":303868},{"id":270473,"n":"Dessert lacté Nestlé Biscuit dès 6mois - 4x100g","p":1.6,"u":"4,00 €/KG","img":"https://fd2-photos.leclercdrive.fr/image.ashx?id=2934914&use=l&cat=p&typeid=i","cat":312392},{"id":270893,"n":"Cônes artisanaux L'Angélys plein fruits - 4x75g","p":5.7,"u":"19,00 €/KG","img":"https://fd2-photos.leclercdrive.fr/image.ashx?id=2937592&use=l&cat=p&typeid=i","cat":284264},{"id":271047,"n":"Pinsa Harry's 230g","p":2.81,"u":"12,22 €/KG","img":"https://fd2-photos.leclercdrive.fr/image.ashx?id=2936377&use=l&cat=p&typeid=i","cat":284359},{"id":271154,"n":"Effilochés de porc français Bordeau Chesnel - 200g","p":3.14,"u":"15,70 €/KG","img":"https://fd2-photos.leclercdrive.fr/image.ashx?id=2935696&use=l&cat=p&typeid=i","cat":316008},{"id":271540,"n":"Croquette beauf Purina One 7,5kg","p":30.87,"u":"4,12 €/KG","img":"https://fd2-photos.leclercdrive.fr/image.ashx?id=2938241&use=l&cat=p&typeid=i","cat":284680},{"id":272863,"n":"Pop billes Leerdammer x12 45g","p":2.04,"u":"45,33 €/KG","img":"https://fd2-photos.leclercdrive.fr/image.ashx?id=2964261&use=l&cat=p&typeid=i","cat":314027},{"id":273455,"n":"Recharges Touch & Fresh Glade Marine 2+1 30ml","p":6.25,"u":"208,33 €/L","img":"https://fd2-photos.leclercdrive.fr/image.ashx?id=2964538&use=l&cat=p&typeid=i","cat":311628},{"id":273456,"n":"Recharges Touch & Fresh Muguet 2+1 - 30ml","p":6.25,"u":"208,33 €/L","img":"https://fd2-photos.leclercdrive.fr/image.ashx?id=2963859&use=l&cat=p&typeid=i","cat":311628},{"id":273473,"n":"Crème dessert Danette Speculoos - 4+2 125g","p":1.86,"u":"2,48 €/KG","img":"https://fd2-photos.leclercdrive.fr/image.ashx?id=2958059&use=l&cat=p&typeid=i","cat":285041},{"id":274530,"n":"Capsules lave-vaisselle Finish Ultimate - Citron - 735g x57","p":11.88,"pp":7.13,"u":"9,70 €/KG","img":"https://fd2-photos.leclercdrive.fr/image.ashx?id=2945649&use=l&cat=p&typeid=i","cat":284656},{"id":274967,"n":"Chips Monster Crazy Cheddar oignon - 150g","p":1.9,"u":"12,67 €/KG","img":"https://fd2-photos.leclercdrive.fr/image.ashx?id=2946559&use=l&cat=p&typeid=i","cat":284447},{"id":275019,"n":"Pain Pinsa La Boulangère 230g","p":2.44,"u":"10,61 €/KG","img":"https://fd2-photos.leclercdrive.fr/image.ashx?id=2946607&use=l&cat=p&typeid=i","cat":284359},{"id":275203,"n":"Dessert lacté Ptit gourmand  Caramel - 4x10gg","p":1.6,"u":"4,00 €/KG","img":"https://fd2-photos.leclercdrive.fr/image.ashx?id=2978191&use=l&cat=p&typeid=i","cat":312392},{"id":275204,"n":"Semoule au lait P'tit gourmand 4x100g","p":1.6,"u":"4,00 €/KG","img":"https://fd2-photos.leclercdrive.fr/image.ashx?id=2978194&use=l&cat=p&typeid=i","cat":312392},{"id":275205,"n":"Dessert lacté P'tit Gourmand 4x100g","p":1.6,"u":"4,00 €/KG","img":"https://fd2-photos.leclercdrive.fr/image.ashx?id=2978197&use=l&cat=p&typeid=i","cat":312392},{"id":275224,"n":"Barre de céréales Lion 8x25g","p":2.95,"u":"14,75 €/KG","img":"https://fd2-photos.leclercdrive.fr/image.ashx?id=2947195&use=l&cat=p&typeid=i","cat":285869},{"id":275398,"n":"Saucisse Knacki Herta Sel réduit - x6 - 210g","p":2.65,"u":"12,62 €/KG","img":"https://fd2-photos.leclercdrive.fr/image.ashx?id=2948824&use=l&cat=p&typeid=i","cat":316012},{"id":275401,"n":"Knacki Gourmande Herta  100% pur porc x4 - 280g","p":2.44,"u":"8,71 €/KG","img":"https://fd2-photos.leclercdrive.fr/image.ashx?id=2948827&use=l&cat=p&typeid=i","cat":316012},{"id":275816,"n":"Mini Caprice des Dieux Filet 6x50g","p":5.1,"u":"17,00 €/KG","img":"https://fd2-photos.leclercdrive.fr/image.ashx?id=2949916&use=l&cat=p&typeid=i","cat":314033},{"id":276183,"n":"Calendrier de l'avent   Mon Cheri - 252g","p":12.6,"u":"50,00 €/KG","img":"https://fd2-photos.leclercdrive.fr/image.ashx?id=2952118&use=l&cat=p&typeid=i","cat":336112},{"id":276185,"n":"Ferrero Collection Calendrier 259g","p":15.3,"u":"59,07 €/KG","img":"https://fd2-photos.leclercdrive.fr/image.ashx?id=2952055&use=l&cat=p&typeid=i","cat":336112},{"id":276186,"n":"Ferrero Collection Assortiment cube lumières de fête - 185g","p":11.62,"u":"62,81 €/KG","img":"https://fd2-photos.leclercdrive.fr/image.ashx?id=2952121&use=l&cat=p&typeid=i","cat":327595},{"id":276188,"n":"Ferrero Collection Assortiment Promenade en ville - 197g","p":10.4,"u":"52,79 €/KG","img":"https://fd2-photos.leclercdrive.fr/image.ashx?id=2952058&use=l&cat=p&typeid=i","cat":327595},{"id":276189,"n":"Chocolats Ferrero Prestige  256g","p":12.23,"u":"47,77 €/KG","img":"https://fd2-photos.leclercdrive.fr/image.ashx?id=2952112&use=l&cat=p&typeid=i","cat":327595},{"id":276190,"n":"Chocolats Ferrero Prestige  319g","p":11.55,"u":"36,21 €/KG","img":"https://fd2-photos.leclercdrive.fr/image.ashx?id=2961287&use=l&cat=p&typeid=i","cat":284499},{"id":276194,"n":"Calendrier Kinder Memory  316g","p":16.65,"u":"52,69 €/KG","img":"https://fd2-photos.leclercdrive.fr/image.ashx?id=2952076&use=l&cat=p&typeid=i","cat":336112},{"id":276200,"n":"Kinder moulage  Père Noël - 85g","p":3.75,"u":"44,12 €/KG","img":"https://fd2-photos.leclercdrive.fr/image.ashx?id=2952070&use=l&cat=p&typeid=i","cat":327592},{"id":276202,"n":"Kinder mini friends  Lait - 122g","p":4.3,"u":"35,25 €/KG","img":"https://fd2-photos.leclercdrive.fr/image.ashx?id=2952049&use=l&cat=p&typeid=i","cat":327592},{"id":276203,"n":"Kinder mini friends  Eclats de biscuits cacao - 122g","p":4.3,"u":"35,25 €/KG","img":"https://fd2-photos.leclercdrive.fr/image.ashx?id=2969890&use=l&cat=p&typeid=i","cat":327592},{"id":276205,"n":"Kinder mini eggs  Noisettes - 182g","p":4.9,"u":"26,92 €/KG","img":"https://fd2-photos.leclercdrive.fr/image.ashx?id=2952085&use=l&cat=p&typeid=i","cat":327592},{"id":276206,"n":"Kinder mini eggs  Lait - 182g","p":4.08,"u":"22,42 €/KG","img":"https://fd2-photos.leclercdrive.fr/image.ashx?id=2953980&use=l&cat=p&typeid=i","cat":327592},{"id":276207,"n":"Kinder Bueno et mini eggs 193g","p":6.9,"u":"35,75 €/KG","img":"https://fd2-photos.leclercdrive.fr/image.ashx?id=2952109&use=l&cat=p&typeid=i","cat":327592},{"id":276208,"n":"Kinder Balls  Eclats de Noisettes - 164g","p":6.25,"u":"38,11 €/KG","img":"https://fd2-photos.leclercdrive.fr/image.ashx?id=2952088&use=l&cat=p&typeid=i","cat":327592},{"id":276209,"n":"Kinder Balls  Eclats de Bsicuits cacao - 164g","p":5.69,"u":"34,70 €/KG","img":"https://fd2-photos.leclercdrive.fr/image.ashx?id=2952091&use=l&cat=p&typeid=i","cat":327592},{"id":276210,"n":"Kinder Schokobons  200g","p":4.4,"u":"22,00 €/KG","img":"https://fd2-photos.leclercdrive.fr/image.ashx?id=2952911&use=l&cat=p&typeid=i","cat":327592},{"id":276211,"n":"Kinder Schokobons  350g","p":5.69,"u":"16,26 €/KG","img":"https://fd2-photos.leclercdrive.fr/image.ashx?id=2952103&use=l&cat=p&typeid=i","cat":327592},{"id":276212,"n":"Kinder happy moments  Ballotin - 184g","p":5.9,"u":"32,07 €/KG","img":"https://fd2-photos.leclercdrive.fr/image.ashx?id=2952046&use=l&cat=p&typeid=i","cat":327592},{"id":276214,"n":"Nutella Chausette  209g","p":9.5,"u":"45,45 €/KG","img":"https://fd2-photos.leclercdrive.fr/image.ashx?id=2952100&use=l&cat=p&typeid=i","cat":327592},{"id":276218,"n":"Papillotes Equador chocolat  au lait fourrage praliné - 350g","p":7.59,"u":"21,69 €/KG","img":"https://fd2-photos.leclercdrive.fr/image.ashx?id=2951155&use=l&cat=p&typeid=i","cat":327597},{"id":276219,"n":"Papillotes Equador chocolat  Noir - 350g","p":7.59,"u":"21,69 €/KG","img":"https://fd2-photos.leclercdrive.fr/image.ashx?id=2951158&use=l&cat=p&typeid=i","cat":327597},{"id":276220,"n":"Papillotes Equador chocolat  Blanc et au lait - 350g","p":7.59,"u":"21,69 €/KG","img":"https://fd2-photos.leclercdrive.fr/image.ashx?id=2951161&use=l&cat=p&typeid=i","cat":327597},{"id":276258,"n":"Jambon Le Bon Paris Herta Sel réduit sans nitrite 8T - 280g","p":4.62,"u":"16,50 €/KG","img":"https://fd2-photos.leclercdrive.fr/image.ashx?id=2951764&use=l&cat=p&typeid=i","cat":316009},{"id":276269,"n":"Fromage cremeux Coeur de Lion 8 tranches 150g","p":2.39,"u":"15,93 €/KG","img":"https://fd2-photos.leclercdrive.fr/image.ashx?id=2952493&use=l&cat=p&typeid=i","cat":314028},{"id":276344,"n":"Fruits de mer The Belgian Vanille - 195g","p":5.79,"u":"29,69 €/KG","img":"https://fd2-photos.leclercdrive.fr/image.ashx?id=2952848&use=l&cat=p&typeid=i","cat":284499},{"id":276347,"n":"Truffes The Belgian Pépites chocolat- 200g","p":3.95,"u":"19,75 €/KG","img":"https://fd2-photos.leclercdrive.fr/image.ashx?id=2952833&use=l&cat=p&typeid=i","cat":327600},{"id":276348,"n":"Truffes Café The Belgian Café - 200g","p":3.95,"u":"19,75 €/KG","img":"https://fd2-photos.leclercdrive.fr/image.ashx?id=2952851&use=l&cat=p&typeid=i","cat":327600},{"id":276352,"n":"Coeur en chocolat  The Belgian - 65g","p":2.81,"u":"43,23 €/KG","img":"https://fd2-photos.leclercdrive.fr/image.ashx?id=2983477&use=l&cat=p&typeid=i","cat":284499},{"id":276360,"n":"Coffret Pralines Hamlet 200g","p":6.89,"pp":4.55,"u":"22,75 €/KG","img":"https://fd2-photos.leclercdrive.fr/image.ashx?id=2953112&use=l&cat=p&typeid=i","cat":284958},{"id":276370,"n":"Nougat amande noix pécan et  épices Chabert & Guillot - 300g","p":11.95,"pp":7.89,"u":"26,30 €/KG","img":"https://fd2-photos.leclercdrive.fr/image.ashx?id=2952511&use=l&cat=p&typeid=i","cat":327605},{"id":276377,"n":"Père noël sous alu Rohan Moulage -100g","p":2.5,"u":"25,00 €/KG","img":"https://fd2-photos.leclercdrive.fr/image.ashx?id=2952631&use=l&cat=p&typeid=i","cat":327592},{"id":276382,"n":"Boules fourrées Fizzy Chocolat au lait - 50g","p":11.38,"u":"227,60 €/KG","img":"https://fd2-photos.leclercdrive.fr/image.ashx?id=2952670&use=l&cat=p&typeid=i","cat":327592},{"id":276388,"n":"Chocolats NOVI gianduiotti  400g","p":14.14,"u":"35,35 €/KG","img":"https://fd2-photos.leclercdrive.fr/image.ashx?id=2953395&use=l&cat=p&typeid=i","cat":327595},{"id":276389,"n":"Chocolats NOVI gianduiotti  245g","p":14.91,"u":"60,86 €/KG","img":"https://fd2-photos.leclercdrive.fr/image.ashx?id=2952977&use=l&cat=p&typeid=i","cat":284499},{"id":276402,"n":"Sachet déco sapin Riegelein moulage chocolat lait -150g","p":4.42,"u":"29,47 €/KG","img":"https://fd2-photos.leclercdrive.fr/image.ashx?id=2952766&use=l&cat=p&typeid=i","cat":327592},{"id":276408,"n":"Père Noël  Chocolat lait - 85g","p":7.18,"u":"84,47 €/KG","img":"https://fd2-photos.leclercdrive.fr/image.ashx?id=2952827&use=l&cat=p&typeid=i","cat":327592},{"id":276415,"n":"Calendrier Qui est-ce ? Pat patrouille - 100g","p":8.0,"u":"80,00 €/KG","img":"https://fd2-photos.leclercdrive.fr/image.ashx?id=2964141&use=l&cat=p&typeid=i","cat":327590},{"id":276421,"n":"Calendrier de l'avent Chocobisc Gabby's Dollhouse - 99g","p":7.24,"u":"73,13 €/KG","img":"https://fd2-photos.leclercdrive.fr/image.ashx?id=2980740&use=l&cat=p&typeid=i","cat":327590},{"id":276429,"n":"Coffret chocolats Anthon Berg à la liqueur - x14 - 219g","p":10.46,"u":"47,76 €/KG","img":"https://fd2-photos.leclercdrive.fr/image.ashx?id=2980728&use=l&cat=p&typeid=i","cat":327601},{"id":276430,"n":"Coffret chocolats Anthon Berg liqueur cocktail - x14 - 219g","p":10.46,"u":"47,76 €/KG","img":"https://fd2-photos.leclercdrive.fr/image.ashx?id=2980731&use=l&cat=p&typeid=i","cat":327601},{"id":276433,"n":"Barre Toblerone  chocolat blanc - 340g","p":9.34,"u":"27,47 €/KG","img":"https://fd2-photos.leclercdrive.fr/image.ashx?id=2969887&use=l&cat=p&typeid=i","cat":327595},{"id":276436,"n":"Coffret chocolats Révillon Noir, Lait Blanc Alcool - 231g","p":12.1,"u":"52,38 €/KG","img":"https://fd2-photos.leclercdrive.fr/image.ashx?id=2980692&use=l&cat=p&typeid=i","cat":327595},{"id":276437,"n":"Coffret chocolats Révillon Noir 70% - 232g","p":12.1,"u":"52,16 €/KG","img":"https://fd2-photos.leclercdrive.fr/image.ashx?id=2980701&use=l&cat=p&typeid=i","cat":327595},{"id":276438,"n":"Coffret chocolats Révillon Lait - 230g","p":12.1,"u":"52,61 €/KG","img":"https://fd2-photos.leclercdrive.fr/image.ashx?id=2980695&use=l&cat=p&typeid=i","cat":284499},{"id":276439,"n":"Coffret chocolats Révillon Noir Lait Blanc - 233g","p":12.1,"u":"51,93 €/KG","img":"https://fd2-photos.leclercdrive.fr/image.ashx?id=2980698&use=l&cat=p&typeid=i","cat":284499},{"id":276442,"n":"Calendrier masque Miraculous 75g","p":4.26,"u":"56,80 €/KG","img":"https://fd2-photos.leclercdrive.fr/image.ashx?id=2953073&use=l&cat=p&typeid=i","cat":327590},{"id":276444,"n":"Terrys ball chocolat  Lait - 145g","p":4.45,"u":"30,69 €/KG","img":"https://fd2-photos.leclercdrive.fr/image.ashx?id=2952712&use=l&cat=p&typeid=i","cat":327592},{"id":276448,"n":"Lanvin Escargots Ballotin  Lait -164g","p":8.45,"u":"51,52 €/KG","img":"https://fd2-photos.leclercdrive.fr/image.ashx?id=2987014&use=l&cat=p&typeid=i","cat":327595},{"id":276449,"n":"Lanvin Escargots Ballotin  Noir - 164g","p":8.45,"u":"51,52 €/KG","img":"https://fd2-photos.leclercdrive.fr/image.ashx?id=2987017&use=l&cat=p&typeid=i","cat":327595},{"id":276450,"n":"Lanvin Escargots Ballotin  Blanc -164g","p":8.45,"u":"51,52 €/KG","img":"https://fd2-photos.leclercdrive.fr/image.ashx?id=2953016&use=l&cat=p&typeid=i","cat":327595},{"id":276452,"n":"Lanvin Escargots Ballotin  Lait amandes -164g","p":8.45,"u":"51,52 €/KG","img":"https://fd2-photos.leclercdrive.fr/image.ashx?id=2987008&use=l&cat=p&typeid=i","cat":327595},{"id":276453,"n":"Lanvin Escargots Ballotin  Noir café -164 g","p":8.45,"u":"51,52 €/KG","img":"https://fd2-photos.leclercdrive.fr/image.ashx?id=2965322&use=l&cat=p&typeid=i","cat":327595},{"id":276454,"n":"Les Recettes de l'Atelier   Assortiment Lait - 191g","p":9.16,"u":"47,96 €/KG","img":"https://fd2-photos.leclercdrive.fr/image.ashx?id=2964168&use=l&cat=p&typeid=i","cat":327595},{"id":276455,"n":"Les Recettes de l'Atelier   Assortiment Hiver - 190g","p":9.21,"u":"48,47 €/KG","img":"https://fd2-photos.leclercdrive.fr/image.ashx?id=2953989&use=l&cat=p&typeid=i","cat":327595},{"id":276456,"n":"Les Recettes de l'Atelier   Assortiment Lait - 410g","p":14.75,"pp":11.06,"u":"26,98 €/KG","img":"https://fd2-photos.leclercdrive.fr/image.ashx?id=2964165&use=l&cat=p&typeid=i","cat":327595},{"id":276458,"n":"Les Recettes de l'Atelier   Assortiment Hiver - 408g","p":14.75,"pp":11.06,"u":"27,11 €/KG","img":"https://fd2-photos.leclercdrive.fr/image.ashx?id=2953986&use=l&cat=p&typeid=i","cat":327595},{"id":276459,"n":"Chocolat Nestlé  Lait et noir - 198g","p":8.54,"u":"43,13 €/KG","img":"https://fd2-photos.leclercdrive.fr/image.ashx?id=2952998&use=l&cat=p&typeid=i","cat":327595},{"id":276462,"n":"Nestlé dessert truffes Noir - 250g","p":8.24,"u":"32,96 €/KG","img":"https://fd2-photos.leclercdrive.fr/image.ashx?id=2953040&use=l&cat=p&typeid=i","cat":327600},{"id":276466,"n":"Les Recettes de l'Atelier Bouchées duo praliné - 266g","p":10.03,"u":"37,71 €/KG","img":"https://fd2-photos.leclercdrive.fr/image.ashx?id=2953052&use=l&cat=p&typeid=i","cat":284499},{"id":276485,"n":"Chocolats Ferrero Rocher  525g","p":17.9,"u":"34,10 €/KG","img":"https://fd2-photos.leclercdrive.fr/image.ashx?id=2952962&use=l&cat=p&typeid=i","cat":327600},{"id":276487,"n":"Chocolats Ferrero Rocher  Golden star mix - 115g","p":5.69,"u":"49,48 €/KG","img":"https://fd2-photos.leclercdrive.fr/image.ashx?id=2964042&use=l&cat=p&typeid=i","cat":327600},{"id":276488,"n":"Calendrier de l'avent   Ferrero Rocher - 258g","p":16.25,"u":"62,98 €/KG","img":"https://fd2-photos.leclercdrive.fr/image.ashx?id=2969893&use=l&cat=p&typeid=i","cat":336112},{"id":276564,"n":"Mousse au chocolat coco Végé 100% végétal 4x55g","p":2.33,"u":"10,59 €/KG","img":"https://fd2-photos.leclercdrive.fr/image.ashx?id=2988942&use=l&cat=p&typeid=i","cat":316071},{"id":276565,"n":"Dessert de fruits pomme  Douceur du Verger 4x100g","p":0.99,"u":"2,48 €/KG","img":"https://fd2-photos.leclercdrive.fr/image.ashx?id=2961707&use=l&cat=p&typeid=i","cat":284416},{"id":276581,"n":"Café froid Macchiato Plantation Saveur caramel 250ml","p":1.09,"u":"4,36 €/L","img":"https://fd2-photos.leclercdrive.fr/image.ashx?id=2952409&use=l&cat=p&typeid=i","cat":295246},{"id":276582,"n":"Café froid Cappuccino Plantation 250ml","p":1.09,"u":"4,36 €/L","img":"https://fd2-photos.leclercdrive.fr/image.ashx?id=2952430&use=l&cat=p&typeid=i","cat":295246},{"id":276583,"n":"Café froid Latte Plantation 250ml","p":1.09,"u":"4,36 €/L","img":"https://fd2-photos.leclercdrive.fr/image.ashx?id=2952433&use=l&cat=p&typeid=i","cat":295246},{"id":276584,"n":"Yaourt à la Grecque Délisse Nature sucré 4x150g","p":1.69,"u":"2,82 €/KG","img":"https://fd2-photos.leclercdrive.fr/image.ashx?id=2952436&use=l&cat=p&typeid=i","cat":314999},{"id":277153,"n":"Skyr végétal Protéiné Alpro Nature - 400g","p":2.91,"u":"7,28 €/KG","img":"https://fd2-photos.leclercdrive.fr/image.ashx?id=2976092&use=l&cat=p&typeid=i","cat":316071},{"id":277160,"n":"Bâtonnets Milka butter cookie x4 - 264g","p":4.75,"u":"17,99 €/KG","img":"https://fd2-photos.leclercdrive.fr/image.ashx?id=2963952&use=l&cat=p&typeid=i","cat":284265},{"id":277360,"n":"Smoky Cheese Donuts Pickers by McCain donuts fromage - 230g","p":3.69,"u":"16,04 €/KG","img":"https://fd2-photos.leclercdrive.fr/image.ashx?id=2955522&use=l&cat=p&typeid=i","cat":319774},{"id":277494,"n":"Yaourt protéiné Hipro Myrtille 4x120g","p":3.57,"u":"7,44 €/KG","img":"https://fd2-photos.leclercdrive.fr/image.ashx?id=2965951&use=l&cat=p&typeid=i","cat":315000},{"id":277501,"n":"Parmentier de canard confit Marie à la sarladaise - 300g","p":4.94,"u":"16,47 €/KG","img":"https://fd2-photos.leclercdrive.fr/image.ashx?id=2956325&use=l&cat=p&typeid=i","cat":333665},{"id":277595,"n":"Gel douche Ushuaïa Agrumes verts - 280ml","p":2.62,"u":"9,36 €/L","img":"https://fd2-photos.leclercdrive.fr/image.ashx?id=2974399&use=l&cat=p&typeid=i","cat":284594},{"id":277847,"n":"Camembert Pops creamy Pickers Pickers by McCain - 230g","p":3.57,"u":"15,52 €/KG","img":"https://fd2-photos.leclercdrive.fr/image.ashx?id=2988731&use=l&cat=p&typeid=i","cat":319774},{"id":278280,"n":"Cheese Burger Charal Ketchup mayo 115g","p":2.37,"u":"20,61 €/KG","img":"https://fd2-photos.leclercdrive.fr/image.ashx?id=2959919&use=l&cat=p&typeid=i","cat":333671},{"id":278725,"n":"Saucisses knacki Herta Sel réduit x4 - 140g","p":1.64,"u":"11,71 €/KG","img":"https://fd2-photos.leclercdrive.fr/image.ashx?id=2965016&use=l&cat=p&typeid=i","cat":316012},{"id":278726,"n":"Saucisses charcutières Herta L'Originale x4 - 280g","p":3.29,"u":"11,75 €/KG","img":"https://fd2-photos.leclercdrive.fr/image.ashx?id=2965010&use=l&cat=p&typeid=i","cat":316012},{"id":278728,"n":"Saucisses charcutières Herta La Provençale x4 - 280g","p":3.29,"u":"11,75 €/KG","img":"https://fd2-photos.leclercdrive.fr/image.ashx?id=2965007&use=l&cat=p&typeid=i","cat":316012},{"id":278729,"n":"Croque-Monsieur Herta Maxi Mozzarella x2 - 310g","p":2.59,"u":"8,35 €/KG","img":"https://fd2-photos.leclercdrive.fr/image.ashx?id=2965013&use=l&cat=p&typeid=i","cat":333671},{"id":278874,"n":"Crème glacé Haagen-Dazs Cookie Dough Chip Extra - 650ml","p":6.59,"u":"10,14 €/L","img":"https://fd2-photos.leclercdrive.fr/image.ashx?id=2966038&use=l&cat=p&typeid=i","cat":284725},{"id":278955,"n":"Petits gratins Tipiak aux  fruits de mer x2 - 250g","p":4.25,"u":"17,00 €/KG","img":"https://fd2-photos.leclercdrive.fr/image.ashx?id=2967148&use=l&cat=p&typeid=i","cat":284254},{"id":278976,"n":"Crème épaisse St Hubert 15%MG 450g","p":2.0,"pp":1.4,"u":"3,11 €/KG","img":"https://fd2-photos.leclercdrive.fr/image.ashx?id=2967169&use=l&cat=p&typeid=i","cat":284381},{"id":278978,"n":"Crème épaisse St Hubert 30%MG 450g","p":2.01,"pp":1.41,"u":"3,13 €/KG","img":"https://fd2-photos.leclercdrive.fr/image.ashx?id=2967172&use=l&cat=p&typeid=i","cat":284381},{"id":278981,"n":"Fromage Fol Epi  Riche en protéines 6tr - 130g","p":2.23,"u":"0,17 €/MT","img":"https://fd2-photos.leclercdrive.fr/image.ashx?id=2975152&use=l&cat=p&typeid=i","cat":314028},{"id":279238,"n":"Cubes McCain Airfryer 600g","p":2.96,"u":"4,93 €/KG","img":"https://fd2-photos.leclercdrive.fr/image.ashx?id=2988734&use=l&cat=p&typeid=i","cat":319792},{"id":280035,"n":"Nettoyant gel La Croix Multi-usage Citron - 750ml","p":1.69,"u":"2,25 €/L","img":"https://fd2-photos.leclercdrive.fr/image.ashx?id=2971455&use=l&cat=p&typeid=i","cat":325357},{"id":280089,"n":"Crème dessert Danette Saveur Snickers - 4x90g","p":2.51,"u":"6,97 €/KG","img":"https://fd2-photos.leclercdrive.fr/image.ashx?id=2971918&use=l&cat=p&typeid=i","cat":285041},{"id":280159,"n":"Crevettes décortiquées ASC  Delpierre Ail et Persil 180g","p":4.4,"u":"24,44 €/KG","img":"https://fd2-photos.leclercdrive.fr/image.ashx?id=2971978&use=l&cat=p&typeid=i","cat":284343},{"id":280161,"n":"Crevettes décortiquées MSC  Delpierre provençale 4x180g","p":4.4,"u":"24,44 €/KG","img":"https://fd2-photos.leclercdrive.fr/image.ashx?id=2971981&use=l&cat=p&typeid=i","cat":327284},{"id":280163,"n":"Crevettes décortiquées ASC  Delpierre beurre truffé 4x180g","p":4.4,"u":"24,44 €/KG","img":"https://fd2-photos.leclercdrive.fr/image.ashx?id=2971984&use=l&cat=p&typeid=i","cat":327284},{"id":280270,"n":"Dessert lacté Vanille Blédina dès 6 mois Mini Lactés - 6x55g","p":2.29,"u":"41,64 €/KG","img":"https://fd2-photos.leclercdrive.fr/image.ashx?id=2972862&use=l&cat=p&typeid=i","cat":312392},{"id":280418,"n":"Dessert lacté Nature Blédina dès 6 mois - 4x95g","p":1.96,"u":"5,16 €/KG","img":"https://fd2-photos.leclercdrive.fr/image.ashx?id=2972868&use=l&cat=p&typeid=i","cat":312392},{"id":280419,"n":"Dessert lacté Fraise Blédina dès 6 mois - 4x95g","p":2.11,"u":"5,55 €/KG","img":"https://fd2-photos.leclercdrive.fr/image.ashx?id=2972871&use=l&cat=p&typeid=i","cat":312392},{"id":280420,"n":"Dessert lacté Blédina Vanille dès 6 mois - 4x95g","p":1.91,"u":"5,03 €/KG","img":"https://fd2-photos.leclercdrive.fr/image.ashx?id=2972874&use=l&cat=p&typeid=i","cat":312392},{"id":280474,"n":"Gnocchi à poêler Lustucru Extra moelleux 300g","p":1.9,"u":"6,33 €/KG","img":"https://fd2-photos.leclercdrive.fr/image.ashx?id=2973655&use=l&cat=p&typeid=i","cat":333682},{"id":280483,"n":"Gnocchi à poêler Lustucru Extra chorizo 280g","p":2.4,"u":"8,57 €/KG","img":"https://fd2-photos.leclercdrive.fr/image.ashx?id=2973646&use=l&cat=p&typeid=i","cat":333682},{"id":280487,"n":"Gnocchi à poêler Lustucru star 500g","p":2.81,"u":"5,62 €/KG","img":"https://fd2-photos.leclercdrive.fr/image.ashx?id=2973637&use=l&cat=p&typeid=i","cat":333682},{"id":280663,"n":"Matière grasse végétale à tartiner doux - Flora - 215g","p":2.13,"u":"9,91 €/KG","img":"https://fd2-photos.leclercdrive.fr/image.ashx?id=2974456&use=l&cat=p&typeid=i","cat":315229},{"id":280664,"n":"Matière grasse végétale Flora à tartiner demi-sel  - 215g","p":2.27,"u":"10,56 €/KG","img":"https://fd2-photos.leclercdrive.fr/image.ashx?id=2974459&use=l&cat=p&typeid=i","cat":315229},{"id":280766,"n":"Cordon bleu Coté Croc Cheese x2 - 200g","p":2.05,"u":"10,25 €/KG","img":"https://fd2-photos.leclercdrive.fr/image.ashx?id=2974236&use=l&cat=p&typeid=i","cat":333683},{"id":280786,"n":"Poulet curry Tables du Monde 300g","p":2.69,"u":"8,97 €/KG","img":"https://fd2-photos.leclercdrive.fr/image.ashx?id=2974282&use=l&cat=p&typeid=i","cat":284254},{"id":280861,"n":"Duo crevettes cabillaud Tipiak - 2x125g","p":5.02,"u":"20,08 €/KG","img":"https://fd2-photos.leclercdrive.fr/image.ashx?id=2975945&use=l&cat=p&typeid=i","cat":284254},{"id":280862,"n":"Crumble cabillaud Saint-Jacques Tipiak - 2x125g","p":5.02,"u":"20,08 €/KG","img":"https://fd2-photos.leclercdrive.fr/image.ashx?id=2975942&use=l&cat=p&typeid=i","cat":284254},{"id":280870,"n":"Croquette Purina One Chat Sterilisé - 7,5 kg","p":30.15,"img":"https://fd2-photos.leclercdrive.fr/image.ashx?id=2976143&use=l&cat=p&typeid=i","cat":284680},{"id":280871,"n":"Croquettes croq & tendre Fido Poulet - 7kg","p":16.19,"u":"2,31 €/KG","img":"https://fd2-photos.leclercdrive.fr/image.ashx?id=2976146&use=l&cat=p&typeid=i","cat":284680},{"id":280904,"n":"Mini cônes Extrême Mix x6 - 234g","p":3.15,"u":"0,53 €/P","img":"https://fd2-photos.leclercdrive.fr/image.ashx?id=2975933&use=l&cat=p&typeid=i","cat":284264},{"id":280905,"n":"Pancakes Pasquier Pépites de chocolat x8 - 280g","p":2.01,"u":"7,18 €/KG","img":"https://fd2-photos.leclercdrive.fr/image.ashx?id=2975921&use=l&cat=p&typeid=i","cat":284495},{"id":280985,"n":"Pastrami de boeuf Fleury Michon au poivre 8 tranches - 100g","p":3.16,"u":"31,60 €/KG","img":"https://fd2-photos.leclercdrive.fr/image.ashx?id=2975849&use=l&cat=p&typeid=i","cat":316007},{"id":280986,"n":"Coppa Aoste 10 Tranches - 100g","p":2.5,"u":"25,00 €/KG","img":"https://fd2-photos.leclercdrive.fr/image.ashx?id=2975993&use=l&cat=p&typeid=i","cat":316007},{"id":281273,"n":"Aiguillettes de canard  Maison Montfort 290g","p":8.1,"u":"27,93 €/KG","img":"https://fd2-photos.leclercdrive.fr/image.ashx?id=2982002&use=l&cat=p&typeid=i","cat":284339},{"id":281412,"n":"Pep's recette Manhattan Burger Box - 380g","p":6.61,"u":"17,39 €/KG","img":"https://fd2-photos.leclercdrive.fr/image.ashx?id=2979397&use=l&cat=p&typeid=i","cat":333685},{"id":281416,"n":"Ravioli Turini Chèvre épinards 250g","p":1.99,"u":"7,96 €/KG","img":"https://fd2-photos.leclercdrive.fr/image.ashx?id=2978367&use=l&cat=p&typeid=i","cat":333682},{"id":281417,"n":"Tortellini Turini Pesto pignon 250g","p":2.35,"u":"9,40 €/KG","img":"https://fd2-photos.leclercdrive.fr/image.ashx?id=2978370&use=l&cat=p&typeid=i","cat":333682},{"id":281419,"n":"Girasoli Turini Légumes du soleil 250g","p":2.49,"u":"9,96 €/KG","img":"https://fd2-photos.leclercdrive.fr/image.ashx?id=2978373&use=l&cat=p&typeid=i","cat":333682},{"id":281420,"n":"Pep's recette Mexico Tacos Box 380g","p":5.95,"u":"15,66 €/KG","img":"https://fd2-photos.leclercdrive.fr/image.ashx?id=2979400&use=l&cat=p&typeid=i","cat":333685},{"id":281422,"n":"Pep's recette Roma Pizza Box 380g","p":5.95,"u":"15,66 €/KG","img":"https://fd2-photos.leclercdrive.fr/image.ashx?id=2979403&use=l&cat=p&typeid=i","cat":333685},{"id":281524,"n":"Boisson végétale Alpro Avoine 500ml","p":1.61,"u":"3,22 €/L","img":"https://fd2-photos.leclercdrive.fr/image.ashx?id=2986855&use=l&cat=p&typeid=i","cat":316067},{"id":281525,"n":"Lait Matin Léger Lactel Sans lactose 6x1L","p":13.74,"u":"2,29 €/L","img":"https://fd2-photos.leclercdrive.fr/image.ashx?id=2979415&use=l&cat=p&typeid=i","cat":317169},{"id":281529,"n":"Lait Matin Léger Lactel Sans lactose 6x50cl","p":8.39,"u":"2,80 €/L","img":"https://fd2-photos.leclercdrive.fr/image.ashx?id=2979421&use=l&cat=p&typeid=i","cat":317169},{"id":281569,"n":"Tajine de boeuf Charal 250g","p":5.84,"u":"23,36 €/KG","img":"https://fd2-photos.leclercdrive.fr/image.ashx?id=2979388&use=l&cat=p&typeid=i","cat":333665},{"id":281570,"n":"Boeuf à la Thaï Charal 250g","p":5.95,"u":"23,80 €/KG","img":"https://fd2-photos.leclercdrive.fr/image.ashx?id=2979385&use=l&cat=p&typeid=i","cat":333665},{"id":281608,"n":"Croquettes McCain Golden  830g","p":1.99,"u":"2,40 €/KG","img":"https://fd2-photos.leclercdrive.fr/image.ashx?id=2988737&use=l&cat=p&typeid=i","cat":319791},{"id":281688,"n":"Pasta' poêlée Bonduelle Penne légumes du soleil - 750g","p":3.29,"u":"4,39 €/KG","img":"https://fd2-photos.leclercdrive.fr/image.ashx?id=2979662&use=l&cat=p&typeid=i","cat":319823},{"id":281689,"n":"Pasta' poêlée Bonduelle Gnocchis tomate mozzarella 750g","p":3.29,"u":"4,39 €/KG","img":"https://fd2-photos.leclercdrive.fr/image.ashx?id=2979665&use=l&cat=p&typeid=i","cat":319823},{"id":281690,"n":"Pasta' poêlée Bonduelle Fusilli courgettes fromage 750g","p":3.29,"u":"4,39 €/KG","img":"https://fd2-photos.leclercdrive.fr/image.ashx?id=2979668&use=l&cat=p&typeid=i","cat":319823},{"id":281720,"n":"Effilochés au porc Bigard Cuit nature - 300g","p":5.25,"u":"17,50 €/KG","img":"https://fd2-photos.leclercdrive.fr/image.ashx?id=2981061&use=l&cat=p&typeid=i","cat":284331},{"id":281722,"n":"Effilochés au porc Bigard Cuit barbecue - 300g","p":5.25,"u":"17,50 €/KG","img":"https://fd2-photos.leclercdrive.fr/image.ashx?id=2981064&use=l&cat=p&typeid=i","cat":284331},{"id":281732,"n":"Calendrier de l'avent  Masque Justice League 75g","p":4.26,"u":"56,80 €/KG","img":"https://fd2-photos.leclercdrive.fr/image.ashx?id=2981394&use=l&cat=p&typeid=i","cat":327590},{"id":281735,"n":"Calendrier masque PatPatrouille Chase - 75g","p":4.26,"u":"56,80 €/KG","img":"https://fd2-photos.leclercdrive.fr/image.ashx?id=2981397&use=l&cat=p&typeid=i","cat":327590},{"id":281752,"n":"Crème dessert Danette Caramel 8x125g","p":3.86,"u":"3,86 €/KG","img":"https://fd2-photos.leclercdrive.fr/image.ashx?id=2980863&use=l&cat=p&typeid=i","cat":285041},{"id":281957,"n":"Farce de volaille Le Gaulois Marrons - 400g","p":3.7,"u":"9,25 €/KG","img":"https://fd2-photos.leclercdrive.fr/image.ashx?id=2981199&use=l&cat=p&typeid=i","cat":327289},{"id":281958,"n":"Farce de volaille Le Gaulois Morilles - 400g","p":3.7,"u":"9,25 €/KG","img":"https://fd2-photos.leclercdrive.fr/image.ashx?id=2981202&use=l&cat=p&typeid=i","cat":327289},{"id":281959,"n":"Farce de volaille Le Gaulois Cèpes - 400g","p":3.7,"u":"9,25 €/KG","img":"https://fd2-photos.leclercdrive.fr/image.ashx?id=2981187&use=l&cat=p&typeid=i","cat":327289},{"id":282011,"n":"Chocolat Kinder Géant 300g","p":7.95,"u":"26,50 €/KG","img":"https://fd2-photos.leclercdrive.fr/image.ashx?id=2981367&use=l&cat=p&typeid=i","cat":327592},{"id":282014,"n":"Chocolat Kinder Mix - 102g","p":3.75,"u":"36,76 €/KG","img":"https://fd2-photos.leclercdrive.fr/image.ashx?id=2981370&use=l&cat=p&typeid=i","cat":327592},{"id":282335,"n":"Fizzy mug Mr et Mme  Mr Incroyable - 100g","p":6.5,"u":"65,00 €/KG","img":"https://fd2-photos.leclercdrive.fr/image.ashx?id=2983679&use=l&cat=p&typeid=i","cat":327789},{"id":282770,"n":"Chocolat Kinder Pingouin - 102g","p":3.75,"u":"36,76 €/KG","img":"https://fd2-photos.leclercdrive.fr/image.ashx?id=2984549&use=l&cat=p&typeid=i","cat":327592},{"id":282894,"n":"Magret de canard express Sauce cèpes - Montfort - 340g","p":7.55,"u":"22,21 €/KG","img":"https://fd2-photos.leclercdrive.fr/image.ashx?id=2986203&use=l&cat=p&typeid=i","cat":284339},{"id":282895,"n":"Magret de canard express Sauce morilles Montfort - 340g","p":7.55,"u":"22,21 €/KG","img":"https://fd2-photos.leclercdrive.fr/image.ashx?id=2986209&use=l&cat=p&typeid=i","cat":284339},{"id":282896,"n":"Cuisses de canard confites Sauce truffe Montfort - 450g","p":7.55,"u":"16,78 €/KG","img":"https://fd2-photos.leclercdrive.fr/image.ashx?id=2986206&use=l&cat=p&typeid=i","cat":284339},{"id":283051,"n":"Café frais Starbucks Vanilla macchiato 220ml","p":2.0,"u":"9,09 €/L","img":"https://fd2-photos.leclercdrive.fr/image.ashx?id=2986813&use=l&cat=p&typeid=i","cat":295246},{"id":283058,"n":"Café frais Starbucks Cappuccino 220ml","p":1.96,"u":"8,91 €/L","img":"https://fd2-photos.leclercdrive.fr/image.ashx?id=2986804&use=l&cat=p&typeid=i","cat":295246},{"id":283059,"n":"Café frais Starbucks Caffè Latte 220ml","p":1.96,"u":"8,91 €/L","img":"https://fd2-photos.leclercdrive.fr/image.ashx?id=2986798&use=l&cat=p&typeid=i","cat":295246},{"id":283066,"n":"Café frais Starbucks Noisette Macchiato 220ml","p":2.17,"u":"9,86 €/L","img":"https://fd2-photos.leclercdrive.fr/image.ashx?id=2986810&use=l&cat=p&typeid=i","cat":295246},{"id":283081,"n":"Café frais Starbucks Caramel Macchiato 220ml","p":1.7,"u":"7,73 €/L","img":"https://fd2-photos.leclercdrive.fr/image.ashx?id=2986801&use=l&cat=p&typeid=i","cat":295246},{"id":283138,"n":"Kinder Surprise  Bonhomme de neige x4 - 80g","p":5.12,"u":"64,00 €/KG","img":"https://fd2-photos.leclercdrive.fr/image.ashx?id=2987196&use=l&cat=p&typeid=i","cat":327592},{"id":283161,"n":"Skyr Gourmand Yoplait  Sur lit de citron - 4x120g","p":3.55,"u":"7,40 €/KG","img":"https://fd2-photos.leclercdrive.fr/image.ashx?id=2989234&use=l&cat=p&typeid=i","cat":315000},{"id":283163,"n":"Skyr Gourmand Yoplait  sur lit poire vanille - 4x120g","p":3.55,"u":"7,40 €/KG","img":"https://fd2-photos.leclercdrive.fr/image.ashx?id=2989246&use=l&cat=p&typeid=i","cat":315000},{"id":283167,"n":"Skyr Vitaminé Yoplait sur lit mangue passion - 4x120g","p":3.55,"u":"7,40 €/KG","img":"https://fd2-photos.leclercdrive.fr/image.ashx?id=2989240&use=l&cat=p&typeid=i","cat":315000},{"id":283170,"n":"Skyr vitaminé Yoplait sur lit framboise cranberry - 4x120g","p":3.55,"u":"7,40 €/KG","img":"https://fd2-photos.leclercdrive.fr/image.ashx?id=2989237&use=l&cat=p&typeid=i","cat":315000},{"id":283500,"n":"Croustillant St Jacques asperge Sauce citronnée x4 - 360g","p":7.57,"u":"21,03 €/KG","img":"https://fd2-photos.leclercdrive.fr/image.ashx?id=2990745&use=l&cat=p&typeid=i","cat":319776},{"id":283501,"n":"Croustillant St Jacques Crevettes  x4 - 360g","p":7.57,"u":"21,03 €/KG","img":"https://fd2-photos.leclercdrive.fr/image.ashx?id=2990748&use=l&cat=p&typeid=i","cat":319776},{"id":283502,"n":"Croustillant volaille Sauce truffe d'été  x4 - 360g","p":7.57,"u":"21,03 €/KG","img":"https://fd2-photos.leclercdrive.fr/image.ashx?id=2990751&use=l&cat=p&typeid=i","cat":319776},{"id":283555,"n":"Brassé végétal Végé Soja coco 4x100g","p":1.29,"u":"3,23 €/KG","img":"https://fd2-photos.leclercdrive.fr/image.ashx?id=2988945&use=l&cat=p&typeid=i","cat":316071},{"id":284889,"n":"Filet mignon aux cèpes Bigard 500g","p":10.2,"u":"20,40 €/KG","img":"https://fd2-photos.leclercdrive.fr/image.ashx?id=2994503&use=l&cat=p&typeid=i","cat":327289},{"id":284898,"n":"Sauce Porto Charal 120g","p":2.0,"u":"16,67 €/KG","img":"https://fd2-photos.leclercdrive.fr/image.ashx?id=2995100&use=l&cat=p&typeid=i","cat":327293},{"id":284900,"n":"Paupiette de porc farci Bigard Morilles et beurre truffé 500g","p":9.3,"u":"18,60 €/KG","img":"https://fd2-photos.leclercdrive.fr/image.ashx?id=2995145&use=l&cat=p&typeid=i","cat":327289},{"id":284914,"n":"Délice de volaille Maître Coq Chutney de figues 400g","p":10.95,"u":"27,38 €/KG","img":"https://fd2-photos.leclercdrive.fr/image.ashx?id=2995112&use=l&cat=p&typeid=i","cat":327289},{"id":284915,"n":"Délice de volaille Maître Coq Aux bolets 400g","p":10.95,"u":"27,38 €/KG","img":"https://fd2-photos.leclercdrive.fr/image.ashx?id=2995115&use=l&cat=p&typeid=i","cat":327289},{"id":285020,"n":"Bûche signature Eskiss Vanille pistache 480g","p":5.59,"u":"11,65 €/KG","img":"https://fd2-photos.leclercdrive.fr/image.ashx?id=2994912&use=l&cat=p&typeid=i","cat":284266},{"id":286243,"n":"Bûche glacée Nestlé Chocolat  Blanc vanille caramel 540g","p":7.9,"u":"14,63 €/KG","img":"https://fd2-photos.leclercdrive.fr/image.ashx?id=3000045&use=l&cat=p&typeid=i","cat":284266},{"id":286244,"n":"Bûche glacée Pilpa Omelette norvégienne 336g","p":5.27,"u":"15,68 €/KG","img":"https://fd2-photos.leclercdrive.fr/image.ashx?id=3000024&use=l&cat=p&typeid=i","cat":284266},{"id":286245,"n":"Bûche glacée Pilpa Vanille caramel spéculoos 534g","p":5.27,"u":"9,87 €/KG","img":"https://fd2-photos.leclercdrive.fr/image.ashx?id=3000039&use=l&cat=p&typeid=i","cat":284266},{"id":286273,"n":"Noix de Saint-Jacques  Gimbert Océan - 250g","p":15.86,"u":"63,44 €/KG","img":"https://fd2-photos.leclercdrive.fr/image.ashx?id=3000249&use=l&cat=p&typeid=i","cat":319787},{"id":286306,"n":"Pavés de saumon sauvage  Gimbert Océan 400g","p":15.97,"u":"39,93 €/KG","img":"https://fd2-photos.leclercdrive.fr/image.ashx?id=3008746&use=l&cat=p&typeid=i","cat":319786},{"id":286890,"n":"Mini quiches Côté Table x15 - 270g","p":5.5,"u":"20,37 €/KG","img":"https://fd2-photos.leclercdrive.fr/image.ashx?id=3001903&use=l&cat=p&typeid=i","cat":319774},{"id":287613,"n":"Pavés de rumsteak Socopa Sauce truffe - 300g","p":6.45,"u":"21,50 €/KG","img":"https://fd2-photos.leclercdrive.fr/image.ashx?id=3008038&use=l&cat=p&typeid=i","cat":284328},{"id":287742,"n":"Foie gras de canard au sel des  Landes Delpeyrat 270g","p":37.71,"u":"139,67 €/KG","img":"https://fd2-photos.leclercdrive.fr/image.ashx?id=3008062&use=l&cat=p&typeid=i","cat":316008},{"id":287835,"n":"Noix de Saint Jacques  Gimbert Océan - 3x180g","p":17.56,"u":"32,52 €/KG","img":"https://fd2-photos.leclercdrive.fr/image.ashx?id=3008749&use=l&cat=p&typeid=i","cat":319787},{"id":288606,"n":"Saumon fumé Mowi Ecosse 6 tranches - 180g","p":8.99,"u":"49,94 €/KG","img":"https://fd2-photos.leclercdrive.fr/image.ashx?id=3011332&use=l&cat=p&typeid=i","cat":285188},{"id":288607,"n":"Saumon fumé Mowi Norvège 6 tranches mini - 210g","p":8.99,"u":"42,81 €/KG","img":"https://fd2-photos.leclercdrive.fr/image.ashx?id=3011329&use=l&cat=p&typeid=i","cat":285188}]}