{"id":"198502-198502","dt":"2025-12-15","p":[{"id":2,"n":"Haricots verts Notre Jardin Extra fins - 345g","p":2.39,"u":"6,93 €/KG","img":"https://fd2-photos.leclercdrive.fr/image.ashx?id=2368650&use=l&cat=p&typeid=i","cat":312606},{"id":3,"n":"Haricots verts Notre Jardin Très fins - 220g","p":0.86,"u":"3,91 €/KG","img":"https://fd2-photos.leclercdrive.fr/image.ashx?id=2987991&use=l&cat=p&typeid=i","cat":312606},{"id":4,"n":"Haricots verts Notre Jardin Très fins - 440g","p":1.15,"u":"2,61 €/KG","img":"https://fd2-photos.leclercdrive.fr/image.ashx?id=2468822&use=l&cat=p&typeid=i","cat":312606},{"id":5,"n":"Haricots verts Notre Jardin Extra fins - 440g","p":1.2,"u":"2,73 €/KG","img":"https://fd2-photos.leclercdrive.fr/image.ashx?id=1993556&use=l&cat=p&typeid=i","cat":312606},{"id":6,"n":"Haricots verts Notre Jardin Extra fins - 220g","p":0.88,"u":"4,00 €/KG","img":"https://fd2-photos.leclercdrive.fr/image.ashx?id=1993167&use=l&cat=p&typeid=i","cat":312606},{"id":7,"n":"Haricots beurre Notre Jardin Très fins - 220g","p":1.11,"u":"5,05 €/KG","img":"https://fd2-photos.leclercdrive.fr/image.ashx?id=2988027&use=l&cat=p&typeid=i","cat":312606},{"id":8,"n":"Haricots beurre Notre Jardin Très fins - 440g","p":1.55,"u":"3,52 €/KG","img":"https://fd2-photos.leclercdrive.fr/image.ashx?id=2988030&use=l&cat=p&typeid=i","cat":312606},{"id":9,"n":"Petits pois Notre Jardin A l'étuvée - Extra fins - 280g","p":0.9,"u":"3,21 €/KG","img":"https://fd2-photos.leclercdrive.fr/image.ashx?id=2398758&use=l&cat=p&typeid=i","cat":312607},{"id":10,"n":"Petits pois Notre Jardin A l'étuvée - Très fins - 280g","p":0.89,"u":"3,18 €/KG","img":"https://fd2-photos.leclercdrive.fr/image.ashx?id=2987958&use=l&cat=p&typeid=i","cat":312607},{"id":11,"n":"Petits pois carottes  Notre Jardin -Extra fins - 530g","p":1.22,"u":"2,30 €/KG","img":"https://fd2-photos.leclercdrive.fr/image.ashx?id=2398764&use=l&cat=p&typeid=i","cat":312607},{"id":12,"n":"Petits pois carottes extra-fins Notre Jardin à l'étuvée 260g","p":0.99,"u":"3,74 €/KG","img":"https://fd2-photos.leclercdrive.fr/image.ashx?id=2987964&use=l&cat=p&typeid=i","cat":312607},{"id":13,"n":"Petits pois carottes Très fins Notre Jardin -A l'étuvée -530g","p":1.33,"u":"2,51 €/KG","img":"https://fd2-photos.leclercdrive.fr/image.ashx?id=2698156&use=l&cat=p&typeid=i","cat":312607},{"id":14,"n":"Carottes Notre Jardin Extra-fines - 265g","p":0.85,"u":"3,21 €/KG","img":"https://fd2-photos.leclercdrive.fr/image.ashx?id=1993149&use=l&cat=p&typeid=i","cat":312607},{"id":15,"n":"Champignons Paris Notre Jardin Entiers - 230g","p":1.47,"u":"6,39 €/KG","img":"https://fd2-photos.leclercdrive.fr/image.ashx?id=2553890&use=l&cat=p&typeid=i","cat":312610},{"id":16,"n":"Champignons Paris Notre Jardin Pieds et morceaux - 230g","p":1.49,"u":"6,48 €/KG","img":"https://fd2-photos.leclercdrive.fr/image.ashx?id=2553896&use=l&cat=p&typeid=i","cat":312610},{"id":17,"n":"Champignons Paris Notre Jardin Emincés - 230g","p":1.07,"u":"4,65 €/KG","img":"https://fd2-photos.leclercdrive.fr/image.ashx?id=2551960&use=l&cat=p&typeid=i","cat":312610},{"id":19,"n":"Flageolets verts Notre Jardin Extra fins - 265g","p":0.99,"u":"3,74 €/KG","img":"https://fd2-photos.leclercdrive.fr/image.ashx?id=1993161&use=l&cat=p&typeid=i","cat":312606},{"id":20,"n":"Macédoine légumes Notre Jardin 265g","p":0.71,"u":"2,68 €/KG","img":"https://fd2-photos.leclercdrive.fr/image.ashx?id=2375953&use=l&cat=p&typeid=i","cat":312612},{"id":21,"n":"Macédoine légumes Notre Jardin - 530g","p":1.23,"u":"2,32 €/KG","img":"https://fd2-photos.leclercdrive.fr/image.ashx?id=2526276&use=l&cat=p&typeid=i","cat":312612},{"id":22,"n":"Garniture de 4 légumes  Notre Jardin - 510g","p":1.74,"u":"3,41 €/KG","img":"https://fd2-photos.leclercdrive.fr/image.ashx?id=2526279&use=l&cat=p&typeid=i","cat":312612},{"id":26,"n":"Pois chiches Notre Jardin 265g","p":0.75,"u":"2,83 €/KG","img":"https://fd2-photos.leclercdrive.fr/image.ashx?id=2988009&use=l&cat=p&typeid=i","cat":312609},{"id":27,"n":"Lentilles préparées Notre  Jardin - 265g","p":0.67,"u":"2,53 €/KG","img":"https://fd2-photos.leclercdrive.fr/image.ashx?id=2987985&use=l&cat=p&typeid=i","cat":312609},{"id":28,"n":"Lentilles Préparées Notre  Jardin - 530g","p":1.15,"u":"2,17 €/KG","img":"https://fd2-photos.leclercdrive.fr/image.ashx?id=2987982&use=l&cat=p&typeid=i","cat":312609},{"id":29,"n":"Haricots rouges Notre Jardin 250g","p":0.84,"u":"3,36 €/KG","img":"https://fd2-photos.leclercdrive.fr/image.ashx?id=2988024&use=l&cat=p&typeid=i","cat":312606},{"id":30,"n":"Pommes de terre Notre Jardin 530g","p":1.29,"u":"2,43 €/KG","img":"https://fd2-photos.leclercdrive.fr/image.ashx?id=2696250&use=l&cat=p&typeid=i","cat":312612},{"id":32,"n":"Coeurs de céleri Notre Jardin - 500g PNE","p":2.99,"u":"5,64 €/KG","img":"https://fd2-photos.leclercdrive.fr/image.ashx?id=2483602&use=l&cat=p&typeid=i","cat":312612},{"id":37,"n":"Epinards hâchés Notre Jardin 395g","p":1.09,"u":"2,76 €/KG","img":"https://fd2-photos.leclercdrive.fr/image.ashx?id=2468810&use=l&cat=p&typeid=i","cat":312612},{"id":39,"n":"Epinards branches Notre Jardin 530g","p":1.69,"u":"3,19 €/KG","img":"https://fd2-photos.leclercdrive.fr/image.ashx?id=2398773&use=l&cat=p&typeid=i","cat":312612},{"id":40,"n":"Coeurs de palmiers Notre Jardin Extra tendres - 500g","p":3.85,"u":"7,70 €/KG","img":"https://fd2-photos.leclercdrive.fr/image.ashx?id=2072698&use=l&cat=p&typeid=i","cat":312611},{"id":42,"n":"Haricots Mungo Notre Jardin 180g","p":1.0,"u":"5,56 €/KG","img":"https://fd2-photos.leclercdrive.fr/image.ashx?id=2072431&use=l&cat=p&typeid=i","cat":312611},{"id":43,"n":"Asperges blanches miniatures Notre Jardin - 110g","p":1.55,"u":"14,09 €/KG","img":"https://fd2-photos.leclercdrive.fr/image.ashx?id=2049019&use=l&cat=p&typeid=i","cat":312611},{"id":44,"n":"Maïs Notre Jardin Tendre - 285g","p":0.96,"u":"3,37 €/KG","img":"https://fd2-photos.leclercdrive.fr/image.ashx?id=2917314&use=l&cat=p&typeid=i","cat":312611},{"id":48,"n":"Thon Saupiquet A la Catalane - 252g","p":1.79,"u":"7,10 €/KG","img":"https://fd2-photos.leclercdrive.fr/image.ashx?id=2860892&use=l&cat=p&typeid=i","cat":303867},{"id":50,"n":"Miettes de thon Pêche Océan Huile de tournesol - 160g","p":1.7,"u":"10,63 €/KG","img":"https://fd2-photos.leclercdrive.fr/image.ashx?id=2053785&use=l&cat=p&typeid=i","cat":303867},{"id":52,"n":"Miettes de thon Pêche Océan Tomate - 3x80g","p":1.56,"u":"6,50 €/KG","img":"https://fd2-photos.leclercdrive.fr/image.ashx?id=2941363&use=l&cat=p&typeid=i","cat":303867},{"id":54,"n":"Sardines tomate Pêche Océan 135g","p":1.32,"u":"9,78 €/KG","img":"https://fd2-photos.leclercdrive.fr/image.ashx?id=2694097&use=l&cat=p&typeid=i","cat":305146},{"id":58,"n":"Filets maquereaux Pêche Océan Arômates et Muscadet 176g","p":1.45,"u":"8,24 €/KG","img":"https://fd2-photos.leclercdrive.fr/image.ashx?id=2476948&use=l&cat=p&typeid=i","cat":303868},{"id":59,"n":"Maquereaux Pêche Océan Moutarde de Dijon - 169g","p":1.65,"u":"9,76 €/KG","img":"https://fd2-photos.leclercdrive.fr/image.ashx?id=2488350&use=l&cat=p&typeid=i","cat":303868},{"id":72,"n":"Lentilles cuisinées Raynal Et Roquelaure - 820g","p":2.0,"u":"2,44 €/KG","img":"https://fd2-photos.leclercdrive.fr/image.ashx?id=2928393&use=l&cat=p&typeid=i","cat":312609},{"id":74,"n":"Choucroute Côté Table garnie 800g","p":2.69,"u":"3,36 €/KG","img":"https://fd2-photos.leclercdrive.fr/image.ashx?id=1847409&use=l&cat=p&typeid=i","cat":284441},{"id":75,"n":"Choucroute Côté Table garnie 400g","p":1.75,"u":"4,38 €/KG","img":"https://fd2-photos.leclercdrive.fr/image.ashx?id=1993170&use=l&cat=p&typeid=i","cat":284441},{"id":79,"n":"Saucisses lentilles Côté Table 420g","p":1.15,"u":"2,74 €/KG","img":"https://fd2-photos.leclercdrive.fr/image.ashx?id=2977105&use=l&cat=p&typeid=i","cat":284441},{"id":80,"n":"Gésiers de canard du Sud-Ouest NRT - 215g","p":6.99,"u":"32,51 €/KG","img":"https://fd2-photos.leclercdrive.fr/image.ashx?id=2723204&use=l&cat=p&typeid=i","cat":284440},{"id":92,"n":"Chips Pom'lisse Nature - 6x30g","p":1.37,"u":"7,61 €/KG","img":"https://fd2-photos.leclercdrive.fr/image.ashx?id=2498593&use=l&cat=p&typeid=i","cat":284447},{"id":97,"n":"Pétales salées Tokapi Soufflés - 75g","p":0.69,"u":"9,20 €/KG","img":"https://fd2-photos.leclercdrive.fr/image.ashx?id=2751874&use=l&cat=p&typeid=i","cat":284449},{"id":104,"n":"Mélange Grillé et salé Tokapi Cacahuètes et noisettes - 120g","p":1.46,"u":"12,17 €/KG","img":"https://fd2-photos.leclercdrive.fr/image.ashx?id=2794100&use=l&cat=p&typeid=i","cat":284448},{"id":105,"n":"Cacahuètes grillées Tokapi Salées - 250g","p":0.85,"u":"3,40 €/KG","img":"https://fd2-photos.leclercdrive.fr/image.ashx?id=2795529&use=l&cat=p&typeid=i","cat":284448},{"id":108,"n":"Noix de cajou grillées Tokapi Salées - 400g","p":4.78,"u":"11,95 €/KG","img":"https://fd2-photos.leclercdrive.fr/image.ashx?id=2793985&use=l&cat=p&typeid=i","cat":284448},{"id":117,"n":"Huile Isio 4 Lesieur 1L","p":3.4,"u":"3,40 €/L","img":"https://fd2-photos.leclercdrive.fr/image.ashx?id=2916018&use=l&cat=p&typeid=i","cat":284453},{"id":121,"n":"Huile Fleur de colza Lesieur  1L","p":2.71,"u":"2,71 €/L","img":"https://fd2-photos.leclercdrive.fr/image.ashx?id=2916848&use=l&cat=p&typeid=i","cat":284453},{"id":122,"n":"Huile de friture Rustica Sans odeur - 2L","p":4.45,"u":"2,23 €/L","img":"https://fd2-photos.leclercdrive.fr/image.ashx?id=2916662&use=l&cat=p&typeid=i","cat":284453},{"id":123,"n":"Huile végétale  Rustica Mélange 4 huiles  - 1L","p":2.65,"u":"2,65 €/L","img":"https://fd2-photos.leclercdrive.fr/image.ashx?id=2538134&use=l&cat=p&typeid=i","cat":284453},{"id":124,"n":"Huile d'olive Rustica Vierge extra - 1L","p":8.99,"u":"8,99 €/L","img":"https://fd2-photos.leclercdrive.fr/image.ashx?id=2898011&use=l&cat=p&typeid=i","cat":284453},{"id":125,"n":"Huile de tournesol Rustica  1L","p":1.99,"u":"1,99 €/L","img":"https://fd2-photos.leclercdrive.fr/image.ashx?id=2900319&use=l&cat=p&typeid=i","cat":284453},{"id":126,"n":"Huile de tournesol Rustica 3L","p":5.89,"u":"1,96 €/L","img":"https://fd2-photos.leclercdrive.fr/image.ashx?id=2900322&use=l&cat=p&typeid=i","cat":284453},{"id":127,"n":"Huile de colza Rustica  1L","p":1.76,"u":"1,76 €/L","img":"https://fd2-photos.leclercdrive.fr/image.ashx?id=2500797&use=l&cat=p&typeid=i","cat":284453},{"id":128,"n":"Vinaigre de vin Rustica 75cl","p":0.99,"u":"1,32 €/L","img":"https://fd2-photos.leclercdrive.fr/image.ashx?id=1061150&use=l&cat=p&typeid=i","cat":298543},{"id":129,"n":"Vinaigre de cidre Rustica  75cl","p":0.87,"u":"1,16 €/L","img":"https://fd2-photos.leclercdrive.fr/image.ashx?id=2657190&use=l&cat=p&typeid=i","cat":298543},{"id":130,"n":"Vinaigrette Rustica  Moutarde - 50cl","p":0.89,"u":"1,78 €/L","img":"https://fd2-photos.leclercdrive.fr/image.ashx?id=1950144&use=l&cat=p&typeid=i","cat":284456},{"id":131,"n":"Jus de citron Rustica Sicile - 2x125ml - 250ml","p":1.08,"u":"4,32 €/L","img":"https://fd2-photos.leclercdrive.fr/image.ashx?id=794011&use=l&cat=p&typeid=i","cat":288383},{"id":136,"n":"Sel fin de Camargue NRT 250g","p":1.63,"u":"6,52 €/KG","img":"https://fd2-photos.leclercdrive.fr/image.ashx?id=2644906&use=l&cat=p&typeid=i","cat":284457},{"id":137,"n":"Gros sel de Camargue NRT Sachet -1kg","p":1.2,"u":"1,20 €/KG","img":"https://fd2-photos.leclercdrive.fr/image.ashx?id=2644903&use=l&cat=p&typeid=i","cat":284457},{"id":138,"n":"Sel fin de Guérande IGP NRT 250g","p":1.35,"u":"5,40 €/KG","img":"https://fd2-photos.leclercdrive.fr/image.ashx?id=2644900&use=l&cat=p&typeid=i","cat":284457},{"id":147,"n":"Olives vertes Rustica  Dénoyautées - 160g","p":0.92,"u":"5,75 €/KG","img":"https://fd2-photos.leclercdrive.fr/image.ashx?id=2499070&use=l&cat=p&typeid=i","cat":284458},{"id":156,"n":"Moutarde de Dijon Rustica  Fine et forte Verre whisky-280g","p":1.94,"u":"6,93 €/KG","img":"https://fd2-photos.leclercdrive.fr/image.ashx?id=2954337&use=l&cat=p&typeid=i","cat":288850},{"id":157,"n":"Moutarde de Dijon AMORA Fine & Forte - 265g","p":1.53,"u":"5,77 €/KG","img":"https://fd2-photos.leclercdrive.fr/image.ashx?id=3004870&use=l&cat=p&typeid=i","cat":288850},{"id":160,"n":"Mayonnaise Lesieur Huile de colza - 175g","p":0.78,"u":"4,46 €/KG","img":"https://fd2-photos.leclercdrive.fr/image.ashx?id=2917702&use=l&cat=p&typeid=i","cat":298295},{"id":169,"n":"Sauce Pesto Panzani Basilic - 200g","p":1.59,"u":"7,95 €/KG","img":"https://fd2-photos.leclercdrive.fr/image.ashx?id=2989093&use=l&cat=p&typeid=i","cat":287599},{"id":174,"n":"Tomates pelées Notre Jardin Entières - 476g","p":1.4,"u":"2,94 €/KG","img":"https://fd2-photos.leclercdrive.fr/image.ashx?id=2189999&use=l&cat=p&typeid=i","cat":312608},{"id":175,"n":"Sauce bolognaise Turini 420g","p":1.45,"u":"3,45 €/KG","img":"https://fd2-photos.leclercdrive.fr/image.ashx?id=2634860&use=l&cat=p&typeid=i","cat":287599},{"id":177,"n":"Sauce Tomate Turini 2x190g","p":1.39,"u":"3,66 €/KG","img":"https://fd2-photos.leclercdrive.fr/image.ashx?id=2668117&use=l&cat=p&typeid=i","cat":288384},{"id":178,"n":"Sauce Napolitaine Turini 420g","p":0.88,"u":"2,10 €/KG","img":"https://fd2-photos.leclercdrive.fr/image.ashx?id=2441893&use=l&cat=p&typeid=i","cat":287599},{"id":185,"n":"Pâtes Barilla Pipe Rigate - 500g","p":1.02,"u":"2,04 €/KG","img":"https://fd2-photos.leclercdrive.fr/image.ashx?id=2392209&use=l&cat=p&typeid=i","cat":284427},{"id":186,"n":"Pâtes Barilla Penne rigate - 500g","p":0.98,"u":"1,96 €/KG","img":"https://fd2-photos.leclercdrive.fr/image.ashx?id=2392203&use=l&cat=p&typeid=i","cat":284427},{"id":187,"n":"Pâtes Barilla Fusilli - 500g","p":0.98,"u":"1,96 €/KG","img":"https://fd2-photos.leclercdrive.fr/image.ashx?id=2392212&use=l&cat=p&typeid=i","cat":284427},{"id":191,"n":"Pâtes Collezione Barilla Lasagne aux œufs - 500g","p":1.96,"u":"3,92 €/KG","img":"https://fd2-photos.leclercdrive.fr/image.ashx?id=2990997&use=l&cat=p&typeid=i","cat":284427},{"id":193,"n":"Pâtes vermicelles Panzani  500g","p":1.15,"u":"2,30 €/KG","img":"https://fd2-photos.leclercdrive.fr/image.ashx?id=2896072&use=l&cat=p&typeid=i","cat":284427},{"id":194,"n":"Pâtes Coquillettes Panzani 500g","p":0.89,"u":"1,78 €/KG","img":"https://fd2-photos.leclercdrive.fr/image.ashx?id=2870200&use=l&cat=p&typeid=i","cat":284427},{"id":195,"n":"Pâtes macaroni Panzani 500g","p":0.95,"u":"1,90 €/KG","img":"https://fd2-photos.leclercdrive.fr/image.ashx?id=2884297&use=l&cat=p&typeid=i","cat":284427},{"id":196,"n":"Pâtes nouilles fines Panzani 500g","p":1.08,"u":"2,16 €/KG","img":"https://fd2-photos.leclercdrive.fr/image.ashx?id=2876005&use=l&cat=p&typeid=i","cat":284427},{"id":197,"n":"Pâtes Torti Panzani 500g","p":0.77,"u":"1,54 €/KG","img":"https://fd2-photos.leclercdrive.fr/image.ashx?id=2869552&use=l&cat=p&typeid=i","cat":284427},{"id":198,"n":"Pâtes Spaghetti Panzani 500g","p":0.86,"u":"1,72 €/KG","img":"https://fd2-photos.leclercdrive.fr/image.ashx?id=2876023&use=l&cat=p&typeid=i","cat":284427},{"id":199,"n":"Pâtes Tagliatelle Panzani Créatives - 500G","p":1.49,"u":"2,98 €/KG","img":"https://fd2-photos.leclercdrive.fr/image.ashx?id=2902936&use=l&cat=p&typeid=i","cat":284427},{"id":200,"n":"Pâtes lasagnes Turini  500g","p":1.29,"u":"2,58 €/KG","img":"https://fd2-photos.leclercdrive.fr/image.ashx?id=2980779&use=l&cat=p&typeid=i","cat":284427},{"id":202,"n":"Pâtes Nouilles Turini 500g","p":0.75,"u":"1,50 €/KG","img":"https://fd2-photos.leclercdrive.fr/image.ashx?id=2980770&use=l&cat=p&typeid=i","cat":284427},{"id":203,"n":"Pâtes Torsades Turini 500g","p":0.65,"u":"1,30 €/KG","img":"https://fd2-photos.leclercdrive.fr/image.ashx?id=2980426&use=l&cat=p&typeid=i","cat":284427},{"id":204,"n":"Pâtes Coquillettes Turini 500g","p":0.75,"u":"1,50 €/KG","img":"https://fd2-photos.leclercdrive.fr/image.ashx?id=2980408&use=l&cat=p&typeid=i","cat":284427},{"id":205,"n":"Pâtes Macaroni Turini 500g","p":0.75,"u":"1,50 €/KG","img":"https://fd2-photos.leclercdrive.fr/image.ashx?id=2980417&use=l&cat=p&typeid=i","cat":284427},{"id":206,"n":"Spaghetti Turini 500g","p":0.69,"u":"1,38 €/KG","img":"https://fd2-photos.leclercdrive.fr/image.ashx?id=2980399&use=l&cat=p&typeid=i","cat":284427},{"id":208,"n":"Pâtes gansettes Turini 500g","p":0.98,"u":"1,96 €/KG","img":"https://fd2-photos.leclercdrive.fr/image.ashx?id=2607422&use=l&cat=p&typeid=i","cat":284427},{"id":210,"n":"Pâtes cheveux d'anges Turini 500g","p":0.85,"u":"1,70 €/KG","img":"https://fd2-photos.leclercdrive.fr/image.ashx?id=2980782&use=l&cat=p&typeid=i","cat":284427},{"id":211,"n":"Pâtes Tagliatelles Turini 500g","p":1.29,"u":"2,58 €/KG","img":"https://fd2-photos.leclercdrive.fr/image.ashx?id=2669693&use=l&cat=p&typeid=i","cat":284427},{"id":217,"n":"Riz Thaï Comptoir du Grain Sélection Riz long - 1kg","p":2.2,"u":"2,20 €/KG","img":"https://fd2-photos.leclercdrive.fr/image.ashx?id=2657084&use=l&cat=p&typeid=i","cat":284428},{"id":218,"n":"Riz Basmati Comptoir du Grain Sélection Riz long - 1kg","p":2.55,"u":"2,55 €/KG","img":"https://fd2-photos.leclercdrive.fr/image.ashx?id=2549373&use=l&cat=p&typeid=i","cat":284428},{"id":219,"n":"Riz long Comptoir du Grain Sachet cuisson rapide x5 - 1kg","p":1.74,"u":"1,74 €/KG","img":"https://fd2-photos.leclercdrive.fr/image.ashx?id=1759876&use=l&cat=p&typeid=i","cat":284428},{"id":220,"n":"Couscous moyen Regia 1kg","p":2.17,"u":"2,17 €/KG","img":"https://fd2-photos.leclercdrive.fr/image.ashx?id=2874856&use=l&cat=p&typeid=i","cat":284429},{"id":221,"n":"Couscous Ferrero fin Graine nature - 1kg","p":2.66,"u":"2,66 €/KG","img":"https://fd2-photos.leclercdrive.fr/image.ashx?id=2862215&use=l&cat=p&typeid=i","cat":284429},{"id":224,"n":"Purée pomme de terre Pom'lisse Nature - 4x125g - 500g","p":1.85,"u":"3,70 €/KG","img":"https://fd2-photos.leclercdrive.fr/image.ashx?id=2949403&use=l&cat=p&typeid=i","cat":284431},{"id":225,"n":"Couscous Comptoir du Grain Grain moyen - 1kg","p":1.44,"u":"1,44 €/KG","img":"https://fd2-photos.leclercdrive.fr/image.ashx?id=3012797&use=l&cat=p&typeid=i","cat":284429},{"id":229,"n":"Blé précuit Comptoir du Grain Cuisson rapide 10 min - 500g","p":1.54,"u":"3,08 €/KG","img":"https://fd2-photos.leclercdrive.fr/image.ashx?id=1986243&use=l&cat=p&typeid=i","cat":284429},{"id":230,"n":"Pois cassés Notre Jardin 500g","p":1.05,"u":"2,10 €/KG","img":"https://fd2-photos.leclercdrive.fr/image.ashx?id=2983772&use=l&cat=p&typeid=i","cat":284430},{"id":231,"n":"Lentilles vertes Notre Jardin 500g","p":1.63,"u":"3,26 €/KG","img":"https://fd2-photos.leclercdrive.fr/image.ashx?id=2049010&use=l&cat=p&typeid=i","cat":284430},{"id":239,"n":"Soupe Velouté Régal Soupe 10 légumes - 1L","p":1.19,"u":"1,19 €/L","img":"https://fd2-photos.leclercdrive.fr/image.ashx?id=2983781&use=l&cat=p&typeid=i","cat":284462},{"id":240,"n":"Soupe Régal Soupe Poireaux Pommes de terre - 1L","p":1.19,"u":"1,19 €/L","img":"https://fd2-photos.leclercdrive.fr/image.ashx?id=2983784&use=l&cat=p&typeid=i","cat":284462},{"id":241,"n":"Soupe Mouliné Régal Soupe 10 légumes variés - 1L","p":1.08,"u":"1,08 €/L","img":"https://fd2-photos.leclercdrive.fr/image.ashx?id=2607353&use=l&cat=p&typeid=i","cat":284462},{"id":242,"n":"Soupe Velouté Régal Soupe Potiron - 1L","p":1.35,"u":"1,35 €/L","img":"https://fd2-photos.leclercdrive.fr/image.ashx?id=2983787&use=l&cat=p&typeid=i","cat":284462},{"id":255,"n":"Arôme Saveur Maggi 250g","p":1.77,"u":"7,08 €/KG","img":"https://fd2-photos.leclercdrive.fr/image.ashx?id=2671960&use=l&cat=p&typeid=i","cat":288379},{"id":259,"n":"Assaisonnement Liquide KNORR Viandox - 160ml","p":1.46,"pp":1.02,"u":"6,38 €/L","img":"https://fd2-photos.leclercdrive.fr/image.ashx?id=2705215&use=l&cat=p&typeid=i","cat":288383},{"id":267,"n":"Biscuits Petit Ecolier LU Chocolat au lait - 120g","p":2.05,"u":"17,08 €/KG","img":"https://fd2-photos.leclercdrive.fr/image.ashx?id=3014404&use=l&cat=p&typeid=i","cat":284488},{"id":270,"n":"Biscuits Petit Ecolier LU Chocolat noir - 150g","p":1.72,"u":"11,47 €/KG","img":"https://fd2-photos.leclercdrive.fr/image.ashx?id=2944359&use=l&cat=p&typeid=i","cat":284488},{"id":274,"n":"Biscuits Pocket Prince Chocolat - 400g","p":2.26,"u":"5,65 €/KG","img":"https://fd2-photos.leclercdrive.fr/image.ashx?id=3002207&use=l&cat=p&typeid=i","cat":284488},{"id":278,"n":"Biscuits La Barquette Lulu LU Chocolat noisettes - 2x120g","p":1.98,"u":"8,25 €/KG","img":"https://fd2-photos.leclercdrive.fr/image.ashx?id=2135740&use=l&cat=p&typeid=i","cat":284488},{"id":280,"n":"Biscuits Petits cœurs LU Chocolat - 180g","p":2.29,"u":"12,72 €/KG","img":"https://fd2-photos.leclercdrive.fr/image.ashx?id=3002024&use=l&cat=p&typeid=i","cat":284488},{"id":281,"n":"Gâteaux moelleux Lulu LU Coqueline Chocolat - 165g","p":1.62,"u":"9,82 €/KG","img":"https://fd2-photos.leclercdrive.fr/image.ashx?id=3001946&use=l&cat=p&typeid=i","cat":284495},{"id":283,"n":"Biscuit Petit beurre P'tit Déli Chocolat au lait pocket - 250g","p":2.25,"u":"9,00 €/KG","img":"https://fd2-photos.leclercdrive.fr/image.ashx?id=750519&use=l&cat=p&typeid=i","cat":284488},{"id":284,"n":"Biscuits P'tit Déli ronds Chocolat lait 200g","p":1.2,"u":"6,00 €/KG","img":"https://fd2-photos.leclercdrive.fr/image.ashx?id=2884210&use=l&cat=p&typeid=i","cat":284488},{"id":286,"n":"Biscuits barquette P'tit Déli Chocolat et noisette x18 - 120g","p":0.89,"u":"7,42 €/KG","img":"https://fd2-photos.leclercdrive.fr/image.ashx?id=2705065&use=l&cat=p&typeid=i","cat":284488},{"id":288,"n":"Gaufrettes P'tit Déli  Enrobées chocolat 150g","p":1.59,"u":"10,60 €/KG","img":"https://fd2-photos.leclercdrive.fr/image.ashx?id=2965416&use=l&cat=p&typeid=i","cat":284488},{"id":289,"n":"Mini goûters P'tit Déli Chocolat 168g","p":1.13,"u":"6,73 €/KG","img":"https://fd2-photos.leclercdrive.fr/image.ashx?id=2321941&use=l&cat=p&typeid=i","cat":284488},{"id":290,"n":"Biscuits P'tit Déli Bâtonnets Chocolat 150g","p":1.19,"u":"7,93 €/KG","img":"https://fd2-photos.leclercdrive.fr/image.ashx?id=2470189&use=l&cat=p&typeid=i","cat":284488},{"id":291,"n":"Goûter Moelleux P'tit Déli  Lait et cacao x10 420g","p":2.81,"u":"6,69 €/KG","img":"https://fd2-photos.leclercdrive.fr/image.ashx?id=2610684&use=l&cat=p&typeid=i","cat":284495},{"id":292,"n":"Biscuits fourrés P'tit Déli Coeur fondant chocolat - 225g","p":1.26,"u":"5,60 €/KG","img":"https://fd2-photos.leclercdrive.fr/image.ashx?id=2932393&use=l&cat=p&typeid=i","cat":284488},{"id":296,"n":"Biscuits La Barquette Lulu LU Fraise - 2x120g","p":2.05,"u":"8,54 €/KG","img":"https://fd2-photos.leclercdrive.fr/image.ashx?id=3001952&use=l&cat=p&typeid=i","cat":284489},{"id":298,"n":"Gâteaux moelleux Lulu LU Coqueline Fraise - 165g","p":1.36,"u":"8,24 €/KG","img":"https://fd2-photos.leclercdrive.fr/image.ashx?id=2977252&use=l&cat=p&typeid=i","cat":284495},{"id":304,"n":"Génoises fourrées P'tit Déli - 150g","p":1.39,"u":"9,27 €/KG","img":"https://fd2-photos.leclercdrive.fr/image.ashx?id=2470192&use=l&cat=p&typeid=i","cat":284489},{"id":310,"n":"Biscuits boudoirs P'tit Déli Aux oeufs - 175g","p":1.38,"u":"7,89 €/KG","img":"https://fd2-photos.leclercdrive.fr/image.ashx?id=828485&use=l&cat=p&typeid=i","cat":284487},{"id":313,"n":"Biscuits palmiers P'tit Déli 100g","p":0.59,"u":"5,90 €/KG","img":"https://fd2-photos.leclercdrive.fr/image.ashx?id=2940896&use=l&cat=p&typeid=i","cat":284487},{"id":314,"n":"Biscuits langue chat P'tit Déli 200g","p":1.28,"u":"6,40 €/KG","img":"https://fd2-photos.leclercdrive.fr/image.ashx?id=1875827&use=l&cat=p&typeid=i","cat":284487},{"id":315,"n":"Biscuits cigarettes P'tit Déli Fines 180g","p":0.94,"u":"5,22 €/KG","img":"https://fd2-photos.leclercdrive.fr/image.ashx?id=2907039&use=l&cat=p&typeid=i","cat":284487},{"id":316,"n":"Palets bretons P'tit Déli 125g","p":0.97,"u":"7,76 €/KG","img":"https://fd2-photos.leclercdrive.fr/image.ashx?id=2809650&use=l&cat=p&typeid=i","cat":284487},{"id":322,"n":"Cake anglais Brossard 400g","p":3.03,"u":"7,58 €/KG","img":"https://fd2-photos.leclercdrive.fr/image.ashx?id=2456795&use=l&cat=p&typeid=i","cat":284493},{"id":323,"n":"Gâteaux Mini roulés Pépito Chocolat - 150g","p":1.74,"u":"11,60 €/KG","img":"https://fd2-photos.leclercdrive.fr/image.ashx?id=2331898&use=l&cat=p&typeid=i","cat":284495},{"id":325,"n":"Galettes Bretonnes P'tit Déli Pur beurre - 125g","p":0.73,"u":"5,84 €/KG","img":"https://fd2-photos.leclercdrive.fr/image.ashx?id=2847943&use=l&cat=p&typeid=i","cat":284487},{"id":327,"n":"Biscuits P'tit Déli Cookies Chocolat nougatine 200g","p":1.35,"u":"6,75 €/KG","img":"https://fd2-photos.leclercdrive.fr/image.ashx?id=2900022&use=l&cat=p&typeid=i","cat":325066},{"id":328,"n":"Biscuits Cookies P'tit Déli Chocolat pépite chocolat - 200g","p":1.35,"u":"6,75 €/KG","img":"https://fd2-photos.leclercdrive.fr/image.ashx?id=2900025&use=l&cat=p&typeid=i","cat":325066},{"id":329,"n":"Biscuits Bastogne LU Originale - 260g","p":1.47,"u":"5,65 €/KG","img":"https://fd2-photos.leclercdrive.fr/image.ashx?id=2346765&use=l&cat=p&typeid=i","cat":284487},{"id":349,"n":"Pain de mie nature Epi d'Or Classique - 500g","p":1.19,"u":"2,38 €/KG","img":"https://fd2-photos.leclercdrive.fr/image.ashx?id=2615582&use=l&cat=p&typeid=i","cat":284477},{"id":350,"n":"Pain de mie nature Epi d'Or Grandes tranches - 550g","p":1.09,"u":"1,98 €/KG","img":"https://fd2-photos.leclercdrive.fr/image.ashx?id=2860700&use=l&cat=p&typeid=i","cat":284477},{"id":352,"n":"Pain de mie nature Epi d'Or  Extra-moelleux - 500g","p":0.95,"u":"1,90 €/KG","img":"https://fd2-photos.leclercdrive.fr/image.ashx?id=2860697&use=l&cat=p&typeid=i","cat":284477},{"id":361,"n":"Brioche tranchée Epi d'Or Nature - 500g","p":1.65,"u":"3,30 €/KG","img":"https://fd2-photos.leclercdrive.fr/image.ashx?id=2860694&use=l&cat=p&typeid=i","cat":284478},{"id":362,"n":"Briochettes Epi d'Or Nature x12 - 480g","p":1.49,"u":"3,10 €/KG","img":"https://fd2-photos.leclercdrive.fr/image.ashx?id=2860709&use=l&cat=p&typeid=i","cat":284478},{"id":363,"n":"Pains au lait Epi d'Or x10 - 350g","p":1.19,"u":"3,40 €/KG","img":"https://fd2-photos.leclercdrive.fr/image.ashx?id=2860688&use=l&cat=p&typeid=i","cat":293505},{"id":364,"n":"Pains au chocolat Epi d'Or x8 - 360g","p":1.89,"u":"5,25 €/KG","img":"https://fd2-photos.leclercdrive.fr/image.ashx?id=2860691&use=l&cat=p&typeid=i","cat":296366},{"id":367,"n":"Barre patissière P'tit Déli 800g","p":2.2,"u":"2,75 €/KG","img":"https://fd2-photos.leclercdrive.fr/image.ashx?id=2074379&use=l&cat=p&typeid=i","cat":294776},{"id":368,"n":"Madeleine P'tit Déli coquilles Sachet 1kg","p":3.4,"u":"3,40 €/KG","img":"https://fd2-photos.leclercdrive.fr/image.ashx?id=2999493&use=l&cat=p&typeid=i","cat":284492},{"id":369,"n":"Marbré P'tit Déli 300g","p":1.89,"u":"6,30 €/KG","img":"https://fd2-photos.leclercdrive.fr/image.ashx?id=2562698&use=l&cat=p&typeid=i","cat":294776},{"id":373,"n":"Biscottes Plaine Vie Heudebert  Sans sel - 300g","p":1.64,"u":"5,47 €/KG","img":"https://fd2-photos.leclercdrive.fr/image.ashx?id=2870572&use=l&cat=p&typeid=i","cat":284479},{"id":375,"n":"Biscottes fourrées Cracotte LU  Framboise - 200g","p":1.69,"u":"8,45 €/KG","img":"https://fd2-photos.leclercdrive.fr/image.ashx?id=2873844&use=l&cat=p&typeid=i","cat":284479},{"id":376,"n":"Biscottes Cracotte LU  Froment - 250g","p":1.48,"u":"5,92 €/KG","img":"https://fd2-photos.leclercdrive.fr/image.ashx?id=3002006&use=l&cat=p&typeid=i","cat":284479},{"id":377,"n":"Biscottes Cracotte LU Gourmande - 250g","p":1.6,"u":"6,40 €/KG","img":"https://fd2-photos.leclercdrive.fr/image.ashx?id=3002009&use=l&cat=p&typeid=i","cat":284479},{"id":378,"n":"Biscottes Cracotte LU  Céréales complètes - 250g","p":1.59,"u":"6,36 €/KG","img":"https://fd2-photos.leclercdrive.fr/image.ashx?id=3002012&use=l&cat=p&typeid=i","cat":284479},{"id":379,"n":"Biscottes fourrées Cracotte Lu Chocolat - 200g","p":1.55,"u":"7,75 €/KG","img":"https://fd2-photos.leclercdrive.fr/image.ashx?id=2849704&use=l&cat=p&typeid=i","cat":284479},{"id":382,"n":"Biscottes Epi d'Or 6 céréales x36 - 300g","p":1.22,"u":"4,07 €/KG","img":"https://fd2-photos.leclercdrive.fr/image.ashx?id=2532832&use=l&cat=p&typeid=i","cat":284479},{"id":384,"n":"Biscottes Epi d'Or froment x36 - 300g","p":1.37,"u":"4,57 €/KG","img":"https://fd2-photos.leclercdrive.fr/image.ashx?id=2634854&use=l&cat=p&typeid=i","cat":284479},{"id":388,"n":"Tartines craquantes Epi d'Or  Froment - 250g","p":1.05,"u":"4,20 €/KG","img":"https://fd2-photos.leclercdrive.fr/image.ashx?id=2856121&use=l&cat=p&typeid=i","cat":284479},{"id":397,"n":"Café moulu Malongo Petits producteurs - 250g","p":4.99,"u":"19,96 €/KG","img":"https://fd2-photos.leclercdrive.fr/image.ashx?id=3003197&use=l&cat=p&typeid=i","cat":284750},{"id":399,"n":"Café moulu Plantation Intense et aromatique - 2x250g","p":6.8,"u":"13,60 €/KG","img":"https://fd2-photos.leclercdrive.fr/image.ashx?id=2607398&use=l&cat=p&typeid=i","cat":284750},{"id":400,"n":"Café moulu Plantation  Intense et aromatique - 250g","p":3.5,"u":"14,00 €/KG","img":"https://fd2-photos.leclercdrive.fr/image.ashx?id=2555050&use=l&cat=p&typeid=i","cat":284750},{"id":401,"n":"Café moulu Plantation  Brésil - 2x250g","p":7.19,"u":"14,38 €/KG","img":"https://fd2-photos.leclercdrive.fr/image.ashx?id=2824247&use=l&cat=p&typeid=i","cat":284750},{"id":402,"n":"Café moulu Plantation  Tradition - 4x250g","p":9.69,"u":"9,69 €/KG","img":"https://fd2-photos.leclercdrive.fr/image.ashx?id=2856408&use=l&cat=p&typeid=i","cat":284750},{"id":407,"n":"Café et Chicorée Soluble Ricoré Lait - 400g","p":6.1,"u":"15,25 €/KG","img":"https://fd2-photos.leclercdrive.fr/image.ashx?id=2979617&use=l&cat=p&typeid=i","cat":284843},{"id":435,"n":"Infusion Tiséa Tilleul Menthe - x25","p":1.05,"u":"26,25 €/KG","img":"https://fd2-photos.leclercdrive.fr/image.ashx?id=2481748&use=l&cat=p&typeid=i","cat":293234},{"id":444,"n":"Lait en poudre Régilait Demi écrémé - 300g","p":2.36,"u":"7,87 €/KG","img":"https://fd2-photos.leclercdrive.fr/image.ashx?id=2110077&use=l&cat=p&typeid=i","cat":299162},{"id":446,"n":"Lait en poudre Délisse Ecrémé - 300g","p":2.1,"u":"7,00 €/KG","img":"https://fd2-photos.leclercdrive.fr/image.ashx?id=2545467&use=l&cat=p&typeid=i","cat":299162},{"id":450,"n":"Chocolat poudre Van Houten 250g","p":3.87,"u":"15,48 €/KG","img":"https://fd2-photos.leclercdrive.fr/image.ashx?id=2647173&use=l&cat=p&typeid=i","cat":293235},{"id":451,"n":"Confiture Bonne Maman Abricots - 370g","p":1.64,"u":"4,43 €/KG","img":"https://fd2-photos.leclercdrive.fr/image.ashx?id=3001275&use=l&cat=p&typeid=i","cat":284480},{"id":453,"n":"Confiture extra figues NRT De Provence - 315g","p":2.64,"u":"8,38 €/KG","img":"https://fd2-photos.leclercdrive.fr/image.ashx?id=2699801&use=l&cat=p&typeid=i","cat":284480},{"id":456,"n":"Céréales Golden Grahams Nestlé 375g","p":2.27,"u":"6,05 €/KG","img":"https://fd2-photos.leclercdrive.fr/image.ashx?id=2979830&use=l&cat=p&typeid=i","cat":309513},{"id":473,"n":"Céréales Lion Nestlé Caramel et Chocolat - 400g","p":2.61,"u":"6,53 €/KG","img":"https://fd2-photos.leclercdrive.fr/image.ashx?id=2927453&use=l&cat=p&typeid=i","cat":309513},{"id":474,"n":"Céréales Cookie Crisp Nestlé 375g","p":2.3,"u":"6,13 €/KG","img":"https://fd2-photos.leclercdrive.fr/image.ashx?id=2926443&use=l&cat=p&typeid=i","cat":309513},{"id":475,"n":"Céréales Chokella Nestlé Choco Noisette - 350g","p":2.28,"u":"6,51 €/KG","img":"https://fd2-photos.leclercdrive.fr/image.ashx?id=2844766&use=l&cat=p&typeid=i","cat":309513},{"id":491,"n":"Levure boulangère Francine 30g","p":1.07,"u":"35,67 €/KG","img":"https://fd2-photos.leclercdrive.fr/image.ashx?id=2210083&use=l&cat=p&typeid=i","cat":294686},{"id":492,"n":"Farine fluide Tablier Blanc Sans grumeaux - 1kg","p":0.85,"u":"0,85 €/KG","img":"https://fd2-photos.leclercdrive.fr/image.ashx?id=2832631&use=l&cat=p&typeid=i","cat":284503},{"id":494,"n":"Levure boulangère Alsa Briochin - x5 - 27.5g","p":0.85,"u":"30,36 €/KG","img":"https://fd2-photos.leclercdrive.fr/image.ashx?id=3007906&use=l&cat=p&typeid=i","cat":294686},{"id":497,"n":"Sucre Vanillé Alsa x12 - 90g","p":2.02,"u":"22,44 €/KG","img":"https://fd2-photos.leclercdrive.fr/image.ashx?id=3004459&use=l&cat=p&typeid=i","cat":294686},{"id":528,"n":"Bonbons Copains Copines Cola acide - 275 g","p":1.53,"u":"5,56 €/KG","img":"https://fd2-photos.leclercdrive.fr/image.ashx?id=2934658&use=l&cat=p&typeid=i","cat":304250},{"id":529,"n":"Bonbons Copains Copines Chocours 200g","p":1.25,"u":"6,25 €/KG","img":"https://fd2-photos.leclercdrive.fr/image.ashx?id=2934649&use=l&cat=p&typeid=i","cat":304250},{"id":546,"n":"Eau minérale naturelle Des Alpes - 6x50cl","p":1.98,"u":"0,66 €/L","img":"https://fd2-photos.leclercdrive.fr/image.ashx?id=552962&use=l&cat=p&typeid=i","cat":284535},{"id":547,"n":"Eau de source de Montagne 5L","p":0.87,"u":"0,17 €/L","img":"https://fd2-photos.leclercdrive.fr/image.ashx?id=2699420&use=l&cat=p&typeid=i","cat":284535},{"id":567,"n":"Eau gazeuse San Pellegrino Minérale naturelle - 6x50cl","p":2.86,"u":"0,95 €/L","img":"https://fd2-photos.leclercdrive.fr/image.ashx?id=2145871&use=l&cat=p&typeid=i","cat":284536},{"id":569,"n":"Eau gazeuse Badoit Verte finement pétillante - 50cl","p":0.47,"u":"0,94 €/L","img":"https://fd2-photos.leclercdrive.fr/image.ashx?id=2730628&use=l&cat=p&typeid=i","cat":284536},{"id":591,"n":"Sirop Frucci Citron - 75cl","p":1.69,"u":"2,25 €/L","img":"https://fd2-photos.leclercdrive.fr/image.ashx?id=2842214&use=l&cat=p&typeid=i","cat":295020},{"id":592,"n":"Sirop Frucci Grenadine - 75cl","p":1.99,"u":"2,65 €/L","img":"https://fd2-photos.leclercdrive.fr/image.ashx?id=2842220&use=l&cat=p&typeid=i","cat":295020},{"id":593,"n":"Sirop Frucci Pêche - 75cl","p":2.39,"u":"3,19 €/L","img":"https://fd2-photos.leclercdrive.fr/image.ashx?id=2842226&use=l&cat=p&typeid=i","cat":295020},{"id":594,"n":"Sirop Frucci Framboise - 75cl","p":3.52,"u":"4,69 €/L","img":"https://fd2-photos.leclercdrive.fr/image.ashx?id=2909867&use=l&cat=p&typeid=i","cat":295020},{"id":595,"n":"Sirop Frucci Fraise - 75cl","p":2.69,"u":"3,59 €/L","img":"https://fd2-photos.leclercdrive.fr/image.ashx?id=2842232&use=l&cat=p&typeid=i","cat":295020},{"id":596,"n":"Sirop Frucci Cassis - 75cl","p":2.94,"u":"3,92 €/L","img":"https://fd2-photos.leclercdrive.fr/image.ashx?id=2842238&use=l&cat=p&typeid=i","cat":295020},{"id":598,"n":"100% Pur jus de tomate Jafaden bouteille plastique -1L","p":2.05,"u":"2,05 €/L","img":"https://fd2-photos.leclercdrive.fr/image.ashx?id=2860682&use=l&cat=p&typeid=i","cat":284523},{"id":612,"n":"100% Pur jus d'orange Jafaden Sans pulpe - 1L","p":2.22,"u":"2,22 €/L","img":"https://fd2-photos.leclercdrive.fr/image.ashx?id=2955620&use=l&cat=p&typeid=i","cat":284521},{"id":613,"n":"Jus d'orange Jafaden A base de concentré - 6x20cl","p":1.99,"u":"1,66 €/L","img":"https://fd2-photos.leclercdrive.fr/image.ashx?id=2751871&use=l&cat=p&typeid=i","cat":284524},{"id":617,"n":"100% Pur jus d'orange Jafaden  Sans pulpe - 1,5L","p":2.65,"u":"1,77 €/L","img":"https://fd2-photos.leclercdrive.fr/image.ashx?id=2842468&use=l&cat=p&typeid=i","cat":284521},{"id":619,"n":"Nectar orange Jafaden 2L","p":2.52,"u":"1,26 €/L","img":"https://fd2-photos.leclercdrive.fr/image.ashx?id=2955644&use=l&cat=p&typeid=i","cat":284521},{"id":621,"n":"100% Pur jus d'orange Jafaden  Sans pulpe - 2L","p":3.49,"u":"1,75 €/L","img":"https://fd2-photos.leclercdrive.fr/image.ashx?id=2842456&use=l&cat=p&typeid=i","cat":284521},{"id":624,"n":"Pur Jus de pommes NRT De Bretagne - 1L","p":2.51,"u":"2,51 €/L","img":"https://fd2-photos.leclercdrive.fr/image.ashx?id=2590463&use=l&cat=p&typeid=i","cat":284522},{"id":625,"n":"Pur jus raisin Jafaden 1L","p":1.55,"u":"1,55 €/L","img":"https://fd2-photos.leclercdrive.fr/image.ashx?id=2978507&use=l&cat=p&typeid=i","cat":284915},{"id":627,"n":"Jus pamplemousse rose Jafaden A base de concentré - 1L","p":1.55,"u":"1,55 €/L","img":"https://fd2-photos.leclercdrive.fr/image.ashx?id=2917641&use=l&cat=p&typeid=i","cat":284914},{"id":630,"n":"Nectar Jafaden Orange banane - 2L","p":3.19,"u":"1,60 €/L","img":"https://fd2-photos.leclercdrive.fr/image.ashx?id=2955680&use=l&cat=p&typeid=i","cat":284915},{"id":632,"n":"Jus ananas Jafaden A base de concentré 1L","p":1.75,"u":"1,75 €/L","img":"https://fd2-photos.leclercdrive.fr/image.ashx?id=2919592&use=l&cat=p&typeid=i","cat":284916},{"id":638,"n":"Jus multifruits Jafaden 1L","p":1.89,"u":"1,89 €/L","img":"https://fd2-photos.leclercdrive.fr/image.ashx?id=2916659&use=l&cat=p&typeid=i","cat":285435},{"id":656,"n":"Soda Jean's Cola Canette - 6x33cl","p":2.26,"u":"1,14 €/L","img":"https://fd2-photos.leclercdrive.fr/image.ashx?id=2637829&use=l&cat=p&typeid=i","cat":284530},{"id":669,"n":"Limonade des Pyrénées NRT 6x33cl","p":3.35,"u":"1,69 €/L","img":"https://fd2-photos.leclercdrive.fr/image.ashx?id=2771055&use=l&cat=p&typeid=i","cat":284531},{"id":682,"n":"Soda Pulp'Orange Bouteille - 1,5L","p":1.47,"u":"0,98 €/L","img":"https://fd2-photos.leclercdrive.fr/image.ashx?id=2922382&use=l&cat=p&typeid=i","cat":284532},{"id":689,"n":"Thé glacé Fresh Tea Pêche - Canette -  6x33cl","p":2.49,"u":"1,26 €/L","img":"https://fd2-photos.leclercdrive.fr/image.ashx?id=2622239&use=l&cat=p&typeid=i","cat":295019},{"id":700,"n":"Bière blonde 1664 5,5° - 4x50cl canettes","p":4.63,"u":"2,32 €/L","img":"https://fd2-photos.leclercdrive.fr/image.ashx?id=2793536&use=l&cat=p&typeid=i","cat":334853},{"id":726,"n":"Bière blonde Amsterdam  Maximator 11.6% vol. - 50cl","p":1.79,"u":"3,58 €/L","img":"https://fd2-photos.leclercdrive.fr/image.ashx?id=2190897&use=l&cat=p&typeid=i","cat":334853},{"id":731,"n":"Bière blonde forte Falsbourg Canette - 8%vol. - 50cl","p":0.98,"u":"1,96 €/L","img":"https://fd2-photos.leclercdrive.fr/image.ashx?id=2637838&use=l&cat=p&typeid=i","cat":334853},{"id":737,"n":"Rhum blanc Lagoa 40%vol - 70cl","p":9.99,"u":"14,27 €/L","img":"https://fd2-photos.leclercdrive.fr/image.ashx?id=2966469&use=l&cat=p&typeid=i","cat":284550},{"id":741,"n":"IGP Pays d'Oc Chardonnay Blanc Vieux Carion 13% vol -75 cl","p":2.75,"u":"3,67 €/L","img":"https://fd2-photos.leclercdrive.fr/image.ashx?id=2874690&use=l&cat=p&typeid=i","cat":289557},{"id":742,"n":"AOP Cabernet d'Anjou vin rosé Les Caractères - BIB 3L - 11%","p":13.49,"u":"4,50 €/L","img":"https://fd2-photos.leclercdrive.fr/image.ashx?id=2796523&use=l&cat=p&typeid=i","cat":289560},{"id":744,"n":"Cidre bouché Les Goelleries Breton brut 5%vol. - 75cl","p":1.99,"u":"2,65 €/L","img":"https://fd2-photos.leclercdrive.fr/image.ashx?id=2842184&use=l&cat=p&typeid=i","cat":334880},{"id":749,"n":"Camembert Les Croisés 20%MG - 250g","p":1.53,"u":"6,12 €/KG","img":"https://fd2-photos.leclercdrive.fr/image.ashx?id=2974762&use=l&cat=p&typeid=i","cat":314033},{"id":750,"n":"Camembert de Pays Les Croisés 21% mg - 250 gr","p":1.75,"u":"7,00 €/KG","img":"https://fd2-photos.leclercdrive.fr/image.ashx?id=2974795&use=l&cat=p&typeid=i","cat":314033},{"id":751,"n":"Coulommiers Les Croisés Tendre/Onctueux - 24%mg - 350g","p":2.15,"u":"6,14 €/KG","img":"https://fd2-photos.leclercdrive.fr/image.ashx?id=2974768&use=l&cat=p&typeid=i","cat":314033},{"id":752,"n":"Petit Brie Les Croisés 32% matière grasse - 500g","p":4.31,"u":"8,62 €/KG","img":"https://fd2-photos.leclercdrive.fr/image.ashx?id=2974792&use=l&cat=p&typeid=i","cat":314033},{"id":753,"n":"Pointe de Brie Les Croisés 32% mg - 200g","p":1.45,"u":"7,25 €/KG","img":"https://fd2-photos.leclercdrive.fr/image.ashx?id=2974771&use=l&cat=p&typeid=i","cat":314033},{"id":754,"n":"Fromage Les Croisés Coeur Crème Lait pasteurisé 33%mg - 300g","p":2.29,"u":"7,63 €/KG","img":"https://fd2-photos.leclercdrive.fr/image.ashx?id=2970726&use=l&cat=p&typeid=i","cat":314033},{"id":757,"n":"Fromage Comté Entremont 32 %mg - 350g","p":5.2,"u":"14,86 €/KG","img":"https://fd2-photos.leclercdrive.fr/image.ashx?id=2983147&use=l&cat=p&typeid=i","cat":314034},{"id":760,"n":"Emmental fromage bloc Les Croisés - 250g","p":2.24,"u":"8,96 €/KG","img":"https://fd2-photos.leclercdrive.fr/image.ashx?id=2904550&use=l&cat=p&typeid=i","cat":314034},{"id":764,"n":"Fromage Bleu Les Croisés Lait pasteurisé 31% mg - 250g","p":2.29,"u":"9,16 €/KG","img":"https://fd2-photos.leclercdrive.fr/image.ashx?id=2642100&use=l&cat=p&typeid=i","cat":314032},{"id":768,"n":"Fromage de chèvre Les Croisés Lait pasteurisé 22%mg - 180g","p":2.29,"u":"12,72 €/KG","img":"https://fd2-photos.leclercdrive.fr/image.ashx?id=2048615&use=l&cat=p&typeid=i","cat":314031},{"id":769,"n":"Fromage de Brebis Les Croisés -Tranche - 200g","p":2.22,"u":"11,10 €/KG","img":"https://fd2-photos.leclercdrive.fr/image.ashx?id=2237499&use=l&cat=p&typeid=i","cat":314031},{"id":786,"n":"Chaussée aux Moines 450g","p":4.0,"u":"8,89 €/KG","img":"https://fd2-photos.leclercdrive.fr/image.ashx?id=2771166&use=l&cat=p&typeid=i","cat":329184},{"id":794,"n":"Rocamadour NRT AOP  Fromage de chèvre - 3x35g","p":2.69,"u":"25,62 €/KG","img":"https://fd2-photos.leclercdrive.fr/image.ashx?id=2954142&use=l&cat=p&typeid=i","cat":314031},{"id":795,"n":"Fromage Brique Les Croisés Lait pasteurisé 60%mg - 200g","p":1.74,"u":"8,70 €/KG","img":"https://fd2-photos.leclercdrive.fr/image.ashx?id=2615804&use=l&cat=p&typeid=i","cat":314033},{"id":796,"n":"Fromage raclette Les Croisés Tranchette lait pasteurisé 400g","p":3.89,"u":"9,73 €/KG","img":"https://fd2-photos.leclercdrive.fr/image.ashx?id=2791704&use=l&cat=p&typeid=i","cat":314037},{"id":800,"n":"Mozzarella Les Croisés - 125g","p":0.93,"u":"7,44 €/KG","img":"https://fd2-photos.leclercdrive.fr/image.ashx?id=2129990&use=l&cat=p&typeid=i","cat":314026},{"id":806,"n":"Emmental fromage rapé Les Croisés - 500g","p":3.99,"u":"7,98 €/KG","img":"https://fd2-photos.leclercdrive.fr/image.ashx?id=2832903&use=l&cat=p&typeid=i","cat":314035},{"id":807,"n":"Emmental fromage rapé Les Croisés - 200g","p":1.65,"u":"8,25 €/KG","img":"https://fd2-photos.leclercdrive.fr/image.ashx?id=2949409&use=l&cat=p&typeid=i","cat":314035},{"id":808,"n":"Emmental fromage rapé Les Croisés - 100g","p":1.1,"u":"11,00 €/KG","img":"https://fd2-photos.leclercdrive.fr/image.ashx?id=2893283&use=l&cat=p&typeid=i","cat":314035},{"id":809,"n":"Râpé Parmigiano Reggiano AOP Les Croisés - 60g","p":1.1,"u":"18,33 €/KG","img":"https://fd2-photos.leclercdrive.fr/image.ashx?id=2903947&use=l&cat=p&typeid=i","cat":314035},{"id":810,"n":"Râpé Grana Padano AOP Les Croisés - 100g","p":1.5,"u":"15,00 €/KG","img":"https://fd2-photos.leclercdrive.fr/image.ashx?id=2903938&use=l&cat=p&typeid=i","cat":314035},{"id":816,"n":"Yaourts Délisse Nature - 16x125g","p":2.25,"u":"1,13 €/KG","img":"https://fd2-photos.leclercdrive.fr/image.ashx?id=2974756&use=l&cat=p&typeid=i","cat":284409},{"id":817,"n":"Yaourts Délisse Nature - 12x125g","p":1.85,"u":"1,23 €/KG","img":"https://fd2-photos.leclercdrive.fr/image.ashx?id=2971867&use=l&cat=p&typeid=i","cat":284409},{"id":818,"n":"Yaourts brassés Délisse  Nature - 8x125g","p":1.65,"u":"1,65 €/KG","img":"https://fd2-photos.leclercdrive.fr/image.ashx?id=2742611&use=l&cat=p&typeid=i","cat":284409},{"id":819,"n":"Yaourts brassés Délisse Nature - 16x125g","p":2.99,"u":"1,50 €/KG","img":"https://fd2-photos.leclercdrive.fr/image.ashx?id=3003049&use=l&cat=p&typeid=i","cat":284409},{"id":821,"n":"Yaourts sucrés Délisse Nature - 16x125g","p":2.69,"u":"1,35 €/KG","img":"https://fd2-photos.leclercdrive.fr/image.ashx?id=2591485&use=l&cat=p&typeid=i","cat":284409},{"id":822,"n":"Yaourts à la Grecque Délisse Nature - 4x150g","p":1.29,"u":"2,15 €/KG","img":"https://fd2-photos.leclercdrive.fr/image.ashx?id=2882999&use=l&cat=p&typeid=i","cat":314999},{"id":834,"n":"Yaourts La Laitière Fruits pâtissiers - 12x125g","p":4.39,"u":"2,93 €/KG","img":"https://fd2-photos.leclercdrive.fr/image.ashx?id=2578684&use=l&cat=p&typeid=i","cat":314999},{"id":839,"n":"Yaourts crémeux Délisse Panaché de fruits - 16x125g","p":4.32,"u":"2,16 €/KG","img":"https://fd2-photos.leclercdrive.fr/image.ashx?id=2799236&use=l&cat=p&typeid=i","cat":284410},{"id":841,"n":"Yaourts brassés Délisse Panaché de fruits - 16x125g","p":3.26,"u":"1,63 €/KG","img":"https://fd2-photos.leclercdrive.fr/image.ashx?id=2494211&use=l&cat=p&typeid=i","cat":284410},{"id":842,"n":"Yaourts aux fruits Délisse Panaché de fruits - 16x125g","p":3.78,"u":"1,89 €/KG","img":"https://fd2-photos.leclercdrive.fr/image.ashx?id=2609544&use=l&cat=p&typeid=i","cat":284410},{"id":843,"n":"Yaourts Crème Délisse Stracciatella - 4x125g","p":2.04,"u":"4,08 €/KG","img":"https://fd2-photos.leclercdrive.fr/image.ashx?id=2117120&use=l&cat=p&typeid=i","cat":314999},{"id":872,"n":"Actifidus Delisse Nature - 12x125g","p":2.23,"u":"1,49 €/KG","img":"https://fd2-photos.leclercdrive.fr/image.ashx?id=2452666&use=l&cat=p&typeid=i","cat":315000},{"id":879,"n":"Fromage blanc sous mousse  Gervita nature - 4x100g","p":1.86,"u":"4,65 €/KG","img":"https://fd2-photos.leclercdrive.fr/image.ashx?id=2746157&use=l&cat=p&typeid=i","cat":284409},{"id":887,"n":"Fromage frais Délisse Fruits panachés 22%mg - 12x50g","p":1.51,"u":"2,52 €/KG","img":"https://fd2-photos.leclercdrive.fr/image.ashx?id=2922491&use=l&cat=p&typeid=i","cat":284414},{"id":890,"n":"Fromage frais Délisse Nature 3,8% MG - 12x60g","p":1.64,"u":"2,28 €/KG","img":"https://fd2-photos.leclercdrive.fr/image.ashx?id=1951840&use=l&cat=p&typeid=i","cat":284409},{"id":894,"n":"Fromage blanc Délisse Nature 0% MG - 8x100g","p":1.79,"u":"2,24 €/KG","img":"https://fd2-photos.leclercdrive.fr/image.ashx?id=2898817&use=l&cat=p&typeid=i","cat":315000},{"id":895,"n":"Fromage blanc Délisse Nature - 3,1% MG - 8x100g","p":1.79,"u":"2,24 €/KG","img":"https://fd2-photos.leclercdrive.fr/image.ashx?id=3012791&use=l&cat=p&typeid=i","cat":284409},{"id":897,"n":"Fromage blanc Délisse Nature 3.1% MG - 1kg","p":1.97,"u":"1,97 €/KG","img":"https://fd2-photos.leclercdrive.fr/image.ashx?id=3012788&use=l&cat=p&typeid=i","cat":284409},{"id":899,"n":"Dessert Enfant Petits Filous Chocolat - 6x100g","p":2.12,"u":"3,53 €/KG","img":"https://fd2-photos.leclercdrive.fr/image.ashx?id=2878828&use=l&cat=p&typeid=i","cat":284414},{"id":909,"n":"Crème dessert Danette Chocolat et lait - 6x70g","p":1.59,"u":"3,79 €/KG","img":"https://fd2-photos.leclercdrive.fr/image.ashx?id=1984855&use=l&cat=p&typeid=i","cat":285041},{"id":918,"n":"Crème dessert Délisse Café - 4x125g","p":0.89,"u":"1,78 €/KG","img":"https://fd2-photos.leclercdrive.fr/image.ashx?id=2441048&use=l&cat=p&typeid=i","cat":285041},{"id":919,"n":"Crème dessert Délisse Caramel - 4x125g","p":0.91,"u":"1,82 €/KG","img":"https://fd2-photos.leclercdrive.fr/image.ashx?id=2854204&use=l&cat=p&typeid=i","cat":285041},{"id":920,"n":"Crème dessert Délisse Chocolat - 4x125g","p":0.95,"u":"1,90 €/KG","img":"https://fd2-photos.leclercdrive.fr/image.ashx?id=2854207&use=l&cat=p&typeid=i","cat":285041},{"id":921,"n":"Crème dessert Délisse Vanille - 4x125g","p":0.89,"u":"1,78 €/KG","img":"https://fd2-photos.leclercdrive.fr/image.ashx?id=2854210&use=l&cat=p&typeid=i","cat":285041},{"id":922,"n":"Crème dessert Délisse Praliné - 4x125g","p":0.95,"u":"1,90 €/KG","img":"https://fd2-photos.leclercdrive.fr/image.ashx?id=2441066&use=l&cat=p&typeid=i","cat":285041},{"id":923,"n":"Crème dessert Délisse Panaché - 12x125g","p":2.83,"u":"1,89 €/KG","img":"https://fd2-photos.leclercdrive.fr/image.ashx?id=2465211&use=l&cat=p&typeid=i","cat":285041},{"id":924,"n":"Petit pot de crème Délisse Chocolat - 4x100g","p":1.88,"u":"4,70 €/KG","img":"https://fd2-photos.leclercdrive.fr/image.ashx?id=2544967&use=l&cat=p&typeid=i","cat":285041},{"id":925,"n":"Petit pot de crème Délisse Vanille - 4x100g","p":1.74,"u":"4,35 €/KG","img":"https://fd2-photos.leclercdrive.fr/image.ashx?id=2556508&use=l&cat=p&typeid=i","cat":285041},{"id":926,"n":"Petit pot de crème Délisse Noix de coco - 4x100g","p":2.1,"u":"5,25 €/KG","img":"https://fd2-photos.leclercdrive.fr/image.ashx?id=2722387&use=l&cat=p&typeid=i","cat":285041},{"id":927,"n":"Petit pot de crème Délisse Caramel - 4x100g","p":1.85,"u":"4,63 €/KG","img":"https://fd2-photos.leclercdrive.fr/image.ashx?id=2556511&use=l&cat=p&typeid=i","cat":285041},{"id":931,"n":"Dessert Liégeois Délisse Café - 4x100g","p":0.99,"u":"2,48 €/KG","img":"https://fd2-photos.leclercdrive.fr/image.ashx?id=2630881&use=l&cat=p&typeid=i","cat":285042},{"id":933,"n":"Dessert Liégeois Délisse Chocolat Café - 8x100g","p":2.19,"u":"2,74 €/KG","img":"https://fd2-photos.leclercdrive.fr/image.ashx?id=1703227&use=l&cat=p&typeid=i","cat":285042},{"id":934,"n":"Dessert Liégeois Délisse Chocolat - 12x100g","p":3.14,"u":"2,62 €/KG","img":"https://fd2-photos.leclercdrive.fr/image.ashx?id=1868857&use=l&cat=p&typeid=i","cat":285042},{"id":935,"n":"Dessert Liégeois Délisse Vanille Caramel - 8x100g","p":1.98,"u":"2,48 €/KG","img":"https://fd2-photos.leclercdrive.fr/image.ashx?id=1713618&use=l&cat=p&typeid=i","cat":285042},{"id":936,"n":"Riz au lait Délisse  Vanille - 4x115g","p":1.35,"u":"2,93 €/KG","img":"https://fd2-photos.leclercdrive.fr/image.ashx?id=2489107&use=l&cat=p&typeid=i","cat":284418},{"id":939,"n":"Semoule au lait Délisse Vanille - 4x115g","p":1.09,"u":"2,37 €/KG","img":"https://fd2-photos.leclercdrive.fr/image.ashx?id=2254514&use=l&cat=p&typeid=i","cat":284418},{"id":940,"n":"Gâteaux de riz Délisse 4x100g","p":1.49,"u":"3,73 €/KG","img":"https://fd2-photos.leclercdrive.fr/image.ashx?id=2898820&use=l&cat=p&typeid=i","cat":284418},{"id":941,"n":"Mousse liégeoise Viennois  Chocolat - 8x90g","p":2.88,"u":"4,00 €/KG","img":"https://fd2-photos.leclercdrive.fr/image.ashx?id=2855043&use=l&cat=p&typeid=i","cat":284417},{"id":942,"n":"Mousse à la liégeoise Délisse Vanille - 8x80g","p":2.62,"u":"4,09 €/KG","img":"https://fd2-photos.leclercdrive.fr/image.ashx?id=3009487&use=l&cat=p&typeid=i","cat":284417},{"id":943,"n":"Mousse Délisse Chocolat noir - 4x60g","p":1.15,"u":"4,79 €/KG","img":"https://fd2-photos.leclercdrive.fr/image.ashx?id=3009493&use=l&cat=p&typeid=i","cat":284417},{"id":944,"n":"Mousse au chocolat Délisse Chocolat au lait - 4x60g","p":1.15,"u":"4,79 €/KG","img":"https://fd2-photos.leclercdrive.fr/image.ashx?id=3009496&use=l&cat=p&typeid=i","cat":284417},{"id":955,"n":"Ile flottante Délisse Crème anglaise - 4x100g","p":1.89,"u":"4,73 €/KG","img":"https://fd2-photos.leclercdrive.fr/image.ashx?id=2860706&use=l&cat=p&typeid=i","cat":284419},{"id":970,"n":"Boisson lactée au cacao Cacolac Bouteilles - 8x20cl","p":5.4,"u":"3,38 €/L","img":"https://fd2-photos.leclercdrive.fr/image.ashx?id=2762085&use=l&cat=p&typeid=i","cat":295246},{"id":979,"n":"Beurre Mini Elle&Vire  Doux - 82% MG - 16P - 200g","p":2.82,"u":"14,10 €/KG","img":"https://fd2-photos.leclercdrive.fr/image.ashx?id=2528397&use=l&cat=p&typeid=i","cat":284379},{"id":983,"n":"Beurre Tendre Les Croisés Doux - 82% MG - 250g","p":2.59,"u":"10,36 €/KG","img":"https://fd2-photos.leclercdrive.fr/image.ashx?id=2778018&use=l&cat=p&typeid=i","cat":284379},{"id":985,"n":"Beurre de Bretagne Les Croisés Doux - 82% MG - 500g","p":4.89,"u":"9,78 €/KG","img":"https://fd2-photos.leclercdrive.fr/image.ashx?id=2943605&use=l&cat=p&typeid=i","cat":284379},{"id":988,"n":"Beurre Les Croisés 80% MG  Demi-sel Extra fin - 250g","p":2.39,"u":"9,56 €/KG","img":"https://fd2-photos.leclercdrive.fr/image.ashx?id=2777949&use=l&cat=p&typeid=i","cat":284379},{"id":989,"n":"Beurre Tendre Les Croisés Demi-sel - 80% MG - 250g","p":2.62,"u":"10,48 €/KG","img":"https://fd2-photos.leclercdrive.fr/image.ashx?id=2778006&use=l&cat=p&typeid=i","cat":284379},{"id":990,"n":"Beurre Tendre Les Croisés Doux - 82% MG - 250g","p":2.29,"u":"9,16 €/KG","img":"https://fd2-photos.leclercdrive.fr/image.ashx?id=2839890&use=l&cat=p&typeid=i","cat":284379},{"id":991,"n":"Beurre de Bretagne Les Croisés Demi-sel - 80% MG - 500g","p":4.89,"u":"9,78 €/KG","img":"https://fd2-photos.leclercdrive.fr/image.ashx?id=2943602&use=l&cat=p&typeid=i","cat":284379},{"id":1003,"n":"Crème UHT Elle & Vire Fluide Entière - 30% MG - 1L","p":5.21,"u":"5,21 €/L","img":"https://fd2-photos.leclercdrive.fr/image.ashx?id=3008554&use=l&cat=p&typeid=i","cat":284381},{"id":1004,"n":"Crème UHT Elle&Vire Semi-Ep. Si Légère - 4% MG - 3x20cl","p":2.39,"u":"3,98 €/L","img":"https://fd2-photos.leclercdrive.fr/image.ashx?id=2985282&use=l&cat=p&typeid=i","cat":284381},{"id":1005,"n":"Crème Chantilly sucrée Délisse Entière sous pression - 250g","p":1.95,"u":"7,80 €/KG","img":"https://fd2-photos.leclercdrive.fr/image.ashx?id=3002512&use=l&cat=p&typeid=i","cat":284382},{"id":1006,"n":"Crème Chantilly sucrée Délisse Allégée sous pression - 250g","p":1.85,"u":"7,40 €/KG","img":"https://fd2-photos.leclercdrive.fr/image.ashx?id=3002515&use=l&cat=p&typeid=i","cat":284382},{"id":1008,"n":"Crème entière fluide Délisse 30%mg - 3x20cl","p":2.65,"u":"4,42 €/L","img":"https://fd2-photos.leclercdrive.fr/image.ashx?id=2509977&use=l&cat=p&typeid=i","cat":284381},{"id":1009,"n":"Crème légère semi-épaisse   Délisse 18%mg - 3x20cl","p":2.09,"u":"3,48 €/L","img":"https://fd2-photos.leclercdrive.fr/image.ashx?id=3002551&use=l&cat=p&typeid=i","cat":284381},{"id":1010,"n":"Crème entière d'Isigny AOP NRT 40cl","p":2.99,"u":"7,48 €/L","img":"https://fd2-photos.leclercdrive.fr/image.ashx?id=2255331&use=l&cat=p&typeid=i","cat":284381},{"id":1011,"n":"Crème fraîche légère Délisse Epaisse - 15% MG - 20cl","p":0.7,"u":"3,50 €/L","img":"https://fd2-photos.leclercdrive.fr/image.ashx?id=832927&use=l&cat=p&typeid=i","cat":284381},{"id":1012,"n":"Crème fraîche légère Délisse Epaisse - 15% MG  - 50cl","p":1.55,"u":"3,10 €/L","img":"https://fd2-photos.leclercdrive.fr/image.ashx?id=3002539&use=l&cat=p&typeid=i","cat":284381},{"id":1013,"n":"Crème fraîche entière Délisse Epaisse - 30% MG - 20cl","p":0.84,"u":"4,20 €/L","img":"https://fd2-photos.leclercdrive.fr/image.ashx?id=832931&use=l&cat=p&typeid=i","cat":284381},{"id":1014,"n":"Crème fraîche entière Délisse Epaisse - 30% MG- 50cl","p":1.95,"u":"3,90 €/L","img":"https://fd2-photos.leclercdrive.fr/image.ashx?id=3002524&use=l&cat=p&typeid=i","cat":284381},{"id":1019,"n":"Jambon Italien Saint Azay x6 - 100g","p":1.75,"u":"17,50 €/KG","img":"https://fd2-photos.leclercdrive.fr/image.ashx?id=2466871&use=l&cat=p&typeid=i","cat":316007},{"id":1022,"n":"Bacon Saint Azay x15 - 150g","p":1.79,"u":"11,93 €/KG","img":"https://fd2-photos.leclercdrive.fr/image.ashx?id=2974957&use=l&cat=p&typeid=i","cat":316007},{"id":1027,"n":"Plateau charcuteries Alsace NRT 200g","p":2.04,"u":"10,20 €/KG","img":"https://fd2-photos.leclercdrive.fr/image.ashx?id=2991479&use=l&cat=p&typeid=i","cat":316012},{"id":1032,"n":"Saucisse sèche Saint Azay Qualité supérieure - 300g","p":3.46,"u":"11,53 €/KG","img":"https://fd2-photos.leclercdrive.fr/image.ashx?id=2283978&use=l&cat=p&typeid=i","cat":316006},{"id":1033,"n":"Chorizo Doux Saint Azay 225g","p":1.89,"u":"8,40 €/KG","img":"https://fd2-photos.leclercdrive.fr/image.ashx?id=2293375&use=l&cat=p&typeid=i","cat":316006},{"id":1034,"n":"Chorizo Fort Saint Azay 225g","p":1.89,"u":"8,40 €/KG","img":"https://fd2-photos.leclercdrive.fr/image.ashx?id=2293378&use=l&cat=p&typeid=i","cat":316006},{"id":1058,"n":"Jambon serrano IGP Saint Azay 6 tranches - 100g","p":1.69,"u":"16,90 €/KG","img":"https://fd2-photos.leclercdrive.fr/image.ashx?id=1880521&use=l&cat=p&typeid=i","cat":316007},{"id":1069,"n":"Saucisses de Montbéliard IGP NRT - 250g","p":3.19,"u":"12,76 €/KG","img":"https://fd2-photos.leclercdrive.fr/image.ashx?id=2991470&use=l&cat=p&typeid=i","cat":316012},{"id":1070,"n":"Saucisse de Morteau NRT IGP - 350g","p":5.41,"u":"15,46 €/KG","img":"https://fd2-photos.leclercdrive.fr/image.ashx?id=2991464&use=l&cat=p&typeid=i","cat":316012},{"id":1081,"n":"Véritables Knacks d'Alsace NRT X4 - 260g","p":2.79,"u":"10,73 €/KG","img":"https://fd2-photos.leclercdrive.fr/image.ashx?id=2991488&use=l&cat=p&typeid=i","cat":316012},{"id":1087,"n":"Pâté en croûte St Azay 450g","p":2.65,"u":"5,89 €/KG","img":"https://fd2-photos.leclercdrive.fr/image.ashx?id=2932396&use=l&cat=p&typeid=i","cat":316003},{"id":1103,"n":"Foie gras de canard entier Pierre de Chaumeyrac - 180g","p":15.48,"u":"86,00 €/KG","img":"https://fd2-photos.leclercdrive.fr/image.ashx?id=2623956&use=l&cat=p&typeid=i","cat":316008},{"id":1104,"n":"Foie gras canard IGP Périgord Entier NRT - 300g","p":23.9,"u":"79,67 €/KG","img":"https://fd2-photos.leclercdrive.fr/image.ashx?id=2807318&use=l&cat=p&typeid=i","cat":316008},{"id":1105,"n":"Carottes râpées Menu Fraîcheur  Assaisonnées - 500g","p":0.99,"u":"1,98 €/KG","img":"https://fd2-photos.leclercdrive.fr/image.ashx?id=2552406&use=l&cat=p&typeid=i","cat":333657},{"id":1106,"n":"Céleri Menu Fraîcheur  Rémoulade - 300g","p":0.99,"u":"3,30 €/KG","img":"https://fd2-photos.leclercdrive.fr/image.ashx?id=2819929&use=l&cat=p&typeid=i","cat":333657},{"id":1107,"n":"Taboulé Menu Fraîcheur A l'orientale - 300g","p":0.99,"u":"3,30 €/KG","img":"https://fd2-photos.leclercdrive.fr/image.ashx?id=2816546&use=l&cat=p&typeid=i","cat":333657},{"id":1108,"n":"Taboulé Menu Fraîcheur A l'orientale - 500g","p":1.39,"u":"2,78 €/KG","img":"https://fd2-photos.leclercdrive.fr/image.ashx?id=2816549&use=l&cat=p&typeid=i","cat":333657},{"id":1109,"n":"Taboule Menu Fraîcheur Au poulet - 300g","p":1.39,"u":"4,63 €/KG","img":"https://fd2-photos.leclercdrive.fr/image.ashx?id=2901431&use=l&cat=p&typeid=i","cat":333657},{"id":1115,"n":"Croque-monsieur Côté Croc 2x100g","p":1.36,"u":"6,80 €/KG","img":"https://fd2-photos.leclercdrive.fr/image.ashx?id=2873661&use=l&cat=p&typeid=i","cat":333671},{"id":1116,"n":"Croque-monsieur Côté Croc 2x135g","p":1.94,"u":"7,19 €/KG","img":"https://fd2-photos.leclercdrive.fr/image.ashx?id=2885765&use=l&cat=p&typeid=i","cat":333671},{"id":1117,"n":"Manchons de poulet Côté Croc 250g","p":2.49,"u":"9,96 €/KG","img":"https://fd2-photos.leclercdrive.fr/image.ashx?id=2560467&use=l&cat=p&typeid=i","cat":333685},{"id":1118,"n":"Manchons de poulet Côté Croc Méxicaine - 250g","p":2.49,"u":"9,96 €/KG","img":"https://fd2-photos.leclercdrive.fr/image.ashx?id=2570031&use=l&cat=p&typeid=i","cat":333685},{"id":1119,"n":"Sandwich Côté Snack Rosette - 125g","p":0.99,"u":"7,92 €/KG","img":"https://fd2-photos.leclercdrive.fr/image.ashx?id=2794829&use=l&cat=p&typeid=i","cat":333658},{"id":1121,"n":"Sandwich Côté Snack Jambon emmental - 145g","p":1.19,"u":"8,21 €/KG","img":"https://fd2-photos.leclercdrive.fr/image.ashx?id=2609547&use=l&cat=p&typeid=i","cat":333658},{"id":1125,"n":"Cordons bleus Côté Croc Dinde - 200g","p":1.95,"u":"9,75 €/KG","img":"https://fd2-photos.leclercdrive.fr/image.ashx?id=2915113&use=l&cat=p&typeid=i","cat":333683},{"id":1126,"n":"Nuggets de poulet Côté Croc x10 - 200g","p":1.52,"u":"7,60 €/KG","img":"https://fd2-photos.leclercdrive.fr/image.ashx?id=2883312&use=l&cat=p&typeid=i","cat":333684},{"id":1127,"n":"Croque Fromage Père Dodu  x2 - 200g","p":1.86,"u":"9,30 €/KG","img":"https://fd2-photos.leclercdrive.fr/image.ashx?id=2956981&use=l&cat=p&typeid=i","cat":333683},{"id":1131,"n":"Escalope Bolognaise Père Dodu  Poulet x2 - 200g","p":2.56,"u":"12,80 €/KG","img":"https://fd2-photos.leclercdrive.fr/image.ashx?id=2956978&use=l&cat=p&typeid=i","cat":333683},{"id":1133,"n":"Nuggets de Poulet Père Dodu  x10 - 200g","p":2.13,"u":"10,65 €/KG","img":"https://fd2-photos.leclercdrive.fr/image.ashx?id=2956972&use=l&cat=p&typeid=i","cat":333684},{"id":1134,"n":"Nuggets de Fromage Père Dodu  x10 - 180g","p":2.27,"u":"12,61 €/KG","img":"https://fd2-photos.leclercdrive.fr/image.ashx?id=2956990&use=l&cat=p&typeid=i","cat":333684},{"id":1135,"n":"Pizza fraîche Turini Jambon fromage - 450g","p":2.39,"u":"5,31 €/KG","img":"https://fd2-photos.leclercdrive.fr/image.ashx?id=2709719&use=l&cat=p&typeid=i","cat":333679},{"id":1136,"n":"Pizza fraîche Turini 4 fromages - 450g","p":2.49,"u":"5,53 €/KG","img":"https://fd2-photos.leclercdrive.fr/image.ashx?id=2967639&use=l&cat=p&typeid=i","cat":333679},{"id":1137,"n":"Pizza Turini Chèvre lardons - 450g","p":2.58,"u":"5,73 €/KG","img":"https://fd2-photos.leclercdrive.fr/image.ashx?id=2727611&use=l&cat=p&typeid=i","cat":333679},{"id":1142,"n":"Ravioli Lustucru Selection  Boeuf - 300g","p":1.65,"u":"5,50 €/KG","img":"https://fd2-photos.leclercdrive.fr/image.ashx?id=2938659&use=l&cat=p&typeid=i","cat":333682},{"id":1144,"n":"Ravioli jambon Turini 300g","p":2.06,"u":"6,87 €/KG","img":"https://fd2-photos.leclercdrive.fr/image.ashx?id=2777997&use=l&cat=p&typeid=i","cat":333682},{"id":1145,"n":"Ravioli 4 fromages Turini 300g","p":1.49,"u":"4,97 €/KG","img":"https://fd2-photos.leclercdrive.fr/image.ashx?id=813114&use=l&cat=p&typeid=i","cat":333682},{"id":1147,"n":"Kit Pâte à pizza Croustipate 600g","p":3.18,"u":"5,30 €/KG","img":"https://fd2-photos.leclercdrive.fr/image.ashx?id=2161651&use=l&cat=p&typeid=i","cat":333681},{"id":1149,"n":"Pâte à pizza Tablier Blanc 260g","p":1.05,"u":"4,04 €/KG","img":"https://fd2-photos.leclercdrive.fr/image.ashx?id=2041773&use=l&cat=p&typeid=i","cat":333681},{"id":1150,"n":"Pâte sablée Tablier Blanc 230g","p":1.09,"u":"4,74 €/KG","img":"https://fd2-photos.leclercdrive.fr/image.ashx?id=2635898&use=l&cat=p&typeid=i","cat":333681},{"id":1151,"n":"Pâte feuilletée Tablier Blanc Au beurre - 230g","p":1.15,"u":"5,00 €/KG","img":"https://fd2-photos.leclercdrive.fr/image.ashx?id=2635895&use=l&cat=p&typeid=i","cat":333681},{"id":1152,"n":"Pâte feuilletée Tablier Blanc Prête à dérouler - 230g","p":0.73,"u":"3,17 €/KG","img":"https://fd2-photos.leclercdrive.fr/image.ashx?id=2635889&use=l&cat=p&typeid=i","cat":333681},{"id":1154,"n":"Lardons de saumon fumé Ronde des Mers - 90g","p":3.6,"u":"40,00 €/KG","img":"https://fd2-photos.leclercdrive.fr/image.ashx?id=2966240&use=l&cat=p&typeid=i","cat":285188},{"id":1163,"n":"Mini blinis Ronde des Mers x16 - 135g","p":0.99,"u":"7,33 €/KG","img":"https://fd2-photos.leclercdrive.fr/image.ashx?id=2981849&use=l&cat=p&typeid=i","cat":285191},{"id":1164,"n":"Bâtonnets surimi Pêche Océan MSC - 400g","p":2.19,"u":"5,48 €/KG","img":"https://fd2-photos.leclercdrive.fr/image.ashx?id=2981840&use=l&cat=p&typeid=i","cat":285189},{"id":1165,"n":"Bâtonnets Surimi Pêche Océan MSC - x30 - 500g","p":2.74,"u":"5,48 €/KG","img":"https://fd2-photos.leclercdrive.fr/image.ashx?id=2953227&use=l&cat=p&typeid=i","cat":285189},{"id":1166,"n":"Miettes de surimi Pêche Océan MSC - 180g","p":1.64,"u":"9,11 €/KG","img":"https://fd2-photos.leclercdrive.fr/image.ashx?id=2981861&use=l&cat=p&typeid=i","cat":285189},{"id":1167,"n":"Oeufs de lompe Ronde des mers Noir - MSC - 100g","p":2.6,"u":"26,00 €/KG","img":"https://fd2-photos.leclercdrive.fr/image.ashx?id=2981843&use=l&cat=p&typeid=i","cat":285191},{"id":1168,"n":"Filets de hareng Pêche Océan MSC - Doux - 200g","p":1.75,"u":"8,75 €/KG","img":"https://fd2-photos.leclercdrive.fr/image.ashx?id=2992489&use=l&cat=p&typeid=i","cat":285190},{"id":1169,"n":"Filets d'anchois Pêche Océan À l'huile d'olive - 105g","p":2.45,"u":"23,33 €/KG","img":"https://fd2-photos.leclercdrive.fr/image.ashx?id=1671925&use=l&cat=p&typeid=i","cat":285190},{"id":1178,"n":"Pizza Cuite sur pierre Volpone  Bolognaise - 400g","p":2.0,"u":"5,00 €/KG","img":"https://fd2-photos.leclercdrive.fr/image.ashx?id=2815208&use=l&cat=p&typeid=i","cat":284256},{"id":1179,"n":"Pizza Royale Turini Cuite au feu de bois - 440g","p":2.15,"u":"4,89 €/KG","img":"https://fd2-photos.leclercdrive.fr/image.ashx?id=2815199&use=l&cat=p&typeid=i","cat":284256},{"id":1180,"n":"Quiche Lorraine Côté Table 400g","p":2.49,"u":"6,23 €/KG","img":"https://fd2-photos.leclercdrive.fr/image.ashx?id=2898017&use=l&cat=p&typeid=i","cat":284257},{"id":1181,"n":"Tarte aux poireaux Côté Table - 400g","p":2.55,"u":"6,38 €/KG","img":"https://fd2-photos.leclercdrive.fr/image.ashx?id=2791710&use=l&cat=p&typeid=i","cat":284257},{"id":1182,"n":"Crêpes Côté Table Jambon fromage x6 - 300g","p":1.99,"u":"6,63 €/KG","img":"https://fd2-photos.leclercdrive.fr/image.ashx?id=2932402&use=l&cat=p&typeid=i","cat":319776},{"id":1183,"n":"Crêpes Côté Table Jambon fromage x20 1kg","p":3.89,"u":"3,89 €/KG","img":"https://fd2-photos.leclercdrive.fr/image.ashx?id=2932405&use=l&cat=p&typeid=i","cat":319776},{"id":1185,"n":"Steaks hachés Charal Pur Bœuf 15% MG 10x100g - 1kg","p":13.7,"u":"13,70 €/KG","img":"https://fd2-photos.leclercdrive.fr/image.ashx?id=2659300&use=l&cat=p&typeid=i","cat":319778},{"id":1186,"n":"Haché Extra Moelleux Charal 10x100g - 1kg","p":11.44,"u":"11,44 €/KG","img":"https://fd2-photos.leclercdrive.fr/image.ashx?id=2731735&use=l&cat=p&typeid=i","cat":319778},{"id":1187,"n":"Haché à l'oignon Charal 10x100g - 1kg","p":8.3,"u":"8,30 €/KG","img":"https://fd2-photos.leclercdrive.fr/image.ashx?id=2741940&use=l&cat=p&typeid=i","cat":319778},{"id":1191,"n":"Poisson Bordelaise Pêche Océan MSC - 400g","p":2.99,"u":"7,48 €/KG","img":"https://fd2-photos.leclercdrive.fr/image.ashx?id=2930081&use=l&cat=p&typeid=i","cat":319788},{"id":1193,"n":"Pané colin d'Alaska Pêche Océan x15 bâtonnets - MSC - 450g","p":2.27,"u":"5,04 €/KG","img":"https://fd2-photos.leclercdrive.fr/image.ashx?id=1682702&use=l&cat=p&typeid=i","cat":319788},{"id":1194,"n":"Calamars Pêche Océan A la romaine 40/60 - 500g","p":4.45,"u":"8,90 €/KG","img":"https://fd2-photos.leclercdrive.fr/image.ashx?id=2216298&use=l&cat=p&typeid=i","cat":319788},{"id":1196,"n":"Coquilles Saint-Jacques Coté Table - 4x90g","p":4.79,"u":"13,31 €/KG","img":"https://fd2-photos.leclercdrive.fr/image.ashx?id=2625071&use=l&cat=p&typeid=i","cat":319775},{"id":1197,"n":"Paëlla royale Côté Table Fruits de mer poulet 1kg","p":4.07,"u":"4,07 €/KG","img":"https://fd2-photos.leclercdrive.fr/image.ashx?id=2663353&use=l&cat=p&typeid=i","cat":284254},{"id":1202,"n":"Pâtes Carbonara Côté Table 900g","p":4.18,"u":"4,64 €/KG","img":"https://fd2-photos.leclercdrive.fr/image.ashx?id=2900064&use=l&cat=p&typeid=i","cat":284254},{"id":1211,"n":"Choux fleurs Notre Jardin Fleurettes 1kg","p":1.69,"u":"1,69 €/KG","img":"https://fd2-photos.leclercdrive.fr/image.ashx?id=2900019&use=l&cat=p&typeid=i","cat":319805},{"id":1212,"n":"Choux de Bruxelles Notre Jardin 1kg","p":1.95,"u":"1,95 €/KG","img":"https://fd2-photos.leclercdrive.fr/image.ashx?id=2873015&use=l&cat=p&typeid=i","cat":319805},{"id":1214,"n":"Haricots verts Notre jardin Très fins 1kg","p":1.82,"u":"1,82 €/KG","img":"https://fd2-photos.leclercdrive.fr/image.ashx?id=2900040&use=l&cat=p&typeid=i","cat":319805},{"id":1215,"n":"Haricots verts Notre Jardin Extra fins 1kg","p":1.85,"u":"1,85 €/KG","img":"https://fd2-photos.leclercdrive.fr/image.ashx?id=2900046&use=l&cat=p&typeid=i","cat":319805},{"id":1216,"n":"Courgettes Notre Jardin Rondelles 1kg","p":1.29,"u":"1,29 €/KG","img":"https://fd2-photos.leclercdrive.fr/image.ashx?id=2873093&use=l&cat=p&typeid=i","cat":319805},{"id":1217,"n":"Epinards Notre Jardin Branches - 1kg","p":1.3,"u":"1,30 €/KG","img":"https://fd2-photos.leclercdrive.fr/image.ashx?id=2900055&use=l&cat=p&typeid=i","cat":319805},{"id":1218,"n":"Epinards Notre Jardin Hâchés - 1kg","p":1.34,"u":"1,34 €/KG","img":"https://fd2-photos.leclercdrive.fr/image.ashx?id=2873042&use=l&cat=p&typeid=i","cat":319805},{"id":1219,"n":"Epinards Notre Jardin Hachés A la crème fraîche - 1kg","p":1.67,"u":"1,67 €/KG","img":"https://fd2-photos.leclercdrive.fr/image.ashx?id=2916656&use=l&cat=p&typeid=i","cat":319805},{"id":1220,"n":"Carottes Notre Jardin En rondelles 1kg","p":1.09,"u":"1,09 €/KG","img":"https://fd2-photos.leclercdrive.fr/image.ashx?id=2900070&use=l&cat=p&typeid=i","cat":319805},{"id":1222,"n":"Petits pois Notre Jardin Extra fins 1kg","p":1.89,"u":"1,89 €/KG","img":"https://fd2-photos.leclercdrive.fr/image.ashx?id=2873063&use=l&cat=p&typeid=i","cat":319805},{"id":1223,"n":"Champignons Paris Notre jardin Emincés 1kg","p":1.95,"u":"1,95 €/KG","img":"https://fd2-photos.leclercdrive.fr/image.ashx?id=2873027&use=l&cat=p&typeid=i","cat":319805},{"id":1226,"n":"Légumes potage Notre Jardin 1kg","p":1.28,"u":"1,28 €/KG","img":"https://fd2-photos.leclercdrive.fr/image.ashx?id=2916647&use=l&cat=p&typeid=i","cat":319805},{"id":1227,"n":"Poêlée de légumes Notre Jardin Méridionale - 1kg","p":2.95,"u":"2,95 €/KG","img":"https://fd2-photos.leclercdrive.fr/image.ashx?id=2803948&use=l&cat=p&typeid=i","cat":319823},{"id":1229,"n":"Poêlée de légumes Notre Jardin Bretonne - 1kg","p":2.61,"u":"2,61 €/KG","img":"https://fd2-photos.leclercdrive.fr/image.ashx?id=2803951&use=l&cat=p&typeid=i","cat":319823},{"id":1238,"n":"Pommes rissolées Pom'lisse 1kg","p":1.56,"u":"1,56 €/KG","img":"https://fd2-photos.leclercdrive.fr/image.ashx?id=2704597&use=l&cat=p&typeid=i","cat":319792},{"id":1239,"n":"Frites allumettes Pom'lisse 1kg","p":1.85,"u":"1,85 €/KG","img":"https://fd2-photos.leclercdrive.fr/image.ashx?id=2699378&use=l&cat=p&typeid=i","cat":319791},{"id":1240,"n":"Frites Pom'lisse 2.5 kg","p":4.55,"u":"1,82 €/KG","img":"https://fd2-photos.leclercdrive.fr/image.ashx?id=2699390&use=l&cat=p&typeid=i","cat":319791},{"id":1243,"n":"Frites Pom'lisse Au four - 600g","p":1.15,"u":"1,92 €/KG","img":"https://fd2-photos.leclercdrive.fr/image.ashx?id=2770678&use=l&cat=p&typeid=i","cat":319791},{"id":1244,"n":"Potatoes Pom'lisse Finement épicées - 600g","p":1.16,"u":"1,93 €/KG","img":"https://fd2-photos.leclercdrive.fr/image.ashx?id=2699663&use=l&cat=p&typeid=i","cat":319791},{"id":1245,"n":"Pommes noisettes Pom'lisse 1kg","p":1.88,"u":"1,88 €/KG","img":"https://fd2-photos.leclercdrive.fr/image.ashx?id=3015027&use=l&cat=p&typeid=i","cat":319792},{"id":1248,"n":"Frites Pom'lisse 1kg","p":1.87,"u":"1,87 €/KG","img":"https://fd2-photos.leclercdrive.fr/image.ashx?id=2699651&use=l&cat=p&typeid=i","cat":319791},{"id":1251,"n":"Crème glacée Eskiss Vanille de Madagascar - 494g","p":1.65,"u":"3,34 €/KG","img":"https://fd2-photos.leclercdrive.fr/image.ashx?id=2982592&use=l&cat=p&typeid=i","cat":284263},{"id":1335,"n":"Liquide vaisselle Visior Citron - 750ml","p":1.2,"u":"1,60 €/L","img":"https://fd2-photos.leclercdrive.fr/image.ashx?id=2930849&use=l&cat=p&typeid=i","cat":284655},{"id":1336,"n":"Liquide vaisselle Visior Ultra Peaux sensibles 500ml","p":0.64,"u":"1,28 €/L","img":"https://fd2-photos.leclercdrive.fr/image.ashx?id=2951116&use=l&cat=p&typeid=i","cat":284655},{"id":1346,"n":"Eponges Mamison végétales Super absorbantes x3","p":1.17,"u":"0,39 €/P","img":"https://fd2-photos.leclercdrive.fr/image.ashx?id=2458052&use=l&cat=p&typeid=i","cat":284667},{"id":1358,"n":"Nettoyant Gel avec javel Clair 1L","p":1.09,"u":"1,09 €/L","img":"https://fd2-photos.leclercdrive.fr/image.ashx?id=2705062&use=l&cat=p&typeid=i","cat":284907},{"id":1359,"n":"Pastilles javel Clair x48 - 150g","p":1.65,"u":"11,00 €/KG","img":"https://fd2-photos.leclercdrive.fr/image.ashx?id=2631426&use=l&cat=p&typeid=i","cat":284661},{"id":1360,"n":"Eau de Javel Clair Parfum Eucalyptus - 2L","p":0.72,"u":"0,36 €/L","img":"https://fd2-photos.leclercdrive.fr/image.ashx?id=2949173&use=l&cat=p&typeid=i","cat":284661},{"id":1392,"n":"Blocs wc eau bleue Syphon x2 80g","p":1.12,"u":"14,00 €/KG","img":"https://fd2-photos.leclercdrive.fr/image.ashx?id=2302537&use=l&cat=p&typeid=i","cat":284662},{"id":1400,"n":"Papier aluminium Elembal 20m","p":2.62,"img":"https://fd2-photos.leclercdrive.fr/image.ashx?id=2492252&use=l&cat=p&typeid=i","cat":334134},{"id":1401,"n":"Barquettes aluminium Elembal x10 0.5L","p":2.56,"img":"https://fd2-photos.leclercdrive.fr/image.ashx?id=1733306&use=l&cat=p&typeid=i","cat":334134},{"id":1403,"n":"Barquettes aluminium Elembal Profondes x10 1L","p":4.3,"img":"https://fd2-photos.leclercdrive.fr/image.ashx?id=1733315&use=l&cat=p&typeid=i","cat":334134},{"id":1405,"n":"Barquettes aluminium Elembal x5 2L","p":3.46,"img":"https://fd2-photos.leclercdrive.fr/image.ashx?id=1733312&use=l&cat=p&typeid=i","cat":334134},{"id":1407,"n":"Film étirable Elembal 30m","p":1.2,"img":"https://fd2-photos.leclercdrive.fr/image.ashx?id=2431191&use=l&cat=p&typeid=i","cat":334134},{"id":1412,"n":"Sacs congélation Elembal Grand modèle x25","p":1.08,"img":"https://fd2-photos.leclercdrive.fr/image.ashx?id=2169147&use=l&cat=p&typeid=i","cat":334134},{"id":1413,"n":"Sacs congélation Elembal Petit modèle x50","p":1.1,"img":"https://fd2-photos.leclercdrive.fr/image.ashx?id=2158155&use=l&cat=p&typeid=i","cat":334134},{"id":1414,"n":"Sacs poubelle 30L Elembal à liens classiques - x25","p":1.26,"u":"0,05 €/P","img":"https://fd2-photos.leclercdrive.fr/image.ashx?id=2958699&use=l&cat=p&typeid=i","cat":285168},{"id":1416,"n":"Sacs poubelle 100L Elembal Poignées coulissantes - x10","p":1.62,"u":"0,16 €/P","img":"https://fd2-photos.leclercdrive.fr/image.ashx?id=1959148&use=l&cat=p&typeid=i","cat":285168},{"id":1417,"n":"Sacs poubelle 100L Elembal à liens classiques - x10","p":1.54,"u":"0,15 €/P","img":"https://fd2-photos.leclercdrive.fr/image.ashx?id=1959151&use=l&cat=p&typeid=i","cat":285168},{"id":1418,"n":"Sacs poubelle 50L Elembal à liens classiques - x15","p":2.19,"u":"0,15 €/P","img":"https://fd2-photos.leclercdrive.fr/image.ashx?id=2958693&use=l&cat=p&typeid=i","cat":285168},{"id":1419,"n":"Sacs poubelle Elembal 20L x20","p":1.2,"u":"0,06 €/P","img":"https://fd2-photos.leclercdrive.fr/image.ashx?id=2100551&use=l&cat=p&typeid=i","cat":285168},{"id":1420,"n":"Sacs poubelle Elembal 20L A poignées - x30","p":2.08,"u":"0,07 €/P","img":"https://fd2-photos.leclercdrive.fr/image.ashx?id=2791674&use=l&cat=p&typeid=i","cat":285168},{"id":1421,"n":"Sacs poubelle Elembal 30L A poignées - x20","p":2.49,"u":"0,12 €/P","img":"https://fd2-photos.leclercdrive.fr/image.ashx?id=2791677&use=l&cat=p&typeid=i","cat":285168},{"id":1423,"n":"Sacs poubelle 50L Elembal Poignées coulissantes - x15","p":2.31,"u":"0,15 €/P","img":"https://fd2-photos.leclercdrive.fr/image.ashx?id=2958696&use=l&cat=p&typeid=i","cat":285168},{"id":1427,"n":"Gel douche Manava Pétales d'Orient - 250ml","p":1.15,"u":"4,60 €/L","img":"https://fd2-photos.leclercdrive.fr/image.ashx?id=2494214&use=l&cat=p&typeid=i","cat":284594},{"id":1428,"n":"Lait de douche Manava Coeur de vanille - 250ml","p":0.94,"u":"3,76 €/L","img":"https://fd2-photos.leclercdrive.fr/image.ashx?id=2456141&use=l&cat=p&typeid=i","cat":284594},{"id":1429,"n":"Gel douche Manava Boisé - 250ml","p":1.15,"u":"4,60 €/L","img":"https://fd2-photos.leclercdrive.fr/image.ashx?id=2809653&use=l&cat=p&typeid=i","cat":284594},{"id":1433,"n":"Recharge savon mains Manava Crème perles d'oranger - 250ml","p":0.68,"u":"2,72 €/L","img":"https://fd2-photos.leclercdrive.fr/image.ashx?id=2935483&use=l&cat=p&typeid=i","cat":284597},{"id":1435,"n":"Recharge savon mains Manava Crème Amande - 250ml","p":0.57,"u":"2,28 €/L","img":"https://fd2-photos.leclercdrive.fr/image.ashx?id=2935474&use=l&cat=p&typeid=i","cat":284597},{"id":1436,"n":"Lait de douche Manava Amande douce - 250ml","p":0.94,"u":"3,76 €/L","img":"https://fd2-photos.leclercdrive.fr/image.ashx?id=2771346&use=l&cat=p&typeid=i","cat":284594},{"id":1437,"n":"Lait de douche Manava Lait de coco - 250ml","p":0.94,"u":"3,76 €/L","img":"https://fd2-photos.leclercdrive.fr/image.ashx?id=2443176&use=l&cat=p&typeid=i","cat":284594},{"id":1449,"n":"Déodorant Manava fraîcheur Vanille glacée spray 200ml","p":1.39,"u":"6,95 €/L","img":"https://fd2-photos.leclercdrive.fr/image.ashx?id=2656445&use=l&cat=p&typeid=i","cat":284595},{"id":1473,"n":"Gel à raser Carré Homme Hydratant 200ml","p":1.69,"u":"8,45 €/L","img":"https://fd2-photos.leclercdrive.fr/image.ashx?id=2771582&use=l&cat=p&typeid=i","cat":284617},{"id":1481,"n":"Dentifrice Dentamyl Protection caries - 75ml","p":0.73,"u":"9,73 €/L","img":"https://fd2-photos.leclercdrive.fr/image.ashx?id=2699129&use=l&cat=p&typeid=i","cat":284612},{"id":1482,"n":"Dentifrice enfant Dentamyl Fraise - 3-6 ans - 50ml","p":0.89,"u":"17,80 €/L","img":"https://fd2-photos.leclercdrive.fr/image.ashx?id=2075188&use=l&cat=p&typeid=i","cat":288898},{"id":1486,"n":"Brosse à dents enfant Dentamyl 2-6 ans x1","p":0.51,"img":"https://fd2-photos.leclercdrive.fr/image.ashx?id=1980485&use=l&cat=p&typeid=i","cat":288897},{"id":1488,"n":"Mouchoirs blancs 4 plis Caresse Mouchoirs papier Lotion x12","p":2.28,"u":"0,19 €/P","img":"https://fd2-photos.leclercdrive.fr/image.ashx?id=2572993&use=l&cat=p&typeid=i","cat":284638},{"id":1620,"n":"Gel lavant bébé Mots d'Enfants Corps et cheveux - 250ml","p":1.49,"u":"5,96 €/L","img":"https://fd2-photos.leclercdrive.fr/image.ashx?id=3014149&use=l&cat=p&typeid=i","cat":284740},{"id":1666,"n":"Feuilles blanches Esquisse A4 80g - 500 feuilles","p":4.69,"img":"https://fd2-photos.leclercdrive.fr/image.ashx?id=2943196&use=l&cat=p&typeid=i","cat":284697},{"id":1683,"n":"Piles alcalines Foxter AAA/LR3 1,5V - x4","p":0.98,"img":"https://fd2-photos.leclercdrive.fr/image.ashx?id=2162150&use=l&cat=p&typeid=i","cat":300572},{"id":1686,"n":"Pile Foxter 9V/6LR61 - x1","p":1.99,"img":"https://fd2-photos.leclercdrive.fr/image.ashx?id=2162159&use=l&cat=p&typeid=i","cat":300572},{"id":1735,"n":"Croquettes chiens Tous Mes Amis Spécial Forme - 10kg","p":12.25,"u":"1,23 €/KG","img":"https://fd2-photos.leclercdrive.fr/image.ashx?id=1972608&use=l&cat=p&typeid=i","cat":284672},{"id":1753,"n":"Croquettes chat Purina One Adulte - Saumon/Céréales -1.5kg","p":6.3,"u":"4,20 €/KG","img":"https://fd2-photos.leclercdrive.fr/image.ashx?id=2902268&use=l&cat=p&typeid=i","cat":284680},{"id":1754,"n":"Croquettes chat Purina One Adulte - Poulet/Céréales - 3kg","p":12.05,"u":"4,02 €/KG","img":"https://fd2-photos.leclercdrive.fr/image.ashx?id=2432007&use=l&cat=p&typeid=i","cat":284680},{"id":1762,"n":"Croquettes chat Tous mes amis Poulet légumes - 4kg","p":5.76,"u":"1,44 €/KG","img":"https://fd2-photos.leclercdrive.fr/image.ashx?id=2301406&use=l&cat=p&typeid=i","cat":284680},{"id":1763,"n":"Croquettes chat Tous mes amis Boeuf Poulet Légumes - 2kg","p":2.79,"u":"1,40 €/KG","img":"https://fd2-photos.leclercdrive.fr/image.ashx?id=2739724&use=l&cat=p&typeid=i","cat":284680},{"id":1764,"n":"Croquettes chat Tous mes amis Poulet dinde canard olive - 2kg","p":3.62,"u":"1,81 €/KG","img":"https://fd2-photos.leclercdrive.fr/image.ashx?id=2301400&use=l&cat=p&typeid=i","cat":284680},{"id":1765,"n":"Croquettes chat Tous mes amis Saumon & Légumes - 2kg","p":2.79,"u":"1,40 €/KG","img":"https://fd2-photos.leclercdrive.fr/image.ashx?id=2301394&use=l&cat=p&typeid=i","cat":284680},{"id":1769,"n":"Barquette chats Lycat au Foie et Volaille - 100g","p":0.59,"u":"5,90 €/KG","img":"https://fd2-photos.leclercdrive.fr/image.ashx?id=2042415&use=l&cat=p&typeid=i","cat":285286},{"id":1770,"n":"Barquette chats Tous mes amis au Saumon 100g","p":0.58,"u":"5,80 €/KG","img":"https://fd2-photos.leclercdrive.fr/image.ashx?id=2042412&use=l&cat=p&typeid=i","cat":285286},{"id":1771,"n":"Terrines chats Tous mes amis Délices Multi-viandes - 3x400g","p":2.97,"u":"2,48 €/KG","img":"https://fd2-photos.leclercdrive.fr/image.ashx?id=1671538&use=l&cat=p&typeid=i","cat":285601},{"id":1772,"n":"Sachet repas chat Tous mes amis Poissons en gelée - 12x100g","p":3.65,"u":"3,04 €/KG","img":"https://fd2-photos.leclercdrive.fr/image.ashx?id=2027592&use=l&cat=p&typeid=i","cat":285286},{"id":1775,"n":"Litière minérale Catsan Hygiène plus pour chat - 10L","p":5.06,"u":"0,51 €/L","img":"https://fd2-photos.leclercdrive.fr/image.ashx?id=2692677&use=l&cat=p&typeid=i","cat":284683},{"id":1776,"n":"Litière chats Eco+ 7L","p":1.2,"u":"0,17 €/L","img":"https://fd2-photos.leclercdrive.fr/image.ashx?id=2757509&use=l&cat=p&typeid=i","cat":284683},{"id":1795,"n":"Lingettes nettoyantes Clair Multi-surfaces citron x50","p":1.38,"u":"0,03 €/P","img":"https://fd2-photos.leclercdrive.fr/image.ashx?id=2835193&use=l&cat=p&typeid=i","cat":325358},{"id":1798,"n":"Eponges Multi-usages Mamison grattantes - x3","p":0.89,"u":"0,30 €/P","img":"https://fd2-photos.leclercdrive.fr/image.ashx?id=2202341&use=l&cat=p&typeid=i","cat":284667},{"id":1799,"n":"Haricots verts Notre Jardin Très fins - 3x110g","p":1.83,"u":"5,55 €/KG","img":"https://fd2-photos.leclercdrive.fr/image.ashx?id=2537355&use=l&cat=p&typeid=i","cat":312606},{"id":1800,"n":"Lingettes nettoyantes Clair Muguet x50","p":1.72,"u":"0,03 €/P","img":"https://fd2-photos.leclercdrive.fr/image.ashx?id=2835196&use=l&cat=p&typeid=i","cat":325358},{"id":1801,"n":"Boules inox Mamison x2","p":0.44,"img":"https://fd2-photos.leclercdrive.fr/image.ashx?id=555602&use=l&cat=p&typeid=i","cat":284667},{"id":1802,"n":"Insecticide Insectivor cafards Fourmis araignées 400ml","p":2.49,"u":"6,23 €/L","img":"https://fd2-photos.leclercdrive.fr/image.ashx?id=2843039&use=l&cat=p&typeid=i","cat":298368},{"id":1804,"n":"Asperges vertes miniatures  Notre Jardin - 100g","p":1.49,"u":"14,90 €/KG","img":"https://fd2-photos.leclercdrive.fr/image.ashx?id=2591515&use=l&cat=p&typeid=i","cat":312611},{"id":1806,"n":"Insecticide Insectivor guêpes Mouches moustiques - 400ml","p":2.22,"u":"5,55 €/L","img":"https://fd2-photos.leclercdrive.fr/image.ashx?id=2835008&use=l&cat=p&typeid=i","cat":298368},{"id":1810,"n":"Gel nettoyant wc Syphon 750ml","p":1.03,"u":"1,37 €/L","img":"https://fd2-photos.leclercdrive.fr/image.ashx?id=2558775&use=l&cat=p&typeid=i","cat":284662},{"id":1812,"n":"Gel nettoyant wc Syphon 750ml","p":0.66,"u":"0,88 €/L","img":"https://fd2-photos.leclercdrive.fr/image.ashx?id=2067935&use=l&cat=p&typeid=i","cat":284662},{"id":1816,"n":"Déboucheur canalisations Syphon Gel 1L","p":1.39,"u":"1,39 €/L","img":"https://fd2-photos.leclercdrive.fr/image.ashx?id=2202347&use=l&cat=p&typeid=i","cat":284908},{"id":1821,"n":"Confiture Bonne Maman Figues violettes - 370g","p":1.87,"u":"5,05 €/KG","img":"https://fd2-photos.leclercdrive.fr/image.ashx?id=2547477&use=l&cat=p&typeid=i","cat":284480},{"id":1822,"n":"Confiture Bonne Maman Myrtilles - 370g","p":3.0,"u":"8,11 €/KG","img":"https://fd2-photos.leclercdrive.fr/image.ashx?id=2132361&use=l&cat=p&typeid=i","cat":284480},{"id":1825,"n":"Confiture Bonne Maman Cerises griottes - 370g","p":2.25,"u":"6,08 €/KG","img":"https://fd2-photos.leclercdrive.fr/image.ashx?id=2474981&use=l&cat=p&typeid=i","cat":284480},{"id":1826,"n":"Confiture Douceur du Verger Abricots - Allégée - 340g","p":1.05,"u":"3,09 €/KG","img":"https://fd2-photos.leclercdrive.fr/image.ashx?id=2965440&use=l&cat=p&typeid=i","cat":284480},{"id":1828,"n":"Confiture Bonne Maman Framboises - 370g","p":2.37,"u":"6,41 €/KG","img":"https://fd2-photos.leclercdrive.fr/image.ashx?id=2544807&use=l&cat=p&typeid=i","cat":284480},{"id":1833,"n":"Confiture Douceur du Verger Fraises - 340g","p":1.05,"u":"3,09 €/KG","img":"https://fd2-photos.leclercdrive.fr/image.ashx?id=2965431&use=l&cat=p&typeid=i","cat":284480},{"id":1845,"n":"Barres de céréales Frosties Kellogg's - 6x25g","p":1.83,"u":"12,20 €/KG","img":"https://fd2-photos.leclercdrive.fr/image.ashx?id=2300062&use=l&cat=p&typeid=i","cat":285869},{"id":1846,"n":"Compote Douceur du Verger Gourdes Pomme Fraise - 4x90g","p":1.39,"u":"3,86 €/KG","img":"https://fd2-photos.leclercdrive.fr/image.ashx?id=2837024&use=l&cat=p&typeid=i","cat":284508},{"id":1848,"n":"Chocolat au lait Tablette d'Or Lait Noisettes - 3x100g","p":3.64,"u":"12,13 €/KG","img":"https://fd2-photos.leclercdrive.fr/image.ashx?id=3014347&use=l&cat=p&typeid=i","cat":284497},{"id":1850,"n":"Chocolat au lait Tablette d'Or Céréales croustillantes 2x100g","p":2.01,"u":"10,05 €/KG","img":"https://fd2-photos.leclercdrive.fr/image.ashx?id=2555952&use=l&cat=p&typeid=i","cat":284497},{"id":1851,"n":"Chocolat au lait Tablette d'Or 3x100g","p":3.13,"u":"10,43 €/KG","img":"https://fd2-photos.leclercdrive.fr/image.ashx?id=2771508&use=l&cat=p&typeid=i","cat":284497},{"id":1861,"n":"Levure chimique Tablier Blanc x6 sachets","p":0.26,"u":"3,94 €/KG","img":"https://fd2-photos.leclercdrive.fr/image.ashx?id=2867892&use=l&cat=p&typeid=i","cat":294686},{"id":1863,"n":"Soja cuisine fluide Bio Bjorg - 25cl","p":0.97,"u":"3,88 €/L","img":"https://fd2-photos.leclercdrive.fr/image.ashx?id=2970921&use=l&cat=p&typeid=i","cat":316069},{"id":1864,"n":"Chocolat Tablette d'Or Noir amandes entières 200g","p":1.84,"u":"9,20 €/KG","img":"https://fd2-photos.leclercdrive.fr/image.ashx?id=2982886&use=l&cat=p&typeid=i","cat":284956},{"id":1868,"n":"Chocolat blanc Tablette d'Or Noisettes entières - 200g","p":2.45,"u":"12,25 €/KG","img":"https://fd2-photos.leclercdrive.fr/image.ashx?id=1899672&use=l&cat=p&typeid=i","cat":284957},{"id":1870,"n":"Tablette de chocolat Equador Noir 85% cacao - 100g","p":1.53,"u":"15,30 €/KG","img":"https://fd2-photos.leclercdrive.fr/image.ashx?id=2840734&use=l&cat=p&typeid=i","cat":284956},{"id":1871,"n":"Céréales mini-pack Kellogg's Multi-variétés - 215g","p":2.78,"u":"12,93 €/KG","img":"https://fd2-photos.leclercdrive.fr/image.ashx?id=3014467&use=l&cat=p&typeid=i","cat":309513},{"id":1872,"n":"Pâte à tartiner Nustikao Gressins 3x60g","p":1.8,"u":"10,00 €/KG","img":"https://fd2-photos.leclercdrive.fr/image.ashx?id=2440703&use=l&cat=p&typeid=i","cat":284488},{"id":1873,"n":"Petits pains grillés Epi d'Or Complet - 225g","p":0.89,"u":"3,96 €/KG","img":"https://fd2-photos.leclercdrive.fr/image.ashx?id=2726491&use=l&cat=p&typeid=i","cat":284479},{"id":1874,"n":"Chocolat Tablette d'Or Noir noisettes entières 200g","p":2.05,"u":"10,25 €/KG","img":"https://fd2-photos.leclercdrive.fr/image.ashx?id=2582516&use=l&cat=p&typeid=i","cat":284956},{"id":1878,"n":"Compote Douceur du Verger Coupelle pomme pêche - 4x100g","p":1.19,"u":"2,98 €/KG","img":"https://fd2-photos.leclercdrive.fr/image.ashx?id=2663464&use=l&cat=p&typeid=i","cat":284508},{"id":1879,"n":"Compote Douceur du Verger Coupelle pomme poire - 4x100g","p":1.17,"u":"2,93 €/KG","img":"https://fd2-photos.leclercdrive.fr/image.ashx?id=2663470&use=l&cat=p&typeid=i","cat":284508},{"id":1883,"n":"Compote Douceur du Verger Gourdes Pomme Banane - 4x90g","p":1.59,"u":"4,42 €/KG","img":"https://fd2-photos.leclercdrive.fr/image.ashx?id=2837027&use=l&cat=p&typeid=i","cat":284508},{"id":1884,"n":"Compote Douceur du Verger Gourdes Pomme - 4x90g","p":0.99,"u":"2,75 €/KG","img":"https://fd2-photos.leclercdrive.fr/image.ashx?id=2837018&use=l&cat=p&typeid=i","cat":284508},{"id":1885,"n":"Haricots verts Notre Jardin Extra fins - 440g","p":2.58,"u":"5,86 €/KG","img":"https://fd2-photos.leclercdrive.fr/image.ashx?id=3005652&use=l&cat=p&typeid=i","cat":312606},{"id":1886,"n":"Petits pois Notre Jardin A l'étuvée - Extra fins - 560g","p":1.29,"u":"2,30 €/KG","img":"https://fd2-photos.leclercdrive.fr/image.ashx?id=2526267&use=l&cat=p&typeid=i","cat":312607},{"id":1887,"n":"Champignons Paris Notre Jardin Pieds et morceaux - 3x115g","p":1.99,"u":"5,77 €/KG","img":"https://fd2-photos.leclercdrive.fr/image.ashx?id=2991115&use=l&cat=p&typeid=i","cat":312610},{"id":1888,"n":"Flageolets verts Notre Jardin Extra fins - 530g","p":1.29,"u":"2,43 €/KG","img":"https://fd2-photos.leclercdrive.fr/image.ashx?id=2050612&use=l&cat=p&typeid=i","cat":312606},{"id":1889,"n":"Macédoine légumes Notre Jardin 3x130g","p":1.75,"u":"4,49 €/KG","img":"https://fd2-photos.leclercdrive.fr/image.ashx?id=2537349&use=l&cat=p&typeid=i","cat":312612},{"id":1890,"n":"Choux Bruxelles Notre Jardin 265g","p":1.29,"u":"4,87 €/KG","img":"https://fd2-photos.leclercdrive.fr/image.ashx?id=2913654&use=l&cat=p&typeid=i","cat":312612},{"id":1893,"n":"Sardines Pêche Océan Huile d'olive - 135g","p":1.25,"u":"9,26 €/KG","img":"https://fd2-photos.leclercdrive.fr/image.ashx?id=2550375&use=l&cat=p&typeid=i","cat":305146},{"id":1897,"n":"Pâté NRT Campagne porc breton - 200g","p":1.91,"u":"9,55 €/KG","img":"https://fd2-photos.leclercdrive.fr/image.ashx?id=2560494&use=l&cat=p&typeid=i","cat":305149},{"id":1898,"n":"Cassoulet Côté Table 840g","p":2.19,"u":"2,61 €/KG","img":"https://fd2-photos.leclercdrive.fr/image.ashx?id=2977096&use=l&cat=p&typeid=i","cat":284440},{"id":1901,"n":"Taboulé Côté Table Etui 730g","p":1.87,"u":"2,56 €/KG","img":"https://fd2-photos.leclercdrive.fr/image.ashx?id=2977093&use=l&cat=p&typeid=i","cat":325094},{"id":1902,"n":"Chips à l'ancienne Pom'Lisse Nature - 150g","p":1.04,"u":"6,93 €/KG","img":"https://fd2-photos.leclercdrive.fr/image.ashx?id=2724829&use=l&cat=p&typeid=i","cat":284447},{"id":1903,"n":"Saucisses cocktail Tokapi  240g","p":1.95,"u":"8,13 €/KG","img":"https://fd2-photos.leclercdrive.fr/image.ashx?id=2943614&use=l&cat=p&typeid=i","cat":284450},{"id":1906,"n":"Huile de tournesol Lesieur  1L","p":2.59,"u":"2,59 €/L","img":"https://fd2-photos.leclercdrive.fr/image.ashx?id=2916839&use=l&cat=p&typeid=i","cat":284453},{"id":1909,"n":"Olives vertes Rustica Entières - 200g","p":1.24,"u":"6,20 €/KG","img":"https://fd2-photos.leclercdrive.fr/image.ashx?id=2499073&use=l&cat=p&typeid=i","cat":284458},{"id":1913,"n":"Pâtes Barilla Coquillettes - 500g","p":0.94,"u":"1,88 €/KG","img":"https://fd2-photos.leclercdrive.fr/image.ashx?id=2392218&use=l&cat=p&typeid=i","cat":284427},{"id":1920,"n":"Boisson végétale Bio Bjorg Soja Douceur - 1L","p":1.71,"u":"1,71 €/L","img":"https://fd2-photos.leclercdrive.fr/image.ashx?id=2967052&use=l&cat=p&typeid=i","cat":316067},{"id":1925,"n":"Petits beurre P'tit Déli x24 - 200g","p":0.95,"u":"4,75 €/KG","img":"https://fd2-photos.leclercdrive.fr/image.ashx?id=778266&use=l&cat=p&typeid=i","cat":284487},{"id":1928,"n":"Brioche vendéenne IGP NRT Tressée - 650g","p":4.06,"u":"6,25 €/KG","img":"https://fd2-photos.leclercdrive.fr/image.ashx?id=2679789&use=l&cat=p&typeid=i","cat":284478},{"id":1935,"n":"Café Soluble Nescafé Sélection - 200g","p":6.09,"u":"30,45 €/KG","img":"https://fd2-photos.leclercdrive.fr/image.ashx?id=2968847&use=l&cat=p&typeid=i","cat":284843},{"id":1939,"n":"Infusion Tiséa verveine menthe x25","p":0.92,"u":"23,00 €/KG","img":"https://fd2-photos.leclercdrive.fr/image.ashx?id=2441102&use=l&cat=p&typeid=i","cat":293234},{"id":1943,"n":"Confiture Bonne Maman Fraises - 750g","p":3.47,"u":"4,63 €/KG","img":"https://fd2-photos.leclercdrive.fr/image.ashx?id=2906073&use=l&cat=p&typeid=i","cat":284480},{"id":1944,"n":"Miel Nid d'Abeille A tartiner - 250 g","p":1.91,"u":"7,64 €/KG","img":"https://fd2-photos.leclercdrive.fr/image.ashx?id=2696805&use=l&cat=p&typeid=i","cat":287643},{"id":1955,"n":"Farine de blé T45 Tablier Blanc 1kg","p":0.69,"u":"0,69 €/KG","img":"https://fd2-photos.leclercdrive.fr/image.ashx?id=2832625&use=l&cat=p&typeid=i","cat":284503},{"id":1956,"n":"Compote Douceur du Verger Coupelle pomme banane - 4x100g","p":1.3,"u":"3,25 €/KG","img":"https://fd2-photos.leclercdrive.fr/image.ashx?id=2663461&use=l&cat=p&typeid=i","cat":284508},{"id":1961,"n":"Tablette de chocolat Equador Noir 72% cacao 100g","p":1.39,"u":"13,90 €/KG","img":"https://fd2-photos.leclercdrive.fr/image.ashx?id=2822920&use=l&cat=p&typeid=i","cat":284956},{"id":1972,"n":"Eau minérale gazeuse Perrier  Bouteilles en verre 8x20cl","p":3.24,"u":"2,03 €/L","img":"https://fd2-photos.leclercdrive.fr/image.ashx?id=2587551&use=l&cat=p&typeid=i","cat":284536},{"id":1975,"n":"Sirop Frucci Menthe - 75cl","p":1.85,"u":"2,47 €/L","img":"https://fd2-photos.leclercdrive.fr/image.ashx?id=2842208&use=l&cat=p&typeid=i","cat":295020},{"id":1980,"n":"Pur Jus d'ananas Jafaden Brique élopack 1L","p":2.09,"u":"2,09 €/L","img":"https://fd2-photos.leclercdrive.fr/image.ashx?id=2955683&use=l&cat=p&typeid=i","cat":284916},{"id":1984,"n":"Thé glacé Fresh Tea Pêche - 2L","p":1.64,"u":"0,82 €/L","img":"https://fd2-photos.leclercdrive.fr/image.ashx?id=2715281&use=l&cat=p&typeid=i","cat":295019},{"id":1989,"n":"Whisky Sir Edward's 40%vol - 70cl","p":12.1,"u":"17,29 €/L","img":"https://fd2-photos.leclercdrive.fr/image.ashx?id=2503371&use=l&cat=p&typeid=i","cat":284547},{"id":1990,"n":"Scotch Whisky Label 5 40%vol - 70cl","p":12.6,"u":"18,00 €/L","img":"https://fd2-photos.leclercdrive.fr/image.ashx?id=2639468&use=l&cat=p&typeid=i","cat":284547},{"id":1995,"n":"Whisky Ballantine's Finest Blended Scotch 40% vol - 70cl","p":15.4,"pp":14.4,"u":"20,57 €/L","img":"https://fd2-photos.leclercdrive.fr/image.ashx?id=2981298&use=l&cat=p&typeid=i","cat":284547},{"id":1997,"n":"Whisky Clan Campbell Blended Scotch 40% vol - 70cl","p":14.07,"u":"20,10 €/L","img":"https://fd2-photos.leclercdrive.fr/image.ashx?id=2868365&use=l&cat=p&typeid=i","cat":284547},{"id":1998,"n":"Whiskey Irlandais Jameson  40% vol - 70cl","p":19.69,"u":"28,13 €/L","img":"https://fd2-photos.leclercdrive.fr/image.ashx?id=2866025&use=l&cat=p&typeid=i","cat":284547},{"id":2000,"n":"Pastis Duval 45%vol - 1L","p":16.74,"u":"16,74 €/L","img":"https://fd2-photos.leclercdrive.fr/image.ashx?id=2659656&use=l&cat=p&typeid=i","cat":284548},{"id":2001,"n":"Pastis Ricard Anisé 45% vol - 1L","p":19.89,"pp":18.89,"u":"18,89 €/L","img":"https://fd2-photos.leclercdrive.fr/image.ashx?id=2947820&use=l&cat=p&typeid=i","cat":284548},{"id":2002,"n":"Pastis de Marseille Vivalis 45%vol - 1L","p":17.02,"u":"17,02 €/L","img":"https://fd2-photos.leclercdrive.fr/image.ashx?id=2699639&use=l&cat=p&typeid=i","cat":284548},{"id":2006,"n":"Vodka Novotna  Pure grain 37.5%vol - 70cl","p":10.59,"u":"15,13 €/L","img":"https://fd2-photos.leclercdrive.fr/image.ashx?id=1654441&use=l&cat=p&typeid=i","cat":284550},{"id":2007,"n":"Rhum blanc Bacardi Carta Blanca 37,5° - 70cl","p":14.69,"u":"20,99 €/L","img":"https://fd2-photos.leclercdrive.fr/image.ashx?id=2833933&use=l&cat=p&typeid=i","cat":284550},{"id":2010,"n":"Rhum blanc Old Nick  40%vol - 70cl","p":10.15,"pp":9.13,"u":"13,04 €/L","img":"https://fd2-photos.leclercdrive.fr/image.ashx?id=2483747&use=l&cat=p&typeid=i","cat":284550},{"id":2012,"n":"Rhum ambré Negrita 40%vol - 1L","p":13.26,"u":"13,26 €/L","img":"https://fd2-photos.leclercdrive.fr/image.ashx?id=2519633&use=l&cat=p&typeid=i","cat":284550},{"id":2015,"n":"Liqueur The Original Baileys Irish Cream 17%vol - 70cl","p":12.24,"u":"17,49 €/L","img":"https://fd2-photos.leclercdrive.fr/image.ashx?id=2536059&use=l&cat=p&typeid=i","cat":286032},{"id":2019,"n":"Sucre de canne Lagoa 70cl","p":1.65,"u":"2,36 €/L","img":"https://fd2-photos.leclercdrive.fr/image.ashx?id=2966472&use=l&cat=p&typeid=i","cat":284551},{"id":2021,"n":"Apéritif Suze L'Originale 15% vol - 1L","p":9.61,"u":"9,61 €/L","img":"https://fd2-photos.leclercdrive.fr/image.ashx?id=2914462&use=l&cat=p&typeid=i","cat":284913},{"id":2025,"n":"Muscat de Rivesaltes G. d'Arria 15.5%vol - 75cl","p":4.99,"u":"6,65 €/L","img":"https://fd2-photos.leclercdrive.fr/image.ashx?id=2974744&use=l&cat=p&typeid=i","cat":284913},{"id":2028,"n":"AOP Bordeaux rouge Baron de Lestac - 75cl","p":3.9,"u":"5,20 €/L","img":"https://fd2-photos.leclercdrive.fr/image.ashx?id=2471148&use=l&cat=p&typeid=i","cat":289556},{"id":2045,"n":"IGP Pays d'Oc vin rouge Vieux Carion 12.5% vol -75 cl","p":2.25,"u":"3,00 €/L","img":"https://fd2-photos.leclercdrive.fr/image.ashx?id=2925168&use=l&cat=p&typeid=i","cat":289556},{"id":2049,"n":"IGP Pays d'Oc Gris vin rosé Rives & Terrasses - 75cl -12,5%","p":2.89,"u":"3,85 €/L","img":"https://fd2-photos.leclercdrive.fr/image.ashx?id=2920918&use=l&cat=p&typeid=i","cat":289558},{"id":2058,"n":"IGP Pays d'Oc Sauvignon Blanc Vieux Carion 12% vol -75 cl","p":2.25,"u":"3,00 €/L","img":"https://fd2-photos.leclercdrive.fr/image.ashx?id=2879937&use=l&cat=p&typeid=i","cat":289557},{"id":2072,"n":"AOP Champagne Mumm Cordon Rouge Brut 12% vol - 75cl","p":28.9,"pp":27.9,"u":"37,20 €/L","img":"https://fd2-photos.leclercdrive.fr/image.ashx?id=3011005&use=l&cat=p&typeid=i","cat":284542},{"id":2073,"n":"AOC Champagne brut rosé Pol Carson - 75cl","p":19.95,"u":"26,60 €/L","img":"https://fd2-photos.leclercdrive.fr/image.ashx?id=2909876&use=l&cat=p&typeid=i","cat":284542},{"id":2075,"n":"AOP Champagne brut Pol Carson - 75cl","p":17.99,"u":"23,99 €/L","img":"https://fd2-photos.leclercdrive.fr/image.ashx?id=2909843&use=l&cat=p&typeid=i","cat":284542},{"id":2079,"n":"Cidre bouché Les Goelleries Breton doux 2%vol. - 75cl","p":2.12,"u":"2,83 €/L","img":"https://fd2-photos.leclercdrive.fr/image.ashx?id=2842190&use=l&cat=p&typeid=i","cat":334880},{"id":2082,"n":"AOP Crémant d'Alsace brut Rebmann - 75 cl","p":5.95,"u":"7,93 €/L","img":"https://fd2-photos.leclercdrive.fr/image.ashx?id=2888935&use=l&cat=p&typeid=i","cat":284545},{"id":2087,"n":"Jus de pomme pétillant Champomy L'Original Pomme - 75cl","p":2.7,"u":"3,60 €/L","img":"https://fd2-photos.leclercdrive.fr/image.ashx?id=2688683&use=l&cat=p&typeid=i","cat":289460},{"id":2090,"n":"Emmental fromage bloc Les Croisés - 500g","p":4.19,"u":"8,38 €/KG","img":"https://fd2-photos.leclercdrive.fr/image.ashx?id=2897775&use=l&cat=p&typeid=i","cat":314034},{"id":2092,"n":"Bûche de chèvre Saint-Maure LEs Croisés 25% MG - 200g","p":2.06,"u":"10,30 €/KG","img":"https://fd2-photos.leclercdrive.fr/image.ashx?id=2894719&use=l&cat=p&typeid=i","cat":314031},{"id":2095,"n":"Emmental Fromage râpé Les Croisés - 3x70g","p":1.89,"u":"9,00 €/KG","img":"https://fd2-photos.leclercdrive.fr/image.ashx?id=2949406&use=l&cat=p&typeid=i","cat":314035},{"id":2104,"n":"Mousse à la liégeoise Délisse Chocolat - 8x80g","p":2.35,"u":"3,67 €/KG","img":"https://fd2-photos.leclercdrive.fr/image.ashx?id=3009490&use=l&cat=p&typeid=i","cat":284417},{"id":2112,"n":"Sauce Béchamel Bridélice 3x20cl","p":2.99,"u":"4,98 €/L","img":"https://fd2-photos.leclercdrive.fr/image.ashx?id=2888458&use=l&cat=p&typeid=i","cat":284382},{"id":2114,"n":"Saucisse sèche Saint Azay Qualité supérieure - 250g","p":2.99,"u":"11,96 €/KG","img":"https://fd2-photos.leclercdrive.fr/image.ashx?id=1966346&use=l&cat=p&typeid=i","cat":316006},{"id":2121,"n":"Carottes râpées Menu Fraîcheur  Assaisonnées - 300g","p":0.69,"u":"2,30 €/KG","img":"https://fd2-photos.leclercdrive.fr/image.ashx?id=2816552&use=l&cat=p&typeid=i","cat":333657},{"id":2125,"n":"Tagliatelle fraîche Turini 350g","p":1.19,"u":"3,40 €/KG","img":"https://fd2-photos.leclercdrive.fr/image.ashx?id=2846514&use=l&cat=p&typeid=i","cat":333682},{"id":2126,"n":"Pâte brisée Tablier Blanc Prête à dérouler - 230g","p":0.65,"u":"2,83 €/KG","img":"https://fd2-photos.leclercdrive.fr/image.ashx?id=2635886&use=l&cat=p&typeid=i","cat":333681},{"id":2128,"n":"Bâtonnets Surimi Pêche Océan MSC - x12 - 200g","p":1.38,"u":"6,90 €/KG","img":"https://fd2-photos.leclercdrive.fr/image.ashx?id=2981837&use=l&cat=p&typeid=i","cat":285189},{"id":2129,"n":"Tarama Ronde des mers  Aux oeufs de cabillaud - 100g","p":0.99,"u":"9,90 €/KG","img":"https://fd2-photos.leclercdrive.fr/image.ashx?id=2824600&use=l&cat=p&typeid=i","cat":315999},{"id":2139,"n":"Gants jetables Mamison latex T7 x10","p":1.33,"img":"https://fd2-photos.leclercdrive.fr/image.ashx?id=2742688&use=l&cat=p&typeid=i","cat":284668},{"id":2141,"n":"Crème nettoyante Clair 3en1 - 750ml","p":1.15,"u":"1,53 €/L","img":"https://fd2-photos.leclercdrive.fr/image.ashx?id=2868310&use=l&cat=p&typeid=i","cat":325357},{"id":2166,"n":"Piles Foxter AA/LR6 1,5V - x4","p":0.99,"u":"0,25 €/P","img":"https://fd2-photos.leclercdrive.fr/image.ashx?id=2162156&use=l&cat=p&typeid=i","cat":300572},{"id":2179,"n":"Barres céréales Special K  Kellogg's Chocolat - 6x21,5g","p":2.66,"u":"20,62 €/KG","img":"https://fd2-photos.leclercdrive.fr/image.ashx?id=3011113&use=l&cat=p&typeid=i","cat":285869},{"id":2187,"n":"Mascarpone Les Croisés - 250g","p":1.78,"u":"7,12 €/KG","img":"https://fd2-photos.leclercdrive.fr/image.ashx?id=2123620&use=l&cat=p&typeid=i","cat":314026},{"id":2192,"n":"Papier aluminium Elembal 50m","p":4.4,"img":"https://fd2-photos.leclercdrive.fr/image.ashx?id=2854201&use=l&cat=p&typeid=i","cat":334134},{"id":2193,"n":"Film étirable Elembal 2en1 20m","p":1.25,"img":"https://fd2-photos.leclercdrive.fr/image.ashx?id=2059962&use=l&cat=p&typeid=i","cat":334134},{"id":2194,"n":"Sacs congélation Elembal Moyen modèle x50","p":1.08,"img":"https://fd2-photos.leclercdrive.fr/image.ashx?id=2257205&use=l&cat=p&typeid=i","cat":334134},{"id":2195,"n":"Sacs poubelle 30L Elembal Poignées coulissantes - x20","p":2.11,"u":"0,11 €/P","img":"https://fd2-photos.leclercdrive.fr/image.ashx?id=1959157&use=l&cat=p&typeid=i","cat":285168},{"id":2200,"n":"Muffins nature Epi d'Or x4 - 250g","p":1.51,"u":"6,04 €/KG","img":"https://fd2-photos.leclercdrive.fr/image.ashx?id=2939052&use=l&cat=p&typeid=i","cat":284985},{"id":2201,"n":"Pastis 51 Anisé 45% vol - 1L","p":19.49,"u":"19,49 €/L","img":"https://fd2-photos.leclercdrive.fr/image.ashx?id=2998916&use=l&cat=p&typeid=i","cat":284548},{"id":2224,"n":"Boisson lactée Candy'UP Chocolat - 6x20cl","p":2.68,"u":"2,23 €/L","img":"https://fd2-photos.leclercdrive.fr/image.ashx?id=2485635&use=l&cat=p&typeid=i","cat":295246},{"id":2237,"n":"Arôme Fleur d'oranger Vahiné 200ml","p":1.5,"u":"7,50 €/L","img":"https://fd2-photos.leclercdrive.fr/image.ashx?id=2983231&use=l&cat=p&typeid=i","cat":284504},{"id":2238,"n":"Arôme vanille Vahiné 200ml","p":2.65,"u":"13,25 €/L","img":"https://fd2-photos.leclercdrive.fr/image.ashx?id=2490551&use=l&cat=p&typeid=i","cat":284504},{"id":2239,"n":"Gélatine alimentaire Vahiné 9 feuilles - 17g","p":1.29,"u":"75,88 €/KG","img":"https://fd2-photos.leclercdrive.fr/image.ashx?id=2876305&use=l&cat=p&typeid=i","cat":284504},{"id":2257,"n":"Crème Hydratante Soft Nivea Visage Corps Mains - 75ml","p":1.56,"u":"22,29 €/L","img":"https://fd2-photos.leclercdrive.fr/image.ashx?id=3005215&use=l&cat=p&typeid=i","cat":325350},{"id":2259,"n":"Crème Hydratante Soft Nivea Visage Corps Mains - 200ml","p":3.11,"u":"15,55 €/L","img":"https://fd2-photos.leclercdrive.fr/image.ashx?id=3014608&use=l&cat=p&typeid=i","cat":325350},{"id":2277,"n":"Gel lubrifiant Intimy Classic - 70ml","p":3.95,"u":"56,43 €/L","img":"https://fd2-photos.leclercdrive.fr/image.ashx?id=2927330&use=l&cat=p&typeid=i","cat":285160},{"id":2438,"n":"Eponges Spontex grattantes Stop-graisse x2","p":1.23,"u":"0,62 €/P","img":"https://fd2-photos.leclercdrive.fr/image.ashx?id=2973078&use=l&cat=p&typeid=i","cat":284667},{"id":2441,"n":"Préservatifs Durex Love Faciles et rapides à poser x6","p":2.53,"u":"0,42 €/P","img":"https://fd2-photos.leclercdrive.fr/image.ashx?id=2963895&use=l&cat=p&typeid=i","cat":284631},{"id":2484,"n":"Dentifrice Signal Haleine Pure 75ml","p":1.27,"u":"16,93 €/L","img":"https://fd2-photos.leclercdrive.fr/image.ashx?id=1984459&use=l&cat=p&typeid=i","cat":284612},{"id":2505,"n":"Crème au chocolat GERLINEA   Repas minceur - 3x210g","p":4.45,"u":"7,06 €/KG","img":"https://fd2-photos.leclercdrive.fr/image.ashx?id=2653450&use=l&cat=p&typeid=i","cat":318652},{"id":2506,"n":"Coupelle crème Gerlinea Vanille caramel -  3x210g","p":4.29,"u":"6,81 €/KG","img":"https://fd2-photos.leclercdrive.fr/image.ashx?id=2653453&use=l&cat=p&typeid=i","cat":318652},{"id":2510,"n":"Biscuits soja figue GERBLE   - 4x4, 270g","p":1.96,"u":"7,26 €/KG","img":"https://fd2-photos.leclercdrive.fr/image.ashx?id=2812720&use=l&cat=p&typeid=i","cat":318651},{"id":2524,"n":"Amandes Couleurs Vives En poudre - 125g","p":1.97,"u":"15,76 €/KG","img":"https://fd2-photos.leclercdrive.fr/image.ashx?id=2896871&use=l&cat=p&typeid=i","cat":284504},{"id":2525,"n":"Cerneaux noix Couleurs Vives 125g","p":1.78,"u":"14,83 €/KG","img":"https://fd2-photos.leclercdrive.fr/image.ashx?id=2886436&use=l&cat=p&typeid=i","cat":284357},{"id":2530,"n":"Salade Notre Jardin Mâche - 125g","p":0.95,"u":"7,60 €/KG","img":"https://fd2-photos.leclercdrive.fr/image.ashx?id=2671804&use=l&cat=p&typeid=i","cat":284353},{"id":2531,"n":"Salade Notre Jardin Coeurs de laitue - 200g","p":0.99,"u":"4,95 €/KG","img":"https://fd2-photos.leclercdrive.fr/image.ashx?id=2686323&use=l&cat=p&typeid=i","cat":284353},{"id":2532,"n":"Laitue Iceberg Notre Jardin 300g","p":0.89,"u":"2,97 €/KG","img":"https://fd2-photos.leclercdrive.fr/image.ashx?id=2720151&use=l&cat=p&typeid=i","cat":284353},{"id":2571,"n":"Gel Coiffant L'Oréal Paris Ultra Fixant 24H - 150ml","p":3.48,"u":"23,20 €/L","img":"https://fd2-photos.leclercdrive.fr/image.ashx?id=2576163&use=l&cat=p&typeid=i","cat":284609},{"id":2576,"n":"Soin anti-âge L'Oréal Paris Age Perfect - 50ml","p":7.62,"u":"152,40 €/L","img":"https://fd2-photos.leclercdrive.fr/image.ashx?id=2867356&use=l&cat=p&typeid=i","cat":325345},{"id":2588,"n":"Eau minérale Thonon 6x1.5L","p":2.71,"u":"0,30 €/L","img":"https://fd2-photos.leclercdrive.fr/image.ashx?id=2915557&use=l&cat=p&typeid=i","cat":284535},{"id":2593,"n":"Eau minérale naturelle Contrex 6x50cl","p":2.09,"u":"0,70 €/L","img":"https://fd2-photos.leclercdrive.fr/image.ashx?id=2731714&use=l&cat=p&typeid=i","cat":284535},{"id":2612,"n":"Lait demi-écrémé UHT Délisse  Brique - 6x1L","p":5.94,"u":"0,99 €/L","img":"https://fd2-photos.leclercdrive.fr/image.ashx?id=2970545&use=l&cat=p&typeid=i","cat":284377},{"id":2613,"n":"Lait demi-écrémé UHT Délisse Bouteille - 6x1L","p":6.3,"u":"1,05 €/L","img":"https://fd2-photos.leclercdrive.fr/image.ashx?id=2970536&use=l&cat=p&typeid=i","cat":284377},{"id":2614,"n":"Lait demi-écrémé Délisse UHT Bouteille -  6x50cl","p":4.74,"u":"1,58 €/L","img":"https://fd2-photos.leclercdrive.fr/image.ashx?id=2970563&use=l&cat=p&typeid=i","cat":284377},{"id":2615,"n":"Lait écrémé Délisse Brique : 6x1L","p":5.52,"u":"0,92 €/L","img":"https://fd2-photos.leclercdrive.fr/image.ashx?id=2976282&use=l&cat=p&typeid=i","cat":284949},{"id":2619,"n":"Lait bio Bio Village Bouteille  Demi-écrémé UHT -  6x1L","p":6.48,"u":"1,08 €/L","img":"https://fd2-photos.leclercdrive.fr/image.ashx?id=2970000&use=l&cat=p&typeid=i","cat":284377},{"id":2638,"n":"Eau minérale Courmayeur 6x1.5L","p":2.58,"u":"0,29 €/L","img":"https://fd2-photos.leclercdrive.fr/image.ashx?id=2964105&use=l&cat=p&typeid=i","cat":284535},{"id":2649,"n":"Eau de source de Montagne 6x1.5L","p":1.68,"u":"0,19 €/L","img":"https://fd2-photos.leclercdrive.fr/image.ashx?id=2727617&use=l&cat=p&typeid=i","cat":284535},{"id":2650,"n":"Whisky William Lawson's Finest Blend 40° - 100cl","p":17.88,"u":"17,88 €/L","img":"https://fd2-photos.leclercdrive.fr/image.ashx?id=2966134&use=l&cat=p&typeid=i","cat":284547},{"id":2722,"n":"Yaourts aromatisés Délisse Vanille - 8x125g","p":2.58,"u":"2,58 €/KG","img":"https://fd2-photos.leclercdrive.fr/image.ashx?id=2758707&use=l&cat=p&typeid=i","cat":286006},{"id":2729,"n":"Pistaches grillées à sec Tokapi 300g","p":3.86,"u":"12,87 €/KG","img":"https://fd2-photos.leclercdrive.fr/image.ashx?id=2795541&use=l&cat=p&typeid=i","cat":284448},{"id":2734,"n":"Eau de source Eco+ 6x 1.5L","p":1.14,"u":"0,13 €/L","img":"https://fd2-photos.leclercdrive.fr/image.ashx?id=2905880&use=l&cat=p&typeid=i","cat":284535},{"id":2737,"n":"Eau minérale Des Alpes  6x1.5L","p":2.1,"u":"0,23 €/L","img":"https://fd2-photos.leclercdrive.fr/image.ashx?id=2768667&use=l&cat=p&typeid=i","cat":284535},{"id":2742,"n":"Eau gazeuse San Pellegrino Minérale naturelle - 6x1L","p":3.77,"u":"0,63 €/L","img":"https://fd2-photos.leclercdrive.fr/image.ashx?id=2740316&use=l&cat=p&typeid=i","cat":284536},{"id":2743,"n":"Eau gazeuse  Badoit verte finement pétillante - 6x50cl","p":2.8,"u":"0,93 €/L","img":"https://fd2-photos.leclercdrive.fr/image.ashx?id=2983081&use=l&cat=p&typeid=i","cat":284536},{"id":2749,"n":"Lait entier Délisse UHT - Bouteille : 6x1L","p":7.74,"u":"1,29 €/L","img":"https://fd2-photos.leclercdrive.fr/image.ashx?id=2970572&use=l&cat=p&typeid=i","cat":285610},{"id":2750,"n":"Lait écrémé Délisse UHT - Bouteille : 6x1L","p":5.94,"u":"0,99 €/L","img":"https://fd2-photos.leclercdrive.fr/image.ashx?id=2475152&use=l&cat=p&typeid=i","cat":284949},{"id":2755,"n":"Lait demi-écrémé Lactel Vitamine D Bouteille - 6x1l","p":7.39,"u":"1,23 €/L","img":"https://fd2-photos.leclercdrive.fr/image.ashx?id=2889424&use=l&cat=p&typeid=i","cat":284377},{"id":2758,"n":"Lait Matin Léger de Lactel Sans lactose 1.2% mg - 6x50cl","p":6.95,"u":"2,32 €/L","img":"https://fd2-photos.leclercdrive.fr/image.ashx?id=2883564&use=l&cat=p&typeid=i","cat":317169},{"id":2759,"n":"Lait Matin Léger de Lactel Sans lactose 1.2% mg - 6x1L","p":10.19,"u":"1,70 €/L","img":"https://fd2-photos.leclercdrive.fr/image.ashx?id=2883125&use=l&cat=p&typeid=i","cat":317169},{"id":2776,"n":"Crème Mains Réparatrice Mixa Mains abîmées - 100ml","p":2.21,"u":"22,10 €/L","img":"https://fd2-photos.leclercdrive.fr/image.ashx?id=2276024&use=l&cat=p&typeid=i","cat":325354},{"id":2777,"n":"Crème mains protectrice Mixa Anti-dessèchement - 100ml","p":2.2,"u":"22,00 €/L","img":"https://fd2-photos.leclercdrive.fr/image.ashx?id=2299873&use=l&cat=p&typeid=i","cat":325354},{"id":2779,"n":"Whisky William Lawson's Finest Blend 40° - 70cl","p":12.68,"u":"18,11 €/L","img":"https://fd2-photos.leclercdrive.fr/image.ashx?id=2848340&use=l&cat=p&typeid=i","cat":284547},{"id":2799,"n":"Fromage frais Délisse Fruits panachés - 24x50g","p":2.88,"u":"2,40 €/KG","img":"https://fd2-photos.leclercdrive.fr/image.ashx?id=2922494&use=l&cat=p&typeid=i","cat":284414},{"id":2803,"n":"Baguette de pain 250g","p":0.28,"u":"1,12 €/KG","img":"https://fd2-photos.leclercdrive.fr/image.ashx?id=2062873&use=l&cat=p&typeid=i","cat":284359},{"id":2813,"n":"Pizza Chèvre Turini Cuite au feu de bois - 420g","p":2.21,"u":"5,26 €/KG","img":"https://fd2-photos.leclercdrive.fr/image.ashx?id=2815214&use=l&cat=p&typeid=i","cat":284256},{"id":2814,"n":"Pizza 4 fromages Turini Cuite au feu de bois - 420g","p":2.23,"u":"5,31 €/KG","img":"https://fd2-photos.leclercdrive.fr/image.ashx?id=2815211&use=l&cat=p&typeid=i","cat":284256},{"id":2845,"n":"Glace Cône Nestlé Extrême Rhum raisins x6 - 426g","p":3.6,"u":"8,45 €/KG","img":"https://fd2-photos.leclercdrive.fr/image.ashx?id=2729848&use=l&cat=p&typeid=i","cat":284264},{"id":2872,"n":"Poireau Botte 1kg","p":1.89,"u":"1,89 €/KG","img":"https://fd2-photos.leclercdrive.fr/image.ashx?id=1633169&use=l&cat=p&typeid=i","cat":284352},{"id":2873,"n":"Mélange de poivrons doux  500g","p":1.59,"u":"3,18 €/KG","img":"https://fd2-photos.leclercdrive.fr/image.ashx?id=1633178&use=l&cat=p&typeid=i","cat":284352},{"id":2877,"n":"Chaussons aux pommes  4x1 p","p":3.55,"u":"0,89 €/P","img":"https://fd2-photos.leclercdrive.fr/image.ashx?id=2071013&use=l&cat=p&typeid=i","cat":284984},{"id":2896,"n":"Endive Sachet 1kg","p":2.79,"u":"2,79 €/KG","img":"https://fd2-photos.leclercdrive.fr/image.ashx?id=558004&use=l&cat=p&typeid=i","cat":284352},{"id":2902,"n":"Botte de radis rose  1p","p":1.19,"img":"https://fd2-photos.leclercdrive.fr/image.ashx?id=558013&use=l&cat=p&typeid=i","cat":284352},{"id":2905,"n":"Steak haché Charal 5%mg - 400g","p":7.51,"u":"18,78 €/KG","img":"https://fd2-photos.leclercdrive.fr/image.ashx?id=1889171&use=l&cat=p&typeid=i","cat":284332},{"id":2929,"n":"Biscuits raisins GERBLE   - 4x4, 270g","p":1.83,"u":"6,78 €/KG","img":"https://fd2-photos.leclercdrive.fr/image.ashx?id=2662298&use=l&cat=p&typeid=i","cat":318651},{"id":2937,"n":"Biscuits goûter chocolat GERBLE  - 3x4,  250g","p":1.58,"u":"6,32 €/KG","img":"https://fd2-photos.leclercdrive.fr/image.ashx?id=2625181&use=l&cat=p&typeid=i","cat":318651},{"id":2938,"n":"Biscuits germe de blé GERBLE   - 5x5, 210g","p":1.27,"u":"6,05 €/KG","img":"https://fd2-photos.leclercdrive.fr/image.ashx?id=2573540&use=l&cat=p&typeid=i","cat":318651},{"id":2950,"n":"Biscuits lait chocolat GERBLE   - 5x4, 230g","p":1.53,"u":"6,65 €/KG","img":"https://fd2-photos.leclercdrive.fr/image.ashx?id=2575030&use=l&cat=p&typeid=i","cat":318651},{"id":2951,"n":"Biscuit chocolat GERLINEA  Encas minceur - 4x4, 200g","p":2.0,"u":"10,00 €/KG","img":"https://fd2-photos.leclercdrive.fr/image.ashx?id=2654770&use=l&cat=p&typeid=i","cat":318652},{"id":2968,"n":"Tablette chocolat Milka Chocolat lait/caramel - 2x100g","p":3.14,"u":"15,70 €/KG","img":"https://fd2-photos.leclercdrive.fr/image.ashx?id=3009146&use=l&cat=p&typeid=i","cat":284497},{"id":2969,"n":"Sticks et bretzels Tokapi 300g","p":1.2,"u":"4,00 €/KG","img":"https://fd2-photos.leclercdrive.fr/image.ashx?id=2431104&use=l&cat=p&typeid=i","cat":297000},{"id":2971,"n":"Chips ondulées Pom'Lisse  Nature - 150g","p":0.93,"u":"6,20 €/KG","img":"https://fd2-photos.leclercdrive.fr/image.ashx?id=2657196&use=l&cat=p&typeid=i","cat":284447},{"id":2973,"n":"Chips Pom'Lisse Barbecue - 135g","p":0.89,"u":"6,59 €/KG","img":"https://fd2-photos.leclercdrive.fr/image.ashx?id=2774046&use=l&cat=p&typeid=i","cat":284447},{"id":2988,"n":"Dessert fruits mixés Sojasun Framboise / Passion - 4x100g","p":1.61,"u":"4,03 €/KG","img":"https://fd2-photos.leclercdrive.fr/image.ashx?id=2355671&use=l&cat=p&typeid=i","cat":316071},{"id":3000,"n":"Oeufs frais plein air Bio Bio Village - x6","p":2.09,"u":"0,35 €/P","img":"https://fd2-photos.leclercdrive.fr/image.ashx?id=1518429&use=l&cat=p&typeid=i","cat":284378},{"id":3011,"n":"Sauce Mexicaine Tables du Monde Medium - 315g","p":1.49,"u":"4,73 €/KG","img":"https://fd2-photos.leclercdrive.fr/image.ashx?id=2476963&use=l&cat=p&typeid=i","cat":288993},{"id":3012,"n":"Sauce Fajitas Tables du Monde 430g","p":1.97,"u":"4,58 €/KG","img":"https://fd2-photos.leclercdrive.fr/image.ashx?id=2470228&use=l&cat=p&typeid=i","cat":288993},{"id":3013,"n":"Pain de mie 7 céréales Epi d'Or Grandes tranches - 550g","p":1.19,"u":"2,16 €/KG","img":"https://fd2-photos.leclercdrive.fr/image.ashx?id=1959532&use=l&cat=p&typeid=i","cat":284477},{"id":3014,"n":"Brioche tressée Epi d'Or Pépites de chocolat - 600g","p":2.36,"u":"3,93 €/KG","img":"https://fd2-photos.leclercdrive.fr/image.ashx?id=2867898&use=l&cat=p&typeid=i","cat":284478},{"id":3028,"n":"Brioche tranchée Epi d'Or Pépites de chocolat 500g","p":2.09,"u":"4,18 €/KG","img":"https://fd2-photos.leclercdrive.fr/image.ashx?id=2867901&use=l&cat=p&typeid=i","cat":284478},{"id":3029,"n":"Gâche vendéenne IGP NRT 400g","p":2.65,"u":"6,63 €/KG","img":"https://fd2-photos.leclercdrive.fr/image.ashx?id=2670404&use=l&cat=p&typeid=i","cat":284478},{"id":3033,"n":"Pâtes fraîches Turini Fettuccini - 350g","p":1.49,"u":"4,26 €/KG","img":"https://fd2-photos.leclercdrive.fr/image.ashx?id=2882313&use=l&cat=p&typeid=i","cat":333682},{"id":3034,"n":"Fromage Parmesan Parmareggio 60g","p":1.36,"u":"22,67 €/KG","img":"https://fd2-photos.leclercdrive.fr/image.ashx?id=2975458&use=l&cat=p&typeid=i","cat":314035},{"id":3040,"n":"Beurre moulé bio Bio Village Doux - 82% MG - 250g","p":2.99,"u":"11,96 €/KG","img":"https://fd2-photos.leclercdrive.fr/image.ashx?id=2437052&use=l&cat=p&typeid=i","cat":284379},{"id":3041,"n":"Beurre moulé bio Bio Village Demi-sel - 80% MG - 250g","p":2.99,"u":"11,96 €/KG","img":"https://fd2-photos.leclercdrive.fr/image.ashx?id=2437055&use=l&cat=p&typeid=i","cat":284379},{"id":3055,"n":"Gel à raser féminin Siliss Velours abricot - 200ml","p":1.69,"u":"8,45 €/L","img":"https://fd2-photos.leclercdrive.fr/image.ashx?id=2699408&use=l&cat=p&typeid=i","cat":325352},{"id":3070,"n":"Serviette hygiénique Doulys Ultra - Normal+  - x14","p":1.29,"u":"0,09 €/P","img":"https://fd2-photos.leclercdrive.fr/image.ashx?id=2838915&use=l&cat=p&typeid=i","cat":284624},{"id":3072,"n":"Serviette hygiénique Doulys Maxi confort - Super - x16","p":1.45,"u":"0,09 €/P","img":"https://fd2-photos.leclercdrive.fr/image.ashx?id=2637844&use=l&cat=p&typeid=i","cat":284624},{"id":3091,"n":"Cordons bleus Maître coq Poulet - 1kg","p":7.09,"u":"7,09 €/KG","img":"https://fd2-photos.leclercdrive.fr/image.ashx?id=2762103&use=l&cat=p&typeid=i","cat":333683},{"id":3093,"n":"Cake fruits P'tit déli Tranché 300g","p":1.66,"u":"5,53 €/KG","img":"https://fd2-photos.leclercdrive.fr/image.ashx?id=2823078&use=l&cat=p&typeid=i","cat":284493},{"id":3099,"n":"Mini cakes P'tit Déli  aux fruits x10","p":2.98,"u":"9,93 €/KG","img":"https://fd2-photos.leclercdrive.fr/image.ashx?id=2047019&use=l&cat=p&typeid=i","cat":284493},{"id":3101,"n":"Biscuits fourrés Chamonix LU Orange - 250g","p":1.51,"u":"6,04 €/KG","img":"https://fd2-photos.leclercdrive.fr/image.ashx?id=2982982&use=l&cat=p&typeid=i","cat":284489},{"id":3106,"n":"Biscuits Cookies P'tit Déli Noix coco Chocolat - 200g","p":1.39,"u":"6,95 €/KG","img":"https://fd2-photos.leclercdrive.fr/image.ashx?id=2896853&use=l&cat=p&typeid=i","cat":325066},{"id":3107,"n":"Biscuits petit beurre LU Pocket - 300g","p":1.93,"u":"6,43 €/KG","img":"https://fd2-photos.leclercdrive.fr/image.ashx?id=3001940&use=l&cat=p&typeid=i","cat":284487},{"id":3108,"n":"Biscuits petit déjeuner Prince Céréales - 300g","p":1.95,"u":"6,50 €/KG","img":"https://fd2-photos.leclercdrive.fr/image.ashx?id=2346648&use=l&cat=p&typeid=i","cat":284491},{"id":3142,"n":"Café et Chicorée Soluble Ricoré  Original - 100g","p":2.78,"u":"27,80 €/KG","img":"https://fd2-photos.leclercdrive.fr/image.ashx?id=2951542&use=l&cat=p&typeid=i","cat":284843},{"id":3147,"n":"Madeleines P'tit déli coquilles 500g","p":1.7,"u":"3,40 €/KG","img":"https://fd2-photos.leclercdrive.fr/image.ashx?id=2999484&use=l&cat=p&typeid=i","cat":284492},{"id":3148,"n":"Madeleines longues P'tit déli Marbrées chocolat 250g","p":1.45,"u":"5,80 €/KG","img":"https://fd2-photos.leclercdrive.fr/image.ashx?id=2999490&use=l&cat=p&typeid=i","cat":284492},{"id":3151,"n":"Café moulu Plantation  Tradition - 250g","p":2.52,"u":"10,08 €/KG","img":"https://fd2-photos.leclercdrive.fr/image.ashx?id=2580886&use=l&cat=p&typeid=i","cat":284750},{"id":3153,"n":"Café moulu Plantation  Tradition décaféiné - 250g","p":2.95,"u":"11,80 €/KG","img":"https://fd2-photos.leclercdrive.fr/image.ashx?id=2607407&use=l&cat=p&typeid=i","cat":284750},{"id":3158,"n":"Café moulu Plantation  doux - 2x250g","p":6.88,"u":"13,76 €/KG","img":"https://fd2-photos.leclercdrive.fr/image.ashx?id=2607428&use=l&cat=p&typeid=i","cat":284750},{"id":3166,"n":"Dessert fruitier pomme Douceur du Verger 16x100g","p":2.8,"u":"1,75 €/KG","img":"https://fd2-photos.leclercdrive.fr/image.ashx?id=798031&use=l&cat=p&typeid=i","cat":284416},{"id":3169,"n":"Tortellini iTurini Ricotta épinard - 300g","p":1.48,"u":"4,93 €/KG","img":"https://fd2-photos.leclercdrive.fr/image.ashx?id=2869266&use=l&cat=p&typeid=i","cat":333682},{"id":3171,"n":"Tortellini Turini Jambon cru - 250g","p":1.96,"u":"7,84 €/KG","img":"https://fd2-photos.leclercdrive.fr/image.ashx?id=2778039&use=l&cat=p&typeid=i","cat":333682},{"id":3193,"n":"Aérosol désodorisant Oust Fraîcheur propre 300ml","p":1.75,"u":"5,83 €/L","img":"https://fd2-photos.leclercdrive.fr/image.ashx?id=1715230&use=l&cat=p&typeid=i","cat":311626},{"id":3200,"n":"Petits pains grillés Epi d'Or  Froment - 225g","p":0.79,"u":"3,51 €/KG","img":"https://fd2-photos.leclercdrive.fr/image.ashx?id=2496410&use=l&cat=p&typeid=i","cat":284479},{"id":3212,"n":"Farine pour pain Francine Multi-céréales - 1,5kg","p":2.62,"u":"1,75 €/KG","img":"https://fd2-photos.leclercdrive.fr/image.ashx?id=2220611&use=l&cat=p&typeid=i","cat":284503},{"id":3215,"n":"Riz long Comptoir du Grain Etuvé - 1kg","p":1.72,"u":"1,72 €/KG","img":"https://fd2-photos.leclercdrive.fr/image.ashx?id=2076640&use=l&cat=p&typeid=i","cat":284428},{"id":3217,"n":"Riz Basmati Comptoir du Grain Sélection Riz long - 500g","p":1.35,"u":"2,70 €/KG","img":"https://fd2-photos.leclercdrive.fr/image.ashx?id=2076643&use=l&cat=p&typeid=i","cat":284428},{"id":3220,"n":"Céréales Tipiak - Blé Maïs Soja Prêt en 4 min - 400g","p":1.38,"u":"3,45 €/KG","img":"https://fd2-photos.leclercdrive.fr/image.ashx?id=2989144&use=l&cat=p&typeid=i","cat":284429},{"id":3223,"n":"Pâtes capellini Panzani 500g","p":1.06,"u":"2,12 €/KG","img":"https://fd2-photos.leclercdrive.fr/image.ashx?id=2876038&use=l&cat=p&typeid=i","cat":284427},{"id":3224,"n":"Pâtes Barilla Spaghetti n°5 - 1kg","p":1.7,"u":"1,70 €/KG","img":"https://fd2-photos.leclercdrive.fr/image.ashx?id=2481182&use=l&cat=p&typeid=i","cat":284427},{"id":3225,"n":"Pâtes Lasagnes Panzani - 500G","p":1.75,"u":"3,50 €/KG","img":"https://fd2-photos.leclercdrive.fr/image.ashx?id=2896105&use=l&cat=p&typeid=i","cat":284427},{"id":3226,"n":"Pâtes cannelloni Panzani  A farcir - 250g","p":1.11,"u":"4,44 €/KG","img":"https://fd2-photos.leclercdrive.fr/image.ashx?id=2896108&use=l&cat=p&typeid=i","cat":284427},{"id":3239,"n":"Biscuit Petit beurre P'tit Déli Tablette chocolat noir - 150g","p":1.37,"u":"9,13 €/KG","img":"https://fd2-photos.leclercdrive.fr/image.ashx?id=2949170&use=l&cat=p&typeid=i","cat":284488},{"id":3240,"n":"Biscuit Petit beurre P'tit Déli Tablette lait noisette - 150g","p":1.61,"u":"10,73 €/KG","img":"https://fd2-photos.leclercdrive.fr/image.ashx?id=2523673&use=l&cat=p&typeid=i","cat":284488},{"id":3257,"n":"Bûche glacée Eskiss 3 chocolats - 536g","p":3.49,"u":"6,51 €/KG","img":"https://fd2-photos.leclercdrive.fr/image.ashx?id=2209711&use=l&cat=p&typeid=i","cat":284266},{"id":3258,"n":"Champignons Paris Notre Jardin Pieds et morceaux - 460g","p":2.29,"u":"4,98 €/KG","img":"https://fd2-photos.leclercdrive.fr/image.ashx?id=2553893&use=l&cat=p&typeid=i","cat":312610},{"id":3260,"n":"Noix de Saint Jacques NRT de la baie de St-Brieuc - 300g","p":14.99,"u":"49,97 €/KG","img":"https://fd2-photos.leclercdrive.fr/image.ashx?id=2801064&use=l&cat=p&typeid=i","cat":319787},{"id":3263,"n":"Champignons Paris Notre Jardin Entiers - 460g","p":2.69,"u":"5,85 €/KG","img":"https://fd2-photos.leclercdrive.fr/image.ashx?id=2553887&use=l&cat=p&typeid=i","cat":312610},{"id":3271,"n":"Maïs Notre Jardin Tendre - 3x140g","p":1.89,"u":"4,50 €/KG","img":"https://fd2-photos.leclercdrive.fr/image.ashx?id=2074653&use=l&cat=p&typeid=i","cat":312611},{"id":3272,"n":"Asperges blanches grosses Notre Jardin - 320g","p":3.49,"u":"10,91 €/KG","img":"https://fd2-photos.leclercdrive.fr/image.ashx?id=2049016&use=l&cat=p&typeid=i","cat":312611},{"id":3277,"n":"Chips à l'ancienne Pom'lisse Nature - 6x30g","p":1.58,"u":"8,78 €/KG","img":"https://fd2-photos.leclercdrive.fr/image.ashx?id=2657193&use=l&cat=p&typeid=i","cat":284447},{"id":3282,"n":"Moutarde Amora Mi-forte - 230g Divers coloris","p":1.88,"u":"8,17 €/KG","img":"https://fd2-photos.leclercdrive.fr/image.ashx?id=2504473&use=l&cat=p&typeid=i","cat":288850},{"id":3285,"n":"Vinaigre balsamique Rustica 50cl","p":1.57,"u":"3,14 €/L","img":"https://fd2-photos.leclercdrive.fr/image.ashx?id=2765701&use=l&cat=p&typeid=i","cat":298543},{"id":3292,"n":"Tomates pelées Notre Jardin Entières - 238g","p":0.85,"u":"3,57 €/KG","img":"https://fd2-photos.leclercdrive.fr/image.ashx?id=2190002&use=l&cat=p&typeid=i","cat":312608},{"id":3305,"n":"Sauce Provençale Turini 420g","p":0.97,"u":"2,31 €/KG","img":"https://fd2-photos.leclercdrive.fr/image.ashx?id=2047010&use=l&cat=p&typeid=i","cat":287599},{"id":3307,"n":"Cidre bouché Les Goelleries Normand brut 5.5%vol. - 75cl","p":1.79,"u":"2,39 €/L","img":"https://fd2-photos.leclercdrive.fr/image.ashx?id=2842196&use=l&cat=p&typeid=i","cat":334880},{"id":3309,"n":"Pur jus de pomme Jafaden 1L","p":1.34,"u":"1,34 €/L","img":"https://fd2-photos.leclercdrive.fr/image.ashx?id=2955632&use=l&cat=p&typeid=i","cat":284522},{"id":3310,"n":"Pur jus de pomme Bio Village Bio - 1L","p":1.49,"u":"1,49 €/L","img":"https://fd2-photos.leclercdrive.fr/image.ashx?id=2901527&use=l&cat=p&typeid=i","cat":284522},{"id":3311,"n":"Thé glacé Fresh Tea Pêche - 1,5L","p":1.25,"u":"0,83 €/L","img":"https://fd2-photos.leclercdrive.fr/image.ashx?id=2982601&use=l&cat=p&typeid=i","cat":295019},{"id":3316,"n":"Sirop Frucci Grenadine - 1L","p":2.76,"u":"2,76 €/L","img":"https://fd2-photos.leclercdrive.fr/image.ashx?id=2954073&use=l&cat=p&typeid=i","cat":295020},{"id":3338,"n":"Protège-slips Doulys Mince - Plié - x30","p":1.25,"u":"0,04 €/P","img":"https://fd2-photos.leclercdrive.fr/image.ashx?id=2824129&use=l&cat=p&typeid=i","cat":284625},{"id":3341,"n":"AOC Vin doux Muscat Dauré  rivesaltes 15.5%vol - 75 cl","p":5.67,"u":"7,56 €/L","img":"https://fd2-photos.leclercdrive.fr/image.ashx?id=2865680&use=l&cat=p&typeid=i","cat":284913},{"id":3343,"n":"Vodka Poliakov 37.5%vol - 70cl","p":11.09,"u":"15,84 €/L","img":"https://fd2-photos.leclercdrive.fr/image.ashx?id=2810759&use=l&cat=p&typeid=i","cat":284550},{"id":3344,"n":"Nectar Jafaden Banane - 1L","p":2.09,"u":"2,09 €/L","img":"https://fd2-photos.leclercdrive.fr/image.ashx?id=2955701&use=l&cat=p&typeid=i","cat":284915},{"id":3345,"n":"Nectar Jafaden Poire - 1L","p":2.49,"u":"2,49 €/L","img":"https://fd2-photos.leclercdrive.fr/image.ashx?id=2955695&use=l&cat=p&typeid=i","cat":284915},{"id":3355,"n":"World Mix Haribo Sachet bonbons - 500g","p":2.76,"u":"5,52 €/KG","img":"https://fd2-photos.leclercdrive.fr/image.ashx?id=2805207&use=l&cat=p&typeid=i","cat":304250},{"id":3356,"n":"Banan's Haribo Sachet bonbons - 300g","p":1.43,"u":"4,77 €/KG","img":"https://fd2-photos.leclercdrive.fr/image.ashx?id=1739936&use=l&cat=p&typeid=i","cat":304250},{"id":3359,"n":"Compote Andros Pomme 750g","p":1.49,"u":"1,99 €/KG","img":"https://fd2-photos.leclercdrive.fr/image.ashx?id=2327716&use=l&cat=p&typeid=i","cat":284508},{"id":3361,"n":"Pâtée chats Gourmet gold Mousselines 4x85g","p":1.89,"u":"5,56 €/KG","img":"https://fd2-photos.leclercdrive.fr/image.ashx?id=2711103&use=l&cat=p&typeid=i","cat":285286},{"id":3364,"n":"Huile de douche Manava Bien être oriental 250ml","p":1.16,"u":"4,64 €/L","img":"https://fd2-photos.leclercdrive.fr/image.ashx?id=2809659&use=l&cat=p&typeid=i","cat":284594},{"id":3372,"n":"Terrines Tous Mes Amis Pour chats  3 saveurs - 3x400g","p":3.29,"u":"2,74 €/KG","img":"https://fd2-photos.leclercdrive.fr/image.ashx?id=559162&use=l&cat=p&typeid=i","cat":285601},{"id":3373,"n":"Tortillas Tables du Monde Galettes de blé x8 320g","p":1.71,"u":"5,34 €/KG","img":"https://fd2-photos.leclercdrive.fr/image.ashx?id=2679729&use=l&cat=p&typeid=i","cat":288993},{"id":3376,"n":"Café moulu Bio Village Bio  Pérou - 250g","p":4.21,"u":"16,84 €/KG","img":"https://fd2-photos.leclercdrive.fr/image.ashx?id=2552436&use=l&cat=p&typeid=i","cat":284750},{"id":3378,"n":"Litchis  500g","p":2.99,"u":"5,98 €/KG","img":"https://fd2-photos.leclercdrive.fr/image.ashx?id=1636365&use=l&cat=p&typeid=i","cat":284356},{"id":3393,"n":"Dentifrice Protection Signal Caries 100ml","p":1.15,"u":"11,50 €/L","img":"https://fd2-photos.leclercdrive.fr/image.ashx?id=2961810&use=l&cat=p&typeid=i","cat":284612},{"id":3395,"n":"Dentifrice Dentamyl Aux plantes 75ml","p":0.94,"u":"12,53 €/L","img":"https://fd2-photos.leclercdrive.fr/image.ashx?id=2489104&use=l&cat=p&typeid=i","cat":284612},{"id":3396,"n":"Dentifrice Dentamyl Haleine fraîche 75ml","p":0.76,"u":"10,13 €/L","img":"https://fd2-photos.leclercdrive.fr/image.ashx?id=2489101&use=l&cat=p&typeid=i","cat":284612},{"id":3401,"n":"Serviette hygiénique Doulys Maxi - Spécial nuit - x12","p":0.95,"u":"0,08 €/P","img":"https://fd2-photos.leclercdrive.fr/image.ashx?id=2637859&use=l&cat=p&typeid=i","cat":284624},{"id":3412,"n":"Soupe de poissons Régal Soupe 1L","p":2.69,"u":"2,69 €/L","img":"https://fd2-photos.leclercdrive.fr/image.ashx?id=745138&use=l&cat=p&typeid=i","cat":287366},{"id":3415,"n":"Sardines Pêche Océan Huile de tournesol - 3x69g","p":3.18,"u":"15,36 €/KG","img":"https://fd2-photos.leclercdrive.fr/image.ashx?id=2627634&use=l&cat=p&typeid=i","cat":305146},{"id":3416,"n":"Ratatouille Notre Jardin A la provençale - 750g","p":1.29,"u":"1,72 €/KG","img":"https://fd2-photos.leclercdrive.fr/image.ashx?id=2526291&use=l&cat=p&typeid=i","cat":312612},{"id":3424,"n":"Plat moussaka Côté table 850g","p":4.63,"u":"5,45 €/KG","img":"https://fd2-photos.leclercdrive.fr/image.ashx?id=2045175&use=l&cat=p&typeid=i","cat":284254},{"id":3428,"n":"Feuilletés paniers Côté Table St Jacques Fruits de mer 4x100g","p":4.45,"u":"11,13 €/KG","img":"https://fd2-photos.leclercdrive.fr/image.ashx?id=2549379&use=l&cat=p&typeid=i","cat":319776},{"id":3429,"n":"Lasagnes bolognaises Côté table 1kg","p":3.49,"u":"3,49 €/KG","img":"https://fd2-photos.leclercdrive.fr/image.ashx?id=2545628&use=l&cat=p&typeid=i","cat":284254},{"id":3441,"n":"AOP Freixenet Cava Cordon Negro Brut - 75cl","p":5.7,"u":"7,60 €/L","img":"https://fd2-photos.leclercdrive.fr/image.ashx?id=3011929&use=l&cat=p&typeid=i","cat":289461},{"id":3455,"n":"Saumon et torsades Côté Table  Sauce à l'oseille - 300g","p":2.59,"u":"8,63 €/KG","img":"https://fd2-photos.leclercdrive.fr/image.ashx?id=1208719&use=l&cat=p&typeid=i","cat":284953},{"id":3459,"n":"Petit Pois et Carottes Cassegrain 465g","p":2.59,"u":"5,57 €/KG","img":"https://fd2-photos.leclercdrive.fr/image.ashx?id=2912971&use=l&cat=p&typeid=i","cat":312607},{"id":3461,"n":"Maïs Bonduelle Sans Sucres Ajoutés 285g","p":0.94,"u":"3,30 €/KG","img":"https://fd2-photos.leclercdrive.fr/image.ashx?id=2955303&use=l&cat=p&typeid=i","cat":312611},{"id":3462,"n":"Pain précuit Epi d'Or Demi-baguette x2 - 300g","p":0.65,"u":"2,17 €/KG","img":"https://fd2-photos.leclercdrive.fr/image.ashx?id=2684814&use=l&cat=p&typeid=i","cat":325069},{"id":3517,"n":"Bonbons Haribo Réglisse Carensac - 250g","p":1.66,"u":"6,64 €/KG","img":"https://fd2-photos.leclercdrive.fr/image.ashx?id=2982405&use=l&cat=p&typeid=i","cat":304250},{"id":3520,"n":"Boîtes chiens Lydog Terrines Viande volaille - 4x405g","p":3.47,"u":"2,14 €/KG","img":"https://fd2-photos.leclercdrive.fr/image.ashx?id=2815746&use=l&cat=p&typeid=i","cat":288578},{"id":3525,"n":"Crêpes fourrées P'tit déli Chocolat x8 - 256g","p":1.65,"u":"6,45 €/KG","img":"https://fd2-photos.leclercdrive.fr/image.ashx?id=2656335&use=l&cat=p&typeid=i","cat":284494},{"id":3558,"n":"IGP Pays d'Oc rouge J-P Chenet Cabernet-Syrah 13% vol - 75 cl","p":3.15,"u":"4,20 €/L","img":"https://fd2-photos.leclercdrive.fr/image.ashx?id=2810864&use=l&cat=p&typeid=i","cat":289556},{"id":3559,"n":"IGP Pays d'Oc rouge J-P Chenet Merlot HVE - 75 cl","p":3.17,"u":"4,23 €/L","img":"https://fd2-photos.leclercdrive.fr/image.ashx?id=2837157&use=l&cat=p&typeid=i","cat":289556},{"id":3564,"n":"Vin de l'Union Européenne  La Villageoise - 6x25cl","p":4.13,"u":"2,75 €/L","img":"https://fd2-photos.leclercdrive.fr/image.ashx?id=2731651&use=l&cat=p&typeid=i","cat":289557},{"id":3570,"n":"Concentré à diluer Pulco Citron - 70cl","p":2.17,"u":"3,10 €/L","img":"https://fd2-photos.leclercdrive.fr/image.ashx?id=2687845&use=l&cat=p&typeid=i","cat":295020},{"id":3571,"n":"Nectar Jafaden Abricot - 1L","p":2.59,"u":"2,59 €/L","img":"https://fd2-photos.leclercdrive.fr/image.ashx?id=2955713&use=l&cat=p&typeid=i","cat":284915},{"id":3575,"n":"Litière chats Tous mes Amis Végétale - 10L","p":4.39,"u":"0,44 €/L","img":"https://fd2-photos.leclercdrive.fr/image.ashx?id=2055217&use=l&cat=p&typeid=i","cat":284683},{"id":3576,"n":"Litière chats Tous mes Amis Minérale - Hygiénique - 10L","p":4.65,"u":"0,47 €/L","img":"https://fd2-photos.leclercdrive.fr/image.ashx?id=2055211&use=l&cat=p&typeid=i","cat":284683},{"id":3580,"n":"Le Haricot vert Cueilli Main Bonduelle Extra Fin 280g","p":2.45,"u":"8,75 €/KG","img":"https://fd2-photos.leclercdrive.fr/image.ashx?id=2910019&use=l&cat=p&typeid=i","cat":312606},{"id":3584,"n":"Macédoine de Légumes Bonduelle 530g","p":1.54,"u":"2,91 €/KG","img":"https://fd2-photos.leclercdrive.fr/image.ashx?id=2939235&use=l&cat=p&typeid=i","cat":312612},{"id":3587,"n":"AOP Bordeaux rouge Blaissac - 75cl","p":3.89,"u":"5,19 €/L","img":"https://fd2-photos.leclercdrive.fr/image.ashx?id=2917429&use=l&cat=p&typeid=i","cat":289556},{"id":3589,"n":"IGP Pays d'Oc rouge Roche Mazet Merlot - 75cl","p":2.96,"u":"3,95 €/L","img":"https://fd2-photos.leclercdrive.fr/image.ashx?id=2332997&use=l&cat=p&typeid=i","cat":289556},{"id":3593,"n":"Vin d'Italie rouge pétillant Vilaveroni Lambrusco- 75cl","p":4.02,"u":"5,36 €/L","img":"https://fd2-photos.leclercdrive.fr/image.ashx?id=2333021&use=l&cat=p&typeid=i","cat":289556},{"id":3599,"n":"IGP Pays d'Oc rosé Listel Grain De gris 12.5% vol - 75cl","p":3.39,"u":"4,52 €/L","img":"https://fd2-photos.leclercdrive.fr/image.ashx?id=2556135&use=l&cat=p&typeid=i","cat":289558},{"id":3600,"n":"Miel Lune de Miel Tartimiel 250g","p":2.15,"u":"8,60 €/KG","img":"https://fd2-photos.leclercdrive.fr/image.ashx?id=2662610&use=l&cat=p&typeid=i","cat":287643},{"id":3604,"n":"Allume-feu Silex cubes x28 200g","p":1.11,"u":"5,55 €/KG","img":"https://fd2-photos.leclercdrive.fr/image.ashx?id=2558781&use=l&cat=p&typeid=i","cat":300578},{"id":3609,"n":"Petit Pois Cassegrain Tendres et Fondants 495g","p":2.65,"u":"5,35 €/KG","img":"https://fd2-photos.leclercdrive.fr/image.ashx?id=2912962&use=l&cat=p&typeid=i","cat":312607},{"id":3610,"n":"Petits pois Notre Jardin A l'étuvée -Extra fins - 3x140g","p":1.57,"u":"3,74 €/KG","img":"https://fd2-photos.leclercdrive.fr/image.ashx?id=2987952&use=l&cat=p&typeid=i","cat":312607},{"id":3630,"n":"Filets colin Alaska Pêche océan 4 tranches - MSC - 400g","p":2.49,"u":"6,23 €/KG","img":"https://fd2-photos.leclercdrive.fr/image.ashx?id=2930087&use=l&cat=p&typeid=i","cat":319786},{"id":3638,"n":"Fromage Mini Caprice Des Dieux 3 Portions - 150g","p":2.58,"u":"17,20 €/KG","img":"https://fd2-photos.leclercdrive.fr/image.ashx?id=2217434&use=l&cat=p&typeid=i","cat":314033},{"id":3640,"n":"Fromage Apéritif Apérivrais  Saveurs de Provence - 100g","p":2.08,"u":"20,80 €/KG","img":"https://fd2-photos.leclercdrive.fr/image.ashx?id=2885348&use=l&cat=p&typeid=i","cat":314027},{"id":3641,"n":"Fromage Apéritif Apérivrais  Saveurs d'Italie - 100g","p":2.08,"u":"20,80 €/KG","img":"https://fd2-photos.leclercdrive.fr/image.ashx?id=2944705&use=l&cat=p&typeid=i","cat":314027},{"id":3643,"n":"Scotch Whisky Baird's 40%vol - 70cl","p":10.99,"u":"15,70 €/L","img":"https://fd2-photos.leclercdrive.fr/image.ashx?id=2907159&use=l&cat=p&typeid=i","cat":284547},{"id":3649,"n":"AOP Asti Vilaveroni 75cl","p":6.1,"u":"8,13 €/L","img":"https://fd2-photos.leclercdrive.fr/image.ashx?id=2337558&use=l&cat=p&typeid=i","cat":289461},{"id":3651,"n":"Vin du Portugal rosé Mateus - VSIG - 12% vol 75cl","p":4.78,"u":"6,37 €/L","img":"https://fd2-photos.leclercdrive.fr/image.ashx?id=2794619&use=l&cat=p&typeid=i","cat":289558},{"id":3660,"n":"Fromage tartiflette Les Croisés 27%mg 500g","p":3.89,"u":"7,78 €/KG","img":"https://fd2-photos.leclercdrive.fr/image.ashx?id=2791749&use=l&cat=p&typeid=i","cat":314037},{"id":3663,"n":"Fromage à Raclette RichesMonts  3 saveurs 27 Tranches - 700g","p":10.79,"u":"15,41 €/KG","img":"https://fd2-photos.leclercdrive.fr/image.ashx?id=2766289&use=l&cat=p&typeid=i","cat":314037},{"id":3684,"n":"Eau gazeuse Rozana 6x1L","p":2.65,"u":"0,44 €/L","img":"https://fd2-photos.leclercdrive.fr/image.ashx?id=2870602&use=l&cat=p&typeid=i","cat":284536},{"id":3694,"n":"Pâtes Torti Legumes Panzani - 500G","p":1.27,"u":"2,54 €/KG","img":"https://fd2-photos.leclercdrive.fr/image.ashx?id=2876032&use=l&cat=p&typeid=i","cat":284427},{"id":3699,"n":"Café moulu Bio Village Bio Amérique latine - 250g","p":4.99,"u":"19,96 €/KG","img":"https://fd2-photos.leclercdrive.fr/image.ashx?id=2603713&use=l&cat=p&typeid=i","cat":284750},{"id":3712,"n":"Emincé poulet Côté Table Sauce curry - 300g","p":2.02,"u":"6,73 €/KG","img":"https://fd2-photos.leclercdrive.fr/image.ashx?id=2393857&use=l&cat=p&typeid=i","cat":284953},{"id":3713,"n":"Huile d'olive Rustica Vierge extra - 50cl","p":4.8,"u":"9,60 €/L","img":"https://fd2-photos.leclercdrive.fr/image.ashx?id=2930340&use=l&cat=p&typeid=i","cat":284453},{"id":3714,"n":"Serviette hygiénique Doulys Ultra minces - Normal - x16","p":1.03,"u":"0,06 €/P","img":"https://fd2-photos.leclercdrive.fr/image.ashx?id=2838924&use=l&cat=p&typeid=i","cat":284624},{"id":3716,"n":"Pizza cuite sur pierre Turini Royale - 400g","p":1.99,"u":"4,98 €/KG","img":"https://fd2-photos.leclercdrive.fr/image.ashx?id=2815205&use=l&cat=p&typeid=i","cat":284256},{"id":3743,"n":"Mini brownie Brossard Chocolat pépites x8 - 240g","p":2.48,"u":"10,33 €/KG","img":"https://fd2-photos.leclercdrive.fr/image.ashx?id=2965100&use=l&cat=p&typeid=i","cat":294776},{"id":3748,"n":"Soufflés Grignot' Tokapi  Saveur Fromage - 90g","p":0.72,"u":"8,00 €/KG","img":"https://fd2-photos.leclercdrive.fr/image.ashx?id=1956625&use=l&cat=p&typeid=i","cat":284449},{"id":3754,"n":"Crackers Tuc Bacon - 100g","p":0.81,"u":"8,10 €/KG","img":"https://fd2-photos.leclercdrive.fr/image.ashx?id=3002198&use=l&cat=p&typeid=i","cat":297000},{"id":3758,"n":"Sachet repas chats Gourmet 4 variétés de filets - 4x85g","p":1.85,"u":"5,44 €/KG","img":"https://fd2-photos.leclercdrive.fr/image.ashx?id=2902274&use=l&cat=p&typeid=i","cat":285286},{"id":3773,"n":"Feuilletés paniers Côté Table Jambon fromage - 4x100g","p":2.15,"u":"5,38 €/KG","img":"https://fd2-photos.leclercdrive.fr/image.ashx?id=2549382&use=l&cat=p&typeid=i","cat":319776},{"id":3775,"n":"Feuilletés paniers Côté Table Fromage de chèvre - 4x100g","p":2.95,"u":"7,38 €/KG","img":"https://fd2-photos.leclercdrive.fr/image.ashx?id=2549385&use=l&cat=p&typeid=i","cat":319776},{"id":3777,"n":"Légumes couscous Notre jardin 1kg","p":1.99,"u":"1,99 €/KG","img":"https://fd2-photos.leclercdrive.fr/image.ashx?id=2900031&use=l&cat=p&typeid=i","cat":319823},{"id":3789,"n":"Pavés de saumon Pêche Océan ASC - 2x125g","p":4.99,"u":"19,96 €/KG","img":"https://fd2-photos.leclercdrive.fr/image.ashx?id=2953719&use=l&cat=p&typeid=i","cat":319786},{"id":3794,"n":"Poisson pané Pêche Océan - MSC Colin d'alaska - x8 - 400g","p":2.78,"u":"6,95 €/KG","img":"https://fd2-photos.leclercdrive.fr/image.ashx?id=2176092&use=l&cat=p&typeid=i","cat":319788},{"id":3810,"n":"Epinards Notre Jardin Branches A la crème fraîche 1kg","p":2.98,"u":"2,98 €/KG","img":"https://fd2-photos.leclercdrive.fr/image.ashx?id=2873081&use=l&cat=p&typeid=i","cat":319805},{"id":3823,"n":"Wings poulet Maître coq nature 400g","p":3.56,"u":"8,90 €/KG","img":"https://fd2-photos.leclercdrive.fr/image.ashx?id=2101438&use=l&cat=p&typeid=i","cat":333685},{"id":3824,"n":"Sandwich triangle Daunat Jambon emmental - 160g","p":1.35,"u":"8,44 €/KG","img":"https://fd2-photos.leclercdrive.fr/image.ashx?id=2892694&use=l&cat=p&typeid=i","cat":333658},{"id":3844,"n":"Sirop érable Maple Joe Du Canada - 250g","p":3.7,"u":"14,80 €/KG","img":"https://fd2-photos.leclercdrive.fr/image.ashx?id=2656559&use=l&cat=p&typeid=i","cat":287643},{"id":3862,"n":"Cacahuètes grillées Tokapi Salées - 500g","p":1.44,"u":"2,88 €/KG","img":"https://fd2-photos.leclercdrive.fr/image.ashx?id=2795532&use=l&cat=p&typeid=i","cat":284448},{"id":3864,"n":"Jus multifruits Jafaden 12 fruits - 1L","p":1.33,"u":"1,33 €/L","img":"https://fd2-photos.leclercdrive.fr/image.ashx?id=2461387&use=l&cat=p&typeid=i","cat":284917},{"id":3871,"n":"Pain grillé Pelletier Blé complet - 500g","p":1.91,"u":"3,82 €/KG","img":"https://fd2-photos.leclercdrive.fr/image.ashx?id=2345376&use=l&cat=p&typeid=i","cat":284479},{"id":3874,"n":"Filet Poulet Jaune LR X2  IGP Volailles du Maine  - 240g","p":6.57,"u":"27,38 €/KG","img":"https://fd2-photos.leclercdrive.fr/image.ashx?id=2250561&use=l&cat=p&typeid=i","cat":284336},{"id":3904,"n":"Viande bovine Charal3x steak*** À griller - 300g","p":7.32,"u":"24,40 €/KG","img":"https://fd2-photos.leclercdrive.fr/image.ashx?id=2485907&use=l&cat=p&typeid=i","cat":284328},{"id":3914,"n":"Steak haché Charal 5%mg - 260g","p":4.61,"u":"17,73 €/KG","img":"https://fd2-photos.leclercdrive.fr/image.ashx?id=1889165&use=l&cat=p&typeid=i","cat":284332},{"id":3915,"n":"Steak haché 15%mg Charal Viande bovine - 260g","p":5.84,"u":"22,46 €/KG","img":"https://fd2-photos.leclercdrive.fr/image.ashx?id=1889174&use=l&cat=p&typeid=i","cat":284332},{"id":3917,"n":"Viande Bovine Française Charal: Pavé aux 3 poivres x2 - 260g","p":7.18,"u":"27,62 €/KG","img":"https://fd2-photos.leclercdrive.fr/image.ashx?id=2311195&use=l&cat=p&typeid=i","cat":284328},{"id":3921,"n":"Carpaccio au Parmesan Charal - 230g","p":6.52,"u":"28,35 €/KG","img":"https://fd2-photos.leclercdrive.fr/image.ashx?id=2482174&use=l&cat=p&typeid=i","cat":284328},{"id":3922,"n":"Carpaccio au Basilic Charal - 230g","p":6.52,"u":"28,35 €/KG","img":"https://fd2-photos.leclercdrive.fr/image.ashx?id=1933746&use=l&cat=p&typeid=i","cat":284328},{"id":3944,"n":"Jus multifruits Jafaden Briquettes - 6x20cl","p":1.79,"u":"1,49 €/L","img":"https://fd2-photos.leclercdrive.fr/image.ashx?id=2751880&use=l&cat=p&typeid=i","cat":284524},{"id":3946,"n":"Pâtes Barilla Spaghettoni n°7 - 500g","p":0.97,"u":"1,94 €/KG","img":"https://fd2-photos.leclercdrive.fr/image.ashx?id=2392221&use=l&cat=p&typeid=i","cat":284427},{"id":3951,"n":"Sucre vanillé Tablier blanc x10 75g","p":0.79,"u":"10,53 €/KG","img":"https://fd2-photos.leclercdrive.fr/image.ashx?id=2487431&use=l&cat=p&typeid=i","cat":294686},{"id":3952,"n":"Sucre Confisuc Saint Louis Spécial confiture - 1kg","p":2.38,"u":"2,38 €/KG","img":"https://fd2-photos.leclercdrive.fr/image.ashx?id=2019969&use=l&cat=p&typeid=i","cat":284502},{"id":3956,"n":"Confit canard 2 cuisses NRT 425g","p":9.59,"u":"22,56 €/KG","img":"https://fd2-photos.leclercdrive.fr/image.ashx?id=2430145&use=l&cat=p&typeid=i","cat":284440},{"id":3960,"n":"Haricots Mungo  Notre Jardin 3x90g","p":1.99,"u":"7,37 €/KG","img":"https://fd2-photos.leclercdrive.fr/image.ashx?id=2174678&use=l&cat=p&typeid=i","cat":312611},{"id":3980,"n":"Sauce bolognaise Turini 680g","p":2.44,"u":"3,59 €/KG","img":"https://fd2-photos.leclercdrive.fr/image.ashx?id=2634863&use=l&cat=p&typeid=i","cat":287599},{"id":3981,"n":"Petits pois carottes Extra fins Notre Jardin - 3x130g","p":1.69,"u":"4,33 €/KG","img":"https://fd2-photos.leclercdrive.fr/image.ashx?id=2987967&use=l&cat=p&typeid=i","cat":312607},{"id":3983,"n":"Flageolets verts Notre Jardin Extra fins - 3x130g","p":1.99,"u":"5,10 €/KG","img":"https://fd2-photos.leclercdrive.fr/image.ashx?id=2537352&use=l&cat=p&typeid=i","cat":312606},{"id":3989,"n":"Soda Jean's Cola  2L","p":1.5,"u":"0,75 €/L","img":"https://fd2-photos.leclercdrive.fr/image.ashx?id=2699423&use=l&cat=p&typeid=i","cat":284530},{"id":3991,"n":"Tarte aux 3 fromages Côté Table - 400g","p":2.82,"u":"7,05 €/KG","img":"https://fd2-photos.leclercdrive.fr/image.ashx?id=2791707&use=l&cat=p&typeid=i","cat":284257},{"id":3997,"n":"Hachis parmentier Côté table 1kg","p":4.83,"u":"4,83 €/KG","img":"https://fd2-photos.leclercdrive.fr/image.ashx?id=2045172&use=l&cat=p&typeid=i","cat":284254},{"id":4003,"n":"Coquilles Saint-Jacques NRT baie de St-Brieuc x2 - 200g","p":6.79,"u":"33,95 €/KG","img":"https://fd2-photos.leclercdrive.fr/image.ashx?id=2711091&use=l&cat=p&typeid=i","cat":319775},{"id":4008,"n":"Julienne légumes Notre jardin 600g","p":1.38,"u":"2,30 €/KG","img":"https://fd2-photos.leclercdrive.fr/image.ashx?id=2900073&use=l&cat=p&typeid=i","cat":319823},{"id":4024,"n":"Sauce crudité Rustica Nature - 50cl","p":0.88,"u":"1,76 €/L","img":"https://fd2-photos.leclercdrive.fr/image.ashx?id=1972910&use=l&cat=p&typeid=i","cat":284456},{"id":4025,"n":"Pois chiches Notre Jardin 530g","p":1.19,"u":"2,25 €/KG","img":"https://fd2-photos.leclercdrive.fr/image.ashx?id=2988006&use=l&cat=p&typeid=i","cat":312609},{"id":4026,"n":"Cuisses poulet rôti Le gaulois x2 - 350g","p":4.3,"u":"12,29 €/KG","img":"https://fd2-photos.leclercdrive.fr/image.ashx?id=2277122&use=l&cat=p&typeid=i","cat":284336},{"id":4028,"n":"Filets poulet rôti Le gaulois 230g","p":4.59,"u":"19,96 €/KG","img":"https://fd2-photos.leclercdrive.fr/image.ashx?id=2686879&use=l&cat=p&typeid=i","cat":284336},{"id":4063,"n":"Cidre bouché Les Goelleries Normand doux 2%vol. - 75cl","p":1.79,"u":"2,39 €/L","img":"https://fd2-photos.leclercdrive.fr/image.ashx?id=2842202&use=l&cat=p&typeid=i","cat":334880},{"id":4101,"n":"Pâtes coquillettes Panzani 1kg","p":1.73,"u":"1,73 €/KG","img":"https://fd2-photos.leclercdrive.fr/image.ashx?id=2873823&use=l&cat=p&typeid=i","cat":284427},{"id":4141,"n":"Infusion Tiséa réglisse menthe x25","p":0.9,"u":"22,50 €/KG","img":"https://fd2-photos.leclercdrive.fr/image.ashx?id=2553908&use=l&cat=p&typeid=i","cat":293234},{"id":4241,"n":"Tarte Tatin Autour du Dessert 600g","p":4.69,"u":"7,82 €/KG","img":"https://fd2-photos.leclercdrive.fr/image.ashx?id=2875678&use=l&cat=p&typeid=i","cat":284267},{"id":4249,"n":"Crème glacée Eskiss Chocolat noir - 494g","p":2.35,"u":"4,76 €/KG","img":"https://fd2-photos.leclercdrive.fr/image.ashx?id=2698162&use=l&cat=p&typeid=i","cat":284263},{"id":4250,"n":"Crème glacée Eskiss Café - 494g","p":2.14,"u":"4,33 €/KG","img":"https://fd2-photos.leclercdrive.fr/image.ashx?id=3002545&use=l&cat=p&typeid=i","cat":284263},{"id":4255,"n":"Crème glacée Eskiss Rhum raisin - 494g","p":2.45,"u":"4,96 €/KG","img":"https://fd2-photos.leclercdrive.fr/image.ashx?id=2982589&use=l&cat=p&typeid=i","cat":284263},{"id":4257,"n":"Flammekueche d'Alsace surgelé NRT - 2x250g","p":4.99,"u":"9,98 €/KG","img":"https://fd2-photos.leclercdrive.fr/image.ashx?id=2779301&use=l&cat=p&typeid=i","cat":284257},{"id":4259,"n":"Pâtes spaghetti Panzani 1kg","p":1.71,"u":"1,71 €/KG","img":"https://fd2-photos.leclercdrive.fr/image.ashx?id=2869555&use=l&cat=p&typeid=i","cat":284427},{"id":4260,"n":"Biscuits sablés P'tit Déli Chocolat au lait - 200g","p":1.19,"u":"5,95 €/KG","img":"https://fd2-photos.leclercdrive.fr/image.ashx?id=2768457&use=l&cat=p&typeid=i","cat":284488},{"id":4290,"n":"Marrons entiers Notre Jardin - 510g","p":5.19,"u":"10,18 €/KG","img":"https://fd2-photos.leclercdrive.fr/image.ashx?id=2263143&use=l&cat=p&typeid=i","cat":312612},{"id":4346,"n":"Crêpes Côté Table Fromage x6 - 300g","p":1.75,"u":"5,83 €/KG","img":"https://fd2-photos.leclercdrive.fr/image.ashx?id=2932399&use=l&cat=p&typeid=i","cat":319776},{"id":4357,"n":"Glace à l'eau Yéti 5 parfums x24 - 1.160kg","p":3.79,"u":"3,27 €/KG","img":"https://fd2-photos.leclercdrive.fr/image.ashx?id=2733796&use=l&cat=p&typeid=i","cat":285250},{"id":4367,"n":"Papier toilette Uni Vert Compact écologique - x4","p":3.29,"u":"0,82 €/P","img":"https://fd2-photos.leclercdrive.fr/image.ashx?id=2549948&use=l&cat=p&typeid=i","cat":284634},{"id":4369,"n":"Gel wc menthe pin Uni Vert 750ml","p":1.62,"u":"2,16 €/L","img":"https://fd2-photos.leclercdrive.fr/image.ashx?id=2965446&use=l&cat=p&typeid=i","cat":284662},{"id":4412,"n":"Boisson énergisante Red Bull 250ml","p":1.12,"u":"4,48 €/L","img":"https://fd2-photos.leclercdrive.fr/image.ashx?id=2340300&use=l&cat=p&typeid=i","cat":284533},{"id":4420,"n":"Sauce aux Morilles Charal 2 personnes - 120g","p":1.59,"u":"13,25 €/KG","img":"https://fd2-photos.leclercdrive.fr/image.ashx?id=2105023&use=l&cat=p&typeid=i","cat":284382},{"id":4458,"n":"Pâtes cheveux d'anges Panzani 500g","p":1.24,"u":"2,48 €/KG","img":"https://fd2-photos.leclercdrive.fr/image.ashx?id=2896069&use=l&cat=p&typeid=i","cat":284427},{"id":4512,"n":"Pur jus orange Jafaden Sans pulpe - 1L","p":2.43,"u":"2,43 €/L","img":"https://fd2-photos.leclercdrive.fr/image.ashx?id=2916668&use=l&cat=p&typeid=i","cat":285435},{"id":4524,"n":"Filtre café Eco+ N°4 - x100","p":0.99,"u":"0,01 €/P","img":"https://fd2-photos.leclercdrive.fr/image.ashx?id=2593806&use=l&cat=p&typeid=i","cat":284751},{"id":4566,"n":"Nuggets de poulet Maître coq 1kg","p":7.09,"u":"7,09 €/KG","img":"https://fd2-photos.leclercdrive.fr/image.ashx?id=2877826&use=l&cat=p&typeid=i","cat":333684},{"id":4567,"n":"Panés de poulet Maître Coq 1kg","p":8.45,"u":"8,45 €/KG","img":"https://fd2-photos.leclercdrive.fr/image.ashx?id=2877823&use=l&cat=p&typeid=i","cat":333684},{"id":4569,"n":"Coq'ailes Maître Coq Mexicain - 250g","p":3.24,"u":"12,96 €/KG","img":"https://fd2-photos.leclercdrive.fr/image.ashx?id=2432034&use=l&cat=p&typeid=i","cat":333685},{"id":4570,"n":"Coq'ailes Maître coq Nature - 250g","p":3.14,"u":"12,56 €/KG","img":"https://fd2-photos.leclercdrive.fr/image.ashx?id=2412591&use=l&cat=p&typeid=i","cat":333685},{"id":4599,"n":"Pommes Golden  2kg","p":3.59,"u":"1,80 €/KG","img":"https://fd2-photos.leclercdrive.fr/image.ashx?id=1630939&use=l&cat=p&typeid=i","cat":284356},{"id":4624,"n":"Dattes Couleurs Vives 500g","p":2.75,"u":"5,50 €/KG","img":"https://fd2-photos.leclercdrive.fr/image.ashx?id=2542926&use=l&cat=p&typeid=i","cat":284357},{"id":4625,"n":"Arachides coques Couleurs Vives Grillées - 500g","p":2.45,"u":"4,90 €/KG","img":"https://fd2-photos.leclercdrive.fr/image.ashx?id=2886439&use=l&cat=p&typeid=i","cat":284448},{"id":4626,"n":"Vinaigrette Rustica Nature - 50cl","p":0.88,"u":"1,76 €/L","img":"https://fd2-photos.leclercdrive.fr/image.ashx?id=1972898&use=l&cat=p&typeid=i","cat":284456},{"id":4628,"n":"Moutarde de Dijon Rustica  Fine et forte - 440g","p":1.13,"u":"2,57 €/KG","img":"https://fd2-photos.leclercdrive.fr/image.ashx?id=2954340&use=l&cat=p&typeid=i","cat":288850},{"id":4629,"n":"Moutarde à l'ancienne Rustica Vinaigre - 350g","p":1.12,"u":"3,20 €/KG","img":"https://fd2-photos.leclercdrive.fr/image.ashx?id=2954343&use=l&cat=p&typeid=i","cat":288850},{"id":4630,"n":"Pâté piment d'Espelette NRT Label Rouge - 180g","p":2.39,"u":"13,28 €/KG","img":"https://fd2-photos.leclercdrive.fr/image.ashx?id=2991485&use=l&cat=p&typeid=i","cat":305149},{"id":4640,"n":"Petits pois carottes Notre Jard Extra fins - 420g","p":1.35,"u":"3,21 €/KG","img":"https://fd2-photos.leclercdrive.fr/image.ashx?id=2987943&use=l&cat=p&typeid=i","cat":312607},{"id":4641,"n":"Croquettes chaton Purina One Junior - Poulet/Céréales - 450g","p":2.57,"u":"5,71 €/KG","img":"https://fd2-photos.leclercdrive.fr/image.ashx?id=2499883&use=l&cat=p&typeid=i","cat":284680},{"id":4679,"n":"Gel WC nettoyant Syphon Javel eucalyptus - 750ml","p":0.87,"u":"1,16 €/L","img":"https://fd2-photos.leclercdrive.fr/image.ashx?id=2663359&use=l&cat=p&typeid=i","cat":284662},{"id":4682,"n":"Petits pois Notre Jardin A l'étuvée - Extra fins - 445g","p":1.28,"u":"2,88 €/KG","img":"https://fd2-photos.leclercdrive.fr/image.ashx?id=2987940&use=l&cat=p&typeid=i","cat":312607},{"id":4688,"n":"Pâtes Blé complet Barilla Penne Rigate Integrale - 500g","p":1.14,"u":"2,28 €/KG","img":"https://fd2-photos.leclercdrive.fr/image.ashx?id=2986954&use=l&cat=p&typeid=i","cat":284427},{"id":4770,"n":"Betterave épluchée Allaire Entière 2x500g","p":1.81,"u":"1,81 €/KG","img":"https://fd2-photos.leclercdrive.fr/image.ashx?id=2425724&use=l&cat=p&typeid=i","cat":284352},{"id":4876,"n":"Petits pots bébé NATURNES Carottes 4M+ - 2x130g","p":1.04,"u":"4,00 €/KG","img":"https://fd2-photos.leclercdrive.fr/image.ashx?id=2522398&use=l&cat=p&typeid=i","cat":312234},{"id":4878,"n":"Petits pots bébé NATURNES Petits Pois 4M+ - 2x130g","p":1.04,"u":"4,00 €/KG","img":"https://fd2-photos.leclercdrive.fr/image.ashx?id=2536182&use=l&cat=p&typeid=i","cat":312234},{"id":4879,"n":"Petits pots bébé NATURNES Courgettes 4M+ - 2x130g","p":0.99,"u":"3,81 €/KG","img":"https://fd2-photos.leclercdrive.fr/image.ashx?id=2532249&use=l&cat=p&typeid=i","cat":312234},{"id":4903,"n":"Purée de fruit NATURNES Pommes Pruneaux 4M+ - 4x130g","p":2.22,"u":"4,27 €/KG","img":"https://fd2-photos.leclercdrive.fr/image.ashx?id=2571770&use=l&cat=p&typeid=i","cat":312387},{"id":4905,"n":"Purée de fruit NATURNES Pomme banane 4M+ - 4x130g","p":2.17,"u":"4,17 €/KG","img":"https://fd2-photos.leclercdrive.fr/image.ashx?id=2599937&use=l&cat=p&typeid=i","cat":312387},{"id":4906,"n":"Purée de fruit NATURNES Pommes Poires 4M+ - 4x130g","p":2.25,"u":"4,33 €/KG","img":"https://fd2-photos.leclercdrive.fr/image.ashx?id=2672551&use=l&cat=p&typeid=i","cat":312387},{"id":4909,"n":"Purée de fruit NATURNES Fruits du soleil 8M+ - 4x130g","p":2.18,"u":"4,19 €/KG","img":"https://fd2-photos.leclercdrive.fr/image.ashx?id=2629647&use=l&cat=p&typeid=i","cat":312388},{"id":4910,"n":"Purée de fruit NATURNES 6M+ Pomme Fraise Myrtilles - 4x130g","p":2.25,"u":"4,33 €/KG","img":"https://fd2-photos.leclercdrive.fr/image.ashx?id=2478399&use=l&cat=p&typeid=i","cat":312388},{"id":4996,"n":"Cordon bleu Le Gaulois Dinde - 200g","p":1.98,"u":"9,90 €/KG","img":"https://fd2-photos.leclercdrive.fr/image.ashx?id=2860220&use=l&cat=p&typeid=i","cat":333683},{"id":4997,"n":"Gésiers de volaille Le Gaulois 300g","p":3.4,"u":"11,33 €/KG","img":"https://fd2-photos.leclercdrive.fr/image.ashx?id=2732722&use=l&cat=p&typeid=i","cat":284715},{"id":5000,"n":"Frites de poulet Le Gaulois Panées France - 200g","p":2.42,"u":"12,10 €/KG","img":"https://fd2-photos.leclercdrive.fr/image.ashx?id=2261657&use=l&cat=p&typeid=i","cat":333684},{"id":5005,"n":"Rôti filet de dinde le Gaulois 600g","p":8.61,"u":"14,35 €/KG","img":"https://fd2-photos.leclercdrive.fr/image.ashx?id=2263889&use=l&cat=p&typeid=i","cat":284337},{"id":5010,"n":"Jambon fumé grill Petitgas A poêler 5 tranches 500g","p":6.92,"u":"13,84 €/KG","img":"https://fd2-photos.leclercdrive.fr/image.ashx?id=1730013&use=l&cat=p&typeid=i","cat":316009},{"id":5011,"n":"Museau de porc Petitgas 4 tranches Avec langues - 160g","p":2.33,"u":"14,56 €/KG","img":"https://fd2-photos.leclercdrive.fr/image.ashx?id=2732959&use=l&cat=p&typeid=i","cat":316007},{"id":5015,"n":"Yaourts Les Zaros Délisse Fruits panachés - 16x125g","p":2.48,"u":"1,24 €/KG","img":"https://fd2-photos.leclercdrive.fr/image.ashx?id=2970444&use=l&cat=p&typeid=i","cat":284414},{"id":5016,"n":"Yaourts nature Déli'light 0% MG - 12x125g","p":1.91,"u":"1,27 €/KG","img":"https://fd2-photos.leclercdrive.fr/image.ashx?id=2922482&use=l&cat=p&typeid=i","cat":315000},{"id":5018,"n":"Yaourts Délisse Nature - 4x125g","p":0.65,"u":"1,30 €/KG","img":"https://fd2-photos.leclercdrive.fr/image.ashx?id=3003052&use=l&cat=p&typeid=i","cat":284409},{"id":5021,"n":"Crottin de chèvre Les Croisés 23%mg - 2x60g","p":1.78,"u":"14,83 €/KG","img":"https://fd2-photos.leclercdrive.fr/image.ashx?id=2891878&use=l&cat=p&typeid=i","cat":314031},{"id":5023,"n":"Salade composée Notre Jardin Mélée gourmande - 200g","p":0.99,"u":"4,95 €/KG","img":"https://fd2-photos.leclercdrive.fr/image.ashx?id=832120&use=l&cat=p&typeid=i","cat":284353},{"id":5024,"n":"Viande des grisons Saint Azay 10 tranches - 80g","p":4.09,"u":"51,13 €/KG","img":"https://fd2-photos.leclercdrive.fr/image.ashx?id=2848490&use=l&cat=p&typeid=i","cat":316007},{"id":5025,"n":"Salade Notre Jardin Jeunes pousses - 125g","p":1.49,"u":"11,92 €/KG","img":"https://fd2-photos.leclercdrive.fr/image.ashx?id=2671807&use=l&cat=p&typeid=i","cat":284353},{"id":5026,"n":"Ravioli Turini Boeuf aux oignons - 300g","p":1.53,"u":"5,10 €/KG","img":"https://fd2-photos.leclercdrive.fr/image.ashx?id=2778036&use=l&cat=p&typeid=i","cat":333682},{"id":5028,"n":"Piémontaise Menu Fraîcheur Au jambon - 500g","p":2.2,"u":"4,40 €/KG","img":"https://fd2-photos.leclercdrive.fr/image.ashx?id=2901428&use=l&cat=p&typeid=i","cat":333657},{"id":5029,"n":"Museau de porc Menu Fraîcheur A la lyonnaise - 300g","p":1.99,"u":"6,63 €/KG","img":"https://fd2-photos.leclercdrive.fr/image.ashx?id=2816558&use=l&cat=p&typeid=i","cat":333657},{"id":5031,"n":"Petits chèvres doux Les Croisés 200g","p":2.02,"u":"10,10 €/KG","img":"https://fd2-photos.leclercdrive.fr/image.ashx?id=2927179&use=l&cat=p&typeid=i","cat":314031},{"id":5032,"n":"Pizza Turini Chorizo - 450g","p":2.69,"u":"5,98 €/KG","img":"https://fd2-photos.leclercdrive.fr/image.ashx?id=2987637&use=l&cat=p&typeid=i","cat":333679},{"id":5033,"n":"Galette au blé noir Côté Table Jambon  emmental 195g","p":1.49,"u":"7,64 €/KG","img":"https://fd2-photos.leclercdrive.fr/image.ashx?id=2837729&use=l&cat=p&typeid=i","cat":333672},{"id":5037,"n":"Gésiers de volaille Volandrie 300g","p":2.49,"u":"8,30 €/KG","img":"https://fd2-photos.leclercdrive.fr/image.ashx?id=2814860&use=l&cat=p&typeid=i","cat":284715},{"id":5041,"n":"Fromage blanc Déli'light Nature 0% MG - 1kg","p":1.79,"u":"1,79 €/KG","img":"https://fd2-photos.leclercdrive.fr/image.ashx?id=2905213&use=l&cat=p&typeid=i","cat":315000},{"id":5042,"n":"Fromage raclette Les Croisés 3 variétés - 26%mg - 700g","p":9.29,"u":"13,27 €/KG","img":"https://fd2-photos.leclercdrive.fr/image.ashx?id=2791755&use=l&cat=p&typeid=i","cat":314037},{"id":5044,"n":"Fromage à tartiner Les Croisés  Ail et fines herbes 25%mg 150g","p":1.29,"u":"8,60 €/KG","img":"https://fd2-photos.leclercdrive.fr/image.ashx?id=2476122&use=l&cat=p&typeid=i","cat":314029},{"id":5047,"n":"Gratte éponge Spontex Sans rinçage x3","p":1.34,"u":"0,45 €/P","img":"https://fd2-photos.leclercdrive.fr/image.ashx?id=2975783&use=l&cat=p&typeid=i","cat":284667},{"id":5050,"n":"Sucre de canne Canadou 70cl","p":2.57,"u":"3,67 €/L","img":"https://fd2-photos.leclercdrive.fr/image.ashx?id=2534587&use=l&cat=p&typeid=i","cat":284551},{"id":5054,"n":"Olives Vertes Dénoyautées  100g","p":0.89,"u":"8,90 €/KG","img":"https://fd2-photos.leclercdrive.fr/image.ashx?id=2923432&use=l&cat=p&typeid=i","cat":284450},{"id":5070,"n":"Whisky Jack Daniel's Old N°7 70cL","p":20.49,"u":"29,27 €/L","img":"https://fd2-photos.leclercdrive.fr/image.ashx?id=2789763&use=l&cat=p&typeid=i","cat":284547},{"id":5073,"n":"Muscat Olympio Samos 75cl","p":4.31,"u":"5,75 €/L","img":"https://fd2-photos.leclercdrive.fr/image.ashx?id=2504077&use=l&cat=p&typeid=i","cat":284913},{"id":5078,"n":"Sucres morceaux Béghin Say n°4 1kg","p":1.87,"u":"1,87 €/KG","img":"https://fd2-photos.leclercdrive.fr/image.ashx?id=2860172&use=l&cat=p&typeid=i","cat":284502},{"id":5080,"n":"Sucre poudre Béghin Say Etui 1kg","p":1.79,"u":"1,79 €/KG","img":"https://fd2-photos.leclercdrive.fr/image.ashx?id=2866346&use=l&cat=p&typeid=i","cat":284502},{"id":5081,"n":"Sucre poudre Béghin Say 1kg","p":1.75,"u":"1,75 €/KG","img":"https://fd2-photos.leclercdrive.fr/image.ashx?id=2866349&use=l&cat=p&typeid=i","cat":284502},{"id":5082,"n":"Sucre blanc Beghin Say Spécial confiture - 1kg","p":3.03,"u":"3,03 €/KG","img":"https://fd2-photos.leclercdrive.fr/image.ashx?id=2666761&use=l&cat=p&typeid=i","cat":284502},{"id":5090,"n":"Pepites de chocolat noir Vahiné - 100g","p":1.78,"u":"17,80 €/KG","img":"https://fd2-photos.leclercdrive.fr/image.ashx?id=2529282&use=l&cat=p&typeid=i","cat":284504},{"id":5098,"n":"Colle Super Glue 3 Loctite Power gel - 3g","p":2.9,"u":"966,67 €/KG","img":"https://fd2-photos.leclercdrive.fr/image.ashx?id=2020278&use=l&cat=p&typeid=i","cat":300576},{"id":5103,"n":"Biscuits Maître Prunille Japonais - 250g","p":3.9,"u":"15,60 €/KG","img":"https://fd2-photos.leclercdrive.fr/image.ashx?id=2234021&use=l&cat=p&typeid=i","cat":316002},{"id":5110,"n":"Pâtes Coquillettes Turini  1kg","p":1.35,"u":"1,35 €/KG","img":"https://fd2-photos.leclercdrive.fr/image.ashx?id=2980441&use=l&cat=p&typeid=i","cat":284427},{"id":5112,"n":"Chocolat blanc Tablette d'Or Blanc - 2x100g","p":2.23,"u":"11,15 €/KG","img":"https://fd2-photos.leclercdrive.fr/image.ashx?id=2790880&use=l&cat=p&typeid=i","cat":284957},{"id":5117,"n":"Café soluble Plantation Qualité filtre - 200g","p":4.4,"u":"22,00 €/KG","img":"https://fd2-photos.leclercdrive.fr/image.ashx?id=2834269&use=l&cat=p&typeid=i","cat":284843},{"id":5121,"n":"Café moulu Plantation Ethiopie - 250g","p":3.89,"u":"15,56 €/KG","img":"https://fd2-photos.leclercdrive.fr/image.ashx?id=2607434&use=l&cat=p&typeid=i","cat":284750},{"id":5125,"n":"Farine de blé bio T65 Bio Village - 1kg","p":0.99,"u":"0,99 €/KG","img":"https://fd2-photos.leclercdrive.fr/image.ashx?id=2448418&use=l&cat=p&typeid=i","cat":284503},{"id":5126,"n":"Riz long Comptoir du Grain Cuisson rapide 10min - 1kg","p":1.69,"u":"1,69 €/KG","img":"https://fd2-photos.leclercdrive.fr/image.ashx?id=2764137&use=l&cat=p&typeid=i","cat":284428},{"id":5132,"n":"Croûtons Epi d'Or Nature - 2x90g","p":0.99,"u":"5,50 €/KG","img":"https://fd2-photos.leclercdrive.fr/image.ashx?id=2606037&use=l&cat=p&typeid=i","cat":284464},{"id":5135,"n":"Pain 400g","p":0.65,"u":"1,63 €/KG","img":"https://fd2-photos.leclercdrive.fr/image.ashx?id=565084&use=l&cat=p&typeid=i","cat":284359},{"id":5139,"n":"Pommes Gala  2kg","p":2.99,"u":"1,50 €/KG","img":"https://fd2-photos.leclercdrive.fr/image.ashx?id=1630927&use=l&cat=p&typeid=i","cat":284356},{"id":5158,"n":"Déodorant Bille Femme Nivea Dry Confort 72H - 50ml","p":2.19,"u":"43,80 €/L","img":"https://fd2-photos.leclercdrive.fr/image.ashx?id=2871058&use=l&cat=p&typeid=i","cat":284595},{"id":5160,"n":"Pur jus de fruits Tropicana Réveil fruité - 1,5L","p":3.5,"u":"2,33 €/L","img":"https://fd2-photos.leclercdrive.fr/image.ashx?id=2606400&use=l&cat=p&typeid=i","cat":284521},{"id":5166,"n":"Sucettes Chupa Chups The Best x16 192g","p":1.76,"u":"9,17 €/KG","img":"https://fd2-photos.leclercdrive.fr/image.ashx?id=2647654&use=l&cat=p&typeid=i","cat":304250},{"id":5176,"n":"Pâtes Alphabet Panzani 500g","p":1.19,"u":"2,38 €/KG","img":"https://fd2-photos.leclercdrive.fr/image.ashx?id=2896063&use=l&cat=p&typeid=i","cat":284427},{"id":5211,"n":"Navet 500g","p":2.49,"u":"4,98 €/KG","img":"https://fd2-photos.leclercdrive.fr/image.ashx?id=1632545&use=l&cat=p&typeid=i","cat":284352},{"id":5227,"n":"Pâtes Lustucru coquillettes Oeufs frais - 250g","p":0.91,"u":"3,64 €/KG","img":"https://fd2-photos.leclercdrive.fr/image.ashx?id=2519474&use=l&cat=p&typeid=i","cat":284427},{"id":5228,"n":"Pâtes Lustucru spaghetti courts Oeufs frais - 250g","p":0.94,"u":"3,76 €/KG","img":"https://fd2-photos.leclercdrive.fr/image.ashx?id=2519477&use=l&cat=p&typeid=i","cat":284427},{"id":5248,"n":"Yaourts aux fruits Délisse Panaché de fruits - 12x125g","p":3.39,"u":"2,26 €/KG","img":"https://fd2-photos.leclercdrive.fr/image.ashx?id=2658575&use=l&cat=p&typeid=i","cat":284410},{"id":5250,"n":"Crème glacée Eskiss Pistache avec éclats - 494g","p":2.51,"u":"5,08 €/KG","img":"https://fd2-photos.leclercdrive.fr/image.ashx?id=2982586&use=l&cat=p&typeid=i","cat":284263},{"id":5253,"n":"Pansements Primoplast Spécial Articulations x30","p":1.59,"img":"https://fd2-photos.leclercdrive.fr/image.ashx?id=2832912&use=l&cat=p&typeid=i","cat":284630},{"id":5255,"n":"Croc Côté Croc Poulet Fromage x2 - 200g","p":1.54,"u":"7,70 €/KG","img":"https://fd2-photos.leclercdrive.fr/image.ashx?id=2795538&use=l&cat=p&typeid=i","cat":333683},{"id":5261,"n":"Fromage blanc Délisse Nature 7.8% MG - 8x100g","p":2.89,"u":"3,61 €/KG","img":"https://fd2-photos.leclercdrive.fr/image.ashx?id=3012812&use=l&cat=p&typeid=i","cat":284409},{"id":5264,"n":"Crème glacée Eskiss Fraise avec morceaux - 494g","p":2.84,"u":"5,75 €/KG","img":"https://fd2-photos.leclercdrive.fr/image.ashx?id=2982598&use=l&cat=p&typeid=i","cat":284263},{"id":5265,"n":"Piémontaise Menu Fraîcheur  Au jambon - 300g","p":1.59,"u":"5,30 €/KG","img":"https://fd2-photos.leclercdrive.fr/image.ashx?id=2901425&use=l&cat=p&typeid=i","cat":333657},{"id":5271,"n":"Betteraves Menu Fraîcheur  Rouge en dés - 300g","p":1.19,"u":"3,97 €/KG","img":"https://fd2-photos.leclercdrive.fr/image.ashx?id=2552418&use=l&cat=p&typeid=i","cat":333657},{"id":5274,"n":"Quiche lorraine Coté Table 2x130g","p":2.69,"u":"10,35 €/KG","img":"https://fd2-photos.leclercdrive.fr/image.ashx?id=2869790&use=l&cat=p&typeid=i","cat":333680},{"id":5277,"n":"Yaourts Pâtissiers Délisse Spécialités gourmandes-12x125g","p":3.17,"u":"2,11 €/KG","img":"https://fd2-photos.leclercdrive.fr/image.ashx?id=2501667&use=l&cat=p&typeid=i","cat":314999},{"id":5281,"n":"Yaourts Petits Délis Chocolat - 6x100g","p":1.91,"u":"3,18 €/KG","img":"https://fd2-photos.leclercdrive.fr/image.ashx?id=2865188&use=l&cat=p&typeid=i","cat":284414},{"id":5288,"n":"Crème dessert Petits Délis Chocolat et lait - 6x70g","p":1.3,"u":"3,10 €/KG","img":"https://fd2-photos.leclercdrive.fr/image.ashx?id=2572061&use=l&cat=p&typeid=i","cat":285041},{"id":5289,"n":"Torti au surimi Menu Fraîcheur 300g","p":1.7,"u":"5,67 €/KG","img":"https://fd2-photos.leclercdrive.fr/image.ashx?id=2965443&use=l&cat=p&typeid=i","cat":333657},{"id":5291,"n":"Cordon bleu Côté Croc Dinde - 400g","p":3.67,"u":"9,18 €/KG","img":"https://fd2-photos.leclercdrive.fr/image.ashx?id=2915116&use=l&cat=p&typeid=i","cat":333683},{"id":5293,"n":"Biscuits apéritifs Tokapi 3 saveurs - 100g","p":0.87,"u":"8,70 €/KG","img":"https://fd2-photos.leclercdrive.fr/image.ashx?id=2885768&use=l&cat=p&typeid=i","cat":284449},{"id":5308,"n":"Biscuits Mini Rollos Pépito Chocolat au lait - 225g","p":1.84,"u":"8,18 €/KG","img":"https://fd2-photos.leclercdrive.fr/image.ashx?id=3014407&use=l&cat=p&typeid=i","cat":284488},{"id":5311,"n":"Petits pois carottes d'Aucy A l'étuvée - Extra fins - 530g","p":1.66,"u":"3,13 €/KG","img":"https://fd2-photos.leclercdrive.fr/image.ashx?id=2426364&use=l&cat=p&typeid=i","cat":312607},{"id":5318,"n":"Biscuits galettes St Michel 130g","p":0.87,"u":"6,69 €/KG","img":"https://fd2-photos.leclercdrive.fr/image.ashx?id=2986149&use=l&cat=p&typeid=i","cat":284487},{"id":5321,"n":"Chocolat poudre Benco 400g","p":2.26,"u":"5,65 €/KG","img":"https://fd2-photos.leclercdrive.fr/image.ashx?id=2871805&use=l&cat=p&typeid=i","cat":293235},{"id":5325,"n":"Confiture Bonne Maman Fraise - 370g","p":1.7,"u":"4,59 €/KG","img":"https://fd2-photos.leclercdrive.fr/image.ashx?id=2474984&use=l&cat=p&typeid=i","cat":284480},{"id":5329,"n":"Saucisses aux lentilles William Saurin - 420g","p":2.14,"u":"5,10 €/KG","img":"https://fd2-photos.leclercdrive.fr/image.ashx?id=2890067&use=l&cat=p&typeid=i","cat":284441},{"id":5339,"n":"Fruits au sirop St Mamet Cocktail - 500g","p":3.81,"u":"7,62 €/KG","img":"https://fd2-photos.leclercdrive.fr/image.ashx?id=2412435&use=l&cat=p&typeid=i","cat":284507},{"id":5342,"n":"Soda Canada Dry Ginger Ale 1,5L","p":1.94,"u":"1,29 €/L","img":"https://fd2-photos.leclercdrive.fr/image.ashx?id=2654674&use=l&cat=p&typeid=i","cat":284531},{"id":5362,"n":"Vin mousseux Charles Volner Brut - 12%vol. - 75cl","p":4.18,"u":"5,57 €/L","img":"https://fd2-photos.leclercdrive.fr/image.ashx?id=1592052&use=l&cat=p&typeid=i","cat":284544},{"id":5364,"n":"Fromage blanc Délisse Nature 7% MG - 1kg","p":2.39,"u":"2,39 €/KG","img":"https://fd2-photos.leclercdrive.fr/image.ashx?id=2834999&use=l&cat=p&typeid=i","cat":284409},{"id":5369,"n":"Légumes couscous Notre Jardin 800g","p":1.49,"u":"1,86 €/KG","img":"https://fd2-photos.leclercdrive.fr/image.ashx?id=2854213&use=l&cat=p&typeid=i","cat":312612},{"id":5385,"n":"Lait coco Tables du Monde 200ml","p":0.86,"u":"4,30 €/L","img":"https://fd2-photos.leclercdrive.fr/image.ashx?id=2920172&use=l&cat=p&typeid=i","cat":288992},{"id":5386,"n":"Biscuit Petit beurre P'tit Déli Tablette chocolat lait - 150g","p":1.29,"u":"8,60 €/KG","img":"https://fd2-photos.leclercdrive.fr/image.ashx?id=2949176&use=l&cat=p&typeid=i","cat":284488},{"id":5391,"n":"Yaourts à boire Délisse 3 parfums - 6x180g","p":2.39,"u":"2,21 €/KG","img":"https://fd2-photos.leclercdrive.fr/image.ashx?id=2757924&use=l&cat=p&typeid=i","cat":284415},{"id":5396,"n":"Bain de bouche Dentamyl Multi Protection - 500ml","p":1.89,"u":"3,78 €/L","img":"https://fd2-photos.leclercdrive.fr/image.ashx?id=2500806&use=l&cat=p&typeid=i","cat":284613},{"id":5399,"n":"Pur jus d'orange Bio Village Bio sans pulpe - 1L","p":2.45,"u":"2,45 €/L","img":"https://fd2-photos.leclercdrive.fr/image.ashx?id=2901521&use=l&cat=p&typeid=i","cat":284521},{"id":5400,"n":"Nouilles bouclées d'Alsace NRT 250g","p":1.39,"u":"5,56 €/KG","img":"https://fd2-photos.leclercdrive.fr/image.ashx?id=2326316&use=l&cat=p&typeid=i","cat":284427},{"id":5404,"n":"IGP Coquilles d'Alsace NRT 250g","p":1.39,"u":"5,56 €/KG","img":"https://fd2-photos.leclercdrive.fr/image.ashx?id=2839974&use=l&cat=p&typeid=i","cat":284427},{"id":5405,"n":"Saucisse sèche d'Auvergne  NRT - 300g","p":5.74,"u":"19,13 €/KG","img":"https://fd2-photos.leclercdrive.fr/image.ashx?id=2991473&use=l&cat=p&typeid=i","cat":316006},{"id":5406,"n":"Saucisson sec d'Auvergne IGP Nos Régions ont du Talent 300g","p":5.54,"u":"18,47 €/KG","img":"https://fd2-photos.leclercdrive.fr/image.ashx?id=2991476&use=l&cat=p&typeid=i","cat":316006},{"id":5407,"n":"Coquillettes d'Alsace NRT 250g","p":1.39,"u":"5,56 €/KG","img":"https://fd2-photos.leclercdrive.fr/image.ashx?id=2839977&use=l&cat=p&typeid=i","cat":284427},{"id":5449,"n":"Boîte chat Whiskas Terrine du marché - 4x400g","p":4.48,"u":"2,80 €/KG","img":"https://fd2-photos.leclercdrive.fr/image.ashx?id=2759619&use=l&cat=p&typeid=i","cat":285601},{"id":5465,"n":"Eau de source de Montagne 6x50cl","p":1.67,"u":"0,56 €/L","img":"https://fd2-photos.leclercdrive.fr/image.ashx?id=2727614&use=l&cat=p&typeid=i","cat":284535},{"id":5468,"n":"Papier toilette Parfumé Mimosa Soleil d'été - x6","p":2.99,"u":"0,50 €/P","img":"https://fd2-photos.leclercdrive.fr/image.ashx?id=2837244&use=l&cat=p&typeid=i","cat":284634},{"id":5472,"n":"Biscuits barquettes P'tit Déli Fraise - 2x120g","p":1.66,"u":"6,92 €/KG","img":"https://fd2-photos.leclercdrive.fr/image.ashx?id=2691168&use=l&cat=p&typeid=i","cat":284489},{"id":5497,"n":"Gelée Bonne Maman Cassis - 370g","p":1.86,"u":"5,03 €/KG","img":"https://fd2-photos.leclercdrive.fr/image.ashx?id=2901662&use=l&cat=p&typeid=i","cat":284480},{"id":5498,"n":"Comté des terroirs Entremont 200g","p":3.45,"u":"17,25 €/KG","img":"https://fd2-photos.leclercdrive.fr/image.ashx?id=2474245&use=l&cat=p&typeid=i","cat":314034},{"id":5501,"n":"Sel La Baleine  Fin iodé 125g","p":0.35,"u":"2,80 €/KG","img":"https://fd2-photos.leclercdrive.fr/image.ashx?id=2019879&use=l&cat=p&typeid=i","cat":284457},{"id":5502,"n":"Mogettes Recettes d'Autrefois A l'ancienne - 420g","p":2.01,"u":"4,79 €/KG","img":"https://fd2-photos.leclercdrive.fr/image.ashx?id=1650473&use=l&cat=p&typeid=i","cat":312606},{"id":5509,"n":"Pâtes Torsades Turini 1kg","p":1.29,"u":"1,29 €/KG","img":"https://fd2-photos.leclercdrive.fr/image.ashx?id=2980767&use=l&cat=p&typeid=i","cat":284427},{"id":5511,"n":"Sparadrap Primoplast Peaux délicates 5mx2.5cm","p":1.48,"img":"https://fd2-photos.leclercdrive.fr/image.ashx?id=2856426&use=l&cat=p&typeid=i","cat":284630},{"id":5515,"n":"Vin mousseux d'Union Européenne  brut  -75cl","p":2.99,"u":"3,99 €/L","img":"https://fd2-photos.leclercdrive.fr/image.ashx?id=2807279&use=l&cat=p&typeid=i","cat":284544},{"id":5517,"n":"Canapés toasts Epi d'Or Nature - 280g","p":1.12,"u":"4,00 €/KG","img":"https://fd2-photos.leclercdrive.fr/image.ashx?id=1859140&use=l&cat=p&typeid=i","cat":285454},{"id":5526,"n":"Fromage Bleu d'Auvergne NRT  AOP - 125g","p":1.39,"u":"11,12 €/KG","img":"https://fd2-photos.leclercdrive.fr/image.ashx?id=2771040&use=l&cat=p&typeid=i","cat":314032},{"id":5529,"n":"Croquettes petits chiens Ultima  Poulet - Yorkshire - 800g","p":2.97,"u":"3,71 €/KG","img":"https://fd2-photos.leclercdrive.fr/image.ashx?id=2922224&use=l&cat=p&typeid=i","cat":294526},{"id":5536,"n":"Biscuits Pockitos Pépito Chocolat au lait - 295g","p":3.34,"u":"11,32 €/KG","img":"https://fd2-photos.leclercdrive.fr/image.ashx?id=3001955&use=l&cat=p&typeid=i","cat":284488},{"id":5561,"n":"Tampons Doulys Digitaux Super - x24","p":1.26,"u":"0,05 €/P","img":"https://fd2-photos.leclercdrive.fr/image.ashx?id=2965413&use=l&cat=p&typeid=i","cat":284626},{"id":5563,"n":"Biscuits P'tit Déli Délimousse 175g","p":1.51,"u":"8,63 €/KG","img":"https://fd2-photos.leclercdrive.fr/image.ashx?id=2540936&use=l&cat=p&typeid=i","cat":284495},{"id":5574,"n":"Quenelles Côté Table saumon Sauce crevette 400g","p":1.8,"u":"4,50 €/KG","img":"https://fd2-photos.leclercdrive.fr/image.ashx?id=2977138&use=l&cat=p&typeid=i","cat":284441},{"id":5575,"n":"Compote Douceur du Verger Gourdes Pomme - 12x90g","p":2.7,"u":"2,50 €/KG","img":"https://fd2-photos.leclercdrive.fr/image.ashx?id=2837033&use=l&cat=p&typeid=i","cat":284508},{"id":5576,"n":"Biscuits choco barre P'tit Déli Chocolat lait 295g","p":2.64,"u":"8,95 €/KG","img":"https://fd2-photos.leclercdrive.fr/image.ashx?id=2618229&use=l&cat=p&typeid=i","cat":284488},{"id":5578,"n":"Cuillers à pâtisserie  P'tit Déli 300g","p":2.49,"u":"8,30 €/KG","img":"https://fd2-photos.leclercdrive.fr/image.ashx?id=2046352&use=l&cat=p&typeid=i","cat":284487},{"id":5579,"n":"Préfou à l'ail Paso 350g","p":3.76,"u":"10,74 €/KG","img":"https://fd2-photos.leclercdrive.fr/image.ashx?id=2332621&use=l&cat=p&typeid=i","cat":316003},{"id":5582,"n":"Chewing-gum Freedent white Fruits sans sucre x50 - 70g","p":2.04,"u":"29,14 €/KG","img":"https://fd2-photos.leclercdrive.fr/image.ashx?id=2237283&use=l&cat=p&typeid=i","cat":304251},{"id":5600,"n":"Pâté Hénaff 78g","p":1.15,"u":"14,74 €/KG","img":"https://fd2-photos.leclercdrive.fr/image.ashx?id=2280516&use=l&cat=p&typeid=i","cat":305149},{"id":5612,"n":"Eau de source Cristaline 6x1,5L","p":1.11,"u":"0,12 €/L","img":"https://fd2-photos.leclercdrive.fr/image.ashx?id=2389449&use=l&cat=p&typeid=i","cat":284535},{"id":5621,"n":"Chips crevette Tokapi 50g","p":0.65,"u":"13,00 €/KG","img":"https://fd2-photos.leclercdrive.fr/image.ashx?id=3013573&use=l&cat=p&typeid=i","cat":288992},{"id":5627,"n":"Lasagnes bolognaise Côté Table 1kg","p":4.14,"u":"4,14 €/KG","img":"https://fd2-photos.leclercdrive.fr/image.ashx?id=2570915&use=l&cat=p&typeid=i","cat":333666},{"id":5630,"n":"Papier toilette blanc Mimosa Ultra doux maxi rouleau - x12","p":5.4,"u":"0,45 €/P","img":"https://fd2-photos.leclercdrive.fr/image.ashx?id=2794862&use=l&cat=p&typeid=i","cat":284634},{"id":5633,"n":"Soufflés Grignot' Tokapi Cacahuète - 90g","p":0.7,"u":"7,78 €/KG","img":"https://fd2-photos.leclercdrive.fr/image.ashx?id=2049223&use=l&cat=p&typeid=i","cat":284449},{"id":5681,"n":"Baguette Tradition           250g","p":0.95,"u":"3,80 €/KG","img":"https://fd2-photos.leclercdrive.fr/image.ashx?id=2442057&use=l&cat=p&typeid=i","cat":284359},{"id":5772,"n":"Biscuits tartelette Bonne Maman Citron 125g","p":1.29,"u":"10,32 €/KG","img":"https://fd2-photos.leclercdrive.fr/image.ashx?id=2962296&use=l&cat=p&typeid=i","cat":284489},{"id":5816,"n":"Rillettes de thon Cap Océan MSC 150g","p":1.88,"u":"12,53 €/KG","img":"https://fd2-photos.leclercdrive.fr/image.ashx?id=2668440&use=l&cat=p&typeid=i","cat":285191},{"id":5817,"n":"Rillettes de saumon Cap ocean 150g","p":1.88,"u":"12,53 €/KG","img":"https://fd2-photos.leclercdrive.fr/image.ashx?id=2985147&use=l&cat=p&typeid=i","cat":285191},{"id":5834,"n":"Saumon fumé Rondes des Mers ASC Norvège x8T - 300g","p":10.69,"u":"35,63 €/KG","img":"https://fd2-photos.leclercdrive.fr/image.ashx?id=2833093&use=l&cat=p&typeid=i","cat":285188},{"id":5838,"n":"Petit salé Côté Table lentilles A l'auvergnate 420g","p":2.3,"u":"5,48 €/KG","img":"https://fd2-photos.leclercdrive.fr/image.ashx?id=2977123&use=l&cat=p&typeid=i","cat":284441},{"id":5850,"n":"Couscous Côté Table Poulet merguez 450g","p":2.7,"u":"6,00 €/KG","img":"https://fd2-photos.leclercdrive.fr/image.ashx?id=1936608&use=l&cat=p&typeid=i","cat":333665},{"id":5855,"n":"Lasagnes bolognaise Côté Table 350g","p":2.85,"u":"8,14 €/KG","img":"https://fd2-photos.leclercdrive.fr/image.ashx?id=1701331&use=l&cat=p&typeid=i","cat":333665},{"id":5856,"n":"Préparation pour crème brûlée Délisse 4x100g","p":2.59,"u":"6,48 €/KG","img":"https://fd2-photos.leclercdrive.fr/image.ashx?id=2842465&use=l&cat=p&typeid=i","cat":284419},{"id":5859,"n":"Guacamole Tables du Monde 200g","p":2.29,"u":"13,09 €/KG","img":"https://fd2-photos.leclercdrive.fr/image.ashx?id=2872252&use=l&cat=p&typeid=i","cat":315999},{"id":5860,"n":"Petit pot de crème Délisse Pistache - 4x100g","p":1.85,"u":"4,63 €/KG","img":"https://fd2-photos.leclercdrive.fr/image.ashx?id=2550378&use=l&cat=p&typeid=i","cat":285041},{"id":5866,"n":"Actifidus Délisse Vanille - 12x125g","p":2.58,"u":"1,72 €/KG","img":"https://fd2-photos.leclercdrive.fr/image.ashx?id=2751877&use=l&cat=p&typeid=i","cat":315000},{"id":5869,"n":"Spécialité au soja Nat & Vie Chocolat - 4x100g","p":1.34,"u":"3,35 €/KG","img":"https://fd2-photos.leclercdrive.fr/image.ashx?id=2901437&use=l&cat=p&typeid=i","cat":316071},{"id":5871,"n":"Yaourts à boire DéliUp' Délisse Fraise - 10x100g","p":2.87,"u":"2,87 €/KG","img":"https://fd2-photos.leclercdrive.fr/image.ashx?id=1871092&use=l&cat=p&typeid=i","cat":284415},{"id":5873,"n":"Beignets crevettes Tables du Monde x6 140g","p":2.06,"u":"14,71 €/KG","img":"https://fd2-photos.leclercdrive.fr/image.ashx?id=2865053&use=l&cat=p&typeid=i","cat":333673},{"id":5878,"n":"Jus 3 agrumes Jafaden 1L","p":2.75,"u":"2,75 €/L","img":"https://fd2-photos.leclercdrive.fr/image.ashx?id=2916665&use=l&cat=p&typeid=i","cat":285435},{"id":5880,"n":"Yaourts mousse Petits Délis Fruits - 6x74g","p":1.77,"u":"3,99 €/KG","img":"https://fd2-photos.leclercdrive.fr/image.ashx?id=2907057&use=l&cat=p&typeid=i","cat":284414},{"id":5891,"n":"Tzatziki Tables du Monde 200g","p":1.54,"u":"7,70 €/KG","img":"https://fd2-photos.leclercdrive.fr/image.ashx?id=2872255&use=l&cat=p&typeid=i","cat":315999},{"id":5895,"n":"Tripes mode de caen NRT 600g","p":3.99,"u":"6,65 €/KG","img":"https://fd2-photos.leclercdrive.fr/image.ashx?id=2723198&use=l&cat=p&typeid=i","cat":284441},{"id":5896,"n":"Litière rongeurs P'tit Ami 15L","p":1.32,"u":"0,09 €/L","img":"https://fd2-photos.leclercdrive.fr/image.ashx?id=2162198&use=l&cat=p&typeid=i","cat":284677},{"id":5898,"n":"Litière rongeurs P'tit Ami 60L","p":4.2,"u":"0,07 €/L","img":"https://fd2-photos.leclercdrive.fr/image.ashx?id=2162204&use=l&cat=p&typeid=i","cat":284677},{"id":5901,"n":"Filtre à café Melitta 1x4 Original - x40","p":0.94,"u":"0,02 €/P","img":"https://fd2-photos.leclercdrive.fr/image.ashx?id=2882053&use=l&cat=p&typeid=i","cat":284751},{"id":5907,"n":"Haricots beurre d'aucy Extra-fins - 440g","p":1.86,"u":"4,23 €/KG","img":"https://fd2-photos.leclercdrive.fr/image.ashx?id=2431536&use=l&cat=p&typeid=i","cat":312606},{"id":5908,"n":"Tourteau fromagé du Poitou NRT 250g","p":2.85,"u":"11,40 €/KG","img":"https://fd2-photos.leclercdrive.fr/image.ashx?id=2040347&use=l&cat=p&typeid=i","cat":284419},{"id":5909,"n":"Mini gâches briochettes NRT Pur beurre x8 - 360g","p":2.07,"u":"5,75 €/KG","img":"https://fd2-photos.leclercdrive.fr/image.ashx?id=2670416&use=l&cat=p&typeid=i","cat":284478},{"id":5910,"n":"Ketchup Amora 280g","p":1.05,"u":"3,75 €/KG","img":"https://fd2-photos.leclercdrive.fr/image.ashx?id=2766667&use=l&cat=p&typeid=i","cat":284455},{"id":5917,"n":"Boule de pain tranchée 400g","p":1.05,"u":"2,63 €/KG","img":"https://fd2-photos.leclercdrive.fr/image.ashx?id=2062891&use=l&cat=p&typeid=i","cat":284359},{"id":5951,"n":"Ravioli bolognaise   Panzani - 800g","p":3.48,"u":"4,35 €/KG","img":"https://fd2-photos.leclercdrive.fr/image.ashx?id=2876062&use=l&cat=p&typeid=i","cat":284442},{"id":5952,"n":"Couscous Grain Moyen Ferrero - 1kg","p":2.32,"u":"2,32 €/KG","img":"https://fd2-photos.leclercdrive.fr/image.ashx?id=2744740&use=l&cat=p&typeid=i","cat":284429},{"id":5954,"n":"Café moulu San Marco Arabica - 2x250g","p":10.49,"u":"20,98 €/KG","img":"https://fd2-photos.leclercdrive.fr/image.ashx?id=2645510&use=l&cat=p&typeid=i","cat":284750},{"id":6035,"n":"Sauce tomate bio Jardin Bio' Provençale - 200g","p":1.47,"u":"7,35 €/KG","img":"https://fd2-photos.leclercdrive.fr/image.ashx?id=3014494&use=l&cat=p&typeid=i","cat":287599},{"id":6037,"n":"Ratatouille Jardin Bio' A la provençale bio - 650g","p":2.76,"u":"4,25 €/KG","img":"https://fd2-photos.leclercdrive.fr/image.ashx?id=2903230&use=l&cat=p&typeid=i","cat":312612},{"id":6038,"n":"Lentilles corail bio Jardin Bio 500g","p":3.16,"u":"6,32 €/KG","img":"https://fd2-photos.leclercdrive.fr/image.ashx?id=2415999&use=l&cat=p&typeid=i","cat":284430},{"id":6048,"n":"Sauce tomate Jardin Bio' Bio Basilic - 200g","p":1.4,"u":"7,00 €/KG","img":"https://fd2-photos.leclercdrive.fr/image.ashx?id=2967848&use=l&cat=p&typeid=i","cat":287599},{"id":6049,"n":"Ravioli Jardin Bio Bio légumes - 675g","p":3.11,"u":"4,61 €/KG","img":"https://fd2-photos.leclercdrive.fr/image.ashx?id=2534878&use=l&cat=p&typeid=i","cat":284442},{"id":6050,"n":"Lentilles vertes Jardin Bio' Bio cuisinées - 400g","p":2.31,"u":"5,78 €/KG","img":"https://fd2-photos.leclercdrive.fr/image.ashx?id=2944831&use=l&cat=p&typeid=i","cat":312609},{"id":6058,"n":"Spaguetti Jardin Bio Bio quinoa tomate - 500g","p":1.94,"u":"3,88 €/KG","img":"https://fd2-photos.leclercdrive.fr/image.ashx?id=3002108&use=l&cat=p&typeid=i","cat":284427},{"id":6063,"n":"Ketchup Jardin Bio' Bio - 560g","p":2.3,"u":"4,11 €/KG","img":"https://fd2-photos.leclercdrive.fr/image.ashx?id=2918316&use=l&cat=p&typeid=i","cat":284455},{"id":6067,"n":"Huile d'olive Bio Village Bio Vierge extra - 75cl","p":7.47,"u":"9,96 €/L","img":"https://fd2-photos.leclercdrive.fr/image.ashx?id=3005697&use=l&cat=p&typeid=i","cat":284453},{"id":6068,"n":"Spaghetti Bio Village Bio - 500g","p":0.83,"u":"1,66 €/KG","img":"https://fd2-photos.leclercdrive.fr/image.ashx?id=2503284&use=l&cat=p&typeid=i","cat":284427},{"id":6069,"n":"Pâtes Coquillettes Bio Village Bio - 500g","p":0.84,"u":"1,68 €/KG","img":"https://fd2-photos.leclercdrive.fr/image.ashx?id=2625364&use=l&cat=p&typeid=i","cat":284427},{"id":6070,"n":"Pâtes tagliatelles Bio Village Bio - 250g","p":1.65,"u":"6,60 €/KG","img":"https://fd2-photos.leclercdrive.fr/image.ashx?id=1986832&use=l&cat=p&typeid=i","cat":284427},{"id":6073,"n":"Crème fraîche bio Bio village Epaisse - 30% MG - 20cl","p":1.17,"u":"5,85 €/L","img":"https://fd2-photos.leclercdrive.fr/image.ashx?id=1975047&use=l&cat=p&typeid=i","cat":284381},{"id":6075,"n":"Quinoa Bio Village Bio - 500g","p":3.25,"u":"6,50 €/KG","img":"https://fd2-photos.leclercdrive.fr/image.ashx?id=2245755&use=l&cat=p&typeid=i","cat":284429},{"id":6076,"n":"Cookies chocolat Bio Village Bio 200g","p":2.74,"u":"13,70 €/KG","img":"https://fd2-photos.leclercdrive.fr/image.ashx?id=2400523&use=l&cat=p&typeid=i","cat":325066},{"id":6078,"n":"Yaourts lait brebis nature Bio Bio village - 2x125g","p":1.42,"u":"5,68 €/KG","img":"https://fd2-photos.leclercdrive.fr/image.ashx?id=2841959&use=l&cat=p&typeid=i","cat":314998},{"id":6085,"n":"Jus de fruits Tropicana Multivitamines - 1,5L","p":3.59,"u":"2,39 €/L","img":"https://fd2-photos.leclercdrive.fr/image.ashx?id=2605818&use=l&cat=p&typeid=i","cat":284917},{"id":6089,"n":"Pâtes Blé complet Barilla Spaghetti Integrale - 500g","p":1.23,"u":"2,46 €/KG","img":"https://fd2-photos.leclercdrive.fr/image.ashx?id=2986951&use=l&cat=p&typeid=i","cat":284427},{"id":6105,"n":"Biscuits apéritif Lay's 3D's Goût Nature Sel - 85g","p":0.81,"u":"9,53 €/KG","img":"https://fd2-photos.leclercdrive.fr/image.ashx?id=2917417&use=l&cat=p&typeid=i","cat":284449},{"id":6106,"n":"Biscuits apéritif Lay's 3D's Goût Fromage - 85g","p":0.78,"u":"9,18 €/KG","img":"https://fd2-photos.leclercdrive.fr/image.ashx?id=2923672&use=l&cat=p&typeid=i","cat":284449},{"id":6145,"n":"Biscuits Goûters REM Chocolat - 3x125g","p":2.29,"u":"6,11 €/KG","img":"https://fd2-photos.leclercdrive.fr/image.ashx?id=2841193&use=l&cat=p&typeid=i","cat":284488},{"id":6152,"n":"Pâtes gansettes Panzani 500g","p":1.14,"u":"2,28 €/KG","img":"https://fd2-photos.leclercdrive.fr/image.ashx?id=2876017&use=l&cat=p&typeid=i","cat":284427},{"id":6153,"n":"Pâtes Macaroni Panzani 1kg","p":1.75,"u":"1,75 €/KG","img":"https://fd2-photos.leclercdrive.fr/image.ashx?id=2876026&use=l&cat=p&typeid=i","cat":284427},{"id":6154,"n":"Pâtes farfalle Panzani 500g","p":1.02,"u":"2,04 €/KG","img":"https://fd2-photos.leclercdrive.fr/image.ashx?id=2884300&use=l&cat=p&typeid=i","cat":284427},{"id":6155,"n":"Pâtes Torti Panzani 3 Minutes - 500G","p":1.16,"u":"2,32 €/KG","img":"https://fd2-photos.leclercdrive.fr/image.ashx?id=2896084&use=l&cat=p&typeid=i","cat":284427},{"id":6168,"n":"Viande Bovine Rumsteack Socopa  Mariné à l'échalote - x2 - 240g","p":6.04,"u":"25,17 €/KG","img":"https://fd2-photos.leclercdrive.fr/image.ashx?id=2414612&use=l&cat=p&typeid=i","cat":284328},{"id":6169,"n":"Fromage apéritif Apéricube Nature 24 cubes","p":2.01,"u":"16,08 €/KG","img":"https://fd2-photos.leclercdrive.fr/image.ashx?id=2883447&use=l&cat=p&typeid=i","cat":314027},{"id":6185,"n":"Sucre glace Béghin Say 500g","p":1.91,"u":"3,82 €/KG","img":"https://fd2-photos.leclercdrive.fr/image.ashx?id=2593608&use=l&cat=p&typeid=i","cat":284502},{"id":6188,"n":"Boisson lactée Candy'UP Fraise - 6x20cl","p":2.72,"u":"2,27 €/L","img":"https://fd2-photos.leclercdrive.fr/image.ashx?id=2485629&use=l&cat=p&typeid=i","cat":295246},{"id":6196,"n":"AOP Côtes du Rhône rouge Prestige Cellier Dauphins 75cl","p":3.42,"u":"4,56 €/L","img":"https://fd2-photos.leclercdrive.fr/image.ashx?id=2490533&use=l&cat=p&typeid=i","cat":289556},{"id":6199,"n":"Beurre Moulé Paysan Breton Demi-sel - 80%MG - 250g","p":3.24,"u":"12,96 €/KG","img":"https://fd2-photos.leclercdrive.fr/image.ashx?id=2947844&use=l&cat=p&typeid=i","cat":284379},{"id":6223,"n":"Fromage Maroilles AOP  Nos Régions ont du Talent 200g","p":2.69,"u":"13,45 €/KG","img":"https://fd2-photos.leclercdrive.fr/image.ashx?id=2411892&use=l&cat=p&typeid=i","cat":329558},{"id":6239,"n":"Nuggets de dinde Le Gaulois  x50 - 1kg","p":6.82,"u":"6,82 €/KG","img":"https://fd2-photos.leclercdrive.fr/image.ashx?id=2921274&use=l&cat=p&typeid=i","cat":333684},{"id":6240,"n":"Cordons bleu Le Gaulois Dinde x10 - 1kg","p":7.72,"u":"7,72 €/KG","img":"https://fd2-photos.leclercdrive.fr/image.ashx?id=2485913&use=l&cat=p&typeid=i","cat":333683},{"id":6243,"n":"AOC Muscadet vin blanc Les Caractères - BIB 3L","p":13.99,"u":"4,66 €/L","img":"https://fd2-photos.leclercdrive.fr/image.ashx?id=2923396&use=l&cat=p&typeid=i","cat":289560},{"id":6249,"n":"Céleri Menu Fraîcheur  Rémoulade - 500g","p":1.58,"u":"3,16 €/KG","img":"https://fd2-photos.leclercdrive.fr/image.ashx?id=2820107&use=l&cat=p&typeid=i","cat":333657},{"id":6254,"n":"Salade Coleslaw Menu Fraîcheur  300g","p":1.19,"u":"3,97 €/KG","img":"https://fd2-photos.leclercdrive.fr/image.ashx?id=2645891&use=l&cat=p&typeid=i","cat":333657},{"id":6256,"n":"Pizza Turini Jambon champignons - 450g","p":2.73,"u":"6,07 €/KG","img":"https://fd2-photos.leclercdrive.fr/image.ashx?id=2709734&use=l&cat=p&typeid=i","cat":333679},{"id":6291,"n":"Semoule fine Panzani 500g","p":1.07,"u":"2,14 €/KG","img":"https://fd2-photos.leclercdrive.fr/image.ashx?id=2745559&use=l&cat=p&typeid=i","cat":284429},{"id":6314,"n":"Pansements Primoplast Peaux sensibles x30","p":0.88,"img":"https://fd2-photos.leclercdrive.fr/image.ashx?id=2832918&use=l&cat=p&typeid=i","cat":284630},{"id":6316,"n":"Escalope de poulet Côté Croc À la Bolognaise x2 - 200g","p":2.13,"u":"10,65 €/KG","img":"https://fd2-photos.leclercdrive.fr/image.ashx?id=2814420&use=l&cat=p&typeid=i","cat":333683},{"id":6340,"n":"Goûters fourrés P'tit Déli Chocolat x16 - 300g","p":1.19,"u":"3,97 €/KG","img":"https://fd2-photos.leclercdrive.fr/image.ashx?id=2100548&use=l&cat=p&typeid=i","cat":284488},{"id":6343,"n":"Garniture de céleris  Notre Jardin - 250g","p":0.99,"u":"3,96 €/KG","img":"https://fd2-photos.leclercdrive.fr/image.ashx?id=2529534&use=l&cat=p&typeid=i","cat":312612},{"id":6344,"n":"Boules soufflées Tokapi  Fromage - 50g","p":0.58,"u":"11,60 €/KG","img":"https://fd2-photos.leclercdrive.fr/image.ashx?id=2885762&use=l&cat=p&typeid=i","cat":284449},{"id":6347,"n":"Beurre  Les Croisés 80% MG  Demi-sel Extra fin - 250g","p":2.99,"u":"11,96 €/KG","img":"https://fd2-photos.leclercdrive.fr/image.ashx?id=2839881&use=l&cat=p&typeid=i","cat":284379},{"id":6353,"n":"Pancetta italienne Saint Azay 10 tranches - 100g","p":2.89,"u":"28,90 €/KG","img":"https://fd2-photos.leclercdrive.fr/image.ashx?id=2665847&use=l&cat=p&typeid=i","cat":316007},{"id":6354,"n":"Miel Nid d'Abeille Crémeux - 500 g","p":3.92,"u":"7,84 €/KG","img":"https://fd2-photos.leclercdrive.fr/image.ashx?id=2676534&use=l&cat=p&typeid=i","cat":287643},{"id":6355,"n":"AOC Clairette de Die doux Rives et Terrasses - 75cl","p":5.29,"u":"7,05 €/L","img":"https://fd2-photos.leclercdrive.fr/image.ashx?id=2753369&use=l&cat=p&typeid=i","cat":284544},{"id":6357,"n":"Chorizo doux Saint Azay 30 tranches - 150g","p":2.09,"u":"13,93 €/KG","img":"https://fd2-photos.leclercdrive.fr/image.ashx?id=1873710&use=l&cat=p&typeid=i","cat":316007},{"id":6359,"n":"Croûtons Epi d'Or Fromage - 90g","p":0.99,"u":"11,00 €/KG","img":"https://fd2-photos.leclercdrive.fr/image.ashx?id=2651783&use=l&cat=p&typeid=i","cat":284464},{"id":6360,"n":"Croûtons Epi d'Or  Oignon - 90g","p":0.99,"u":"11,00 €/KG","img":"https://fd2-photos.leclercdrive.fr/image.ashx?id=2640986&use=l&cat=p&typeid=i","cat":284464},{"id":6362,"n":"Mélange Gourmand Tokapi  Graines et raisins - 120g","p":1.29,"u":"10,75 €/KG","img":"https://fd2-photos.leclercdrive.fr/image.ashx?id=2795547&use=l&cat=p&typeid=i","cat":284448},{"id":6364,"n":"Fromage Reblochon de Savoie NRT AOP - 450g","p":6.25,"u":"13,89 €/KG","img":"https://fd2-photos.leclercdrive.fr/image.ashx?id=2663809&use=l&cat=p&typeid=i","cat":314037},{"id":6365,"n":"Galettes sarrasin NRT de Bretagne 230g","p":1.79,"u":"7,78 €/KG","img":"https://fd2-photos.leclercdrive.fr/image.ashx?id=2770259&use=l&cat=p&typeid=i","cat":333672},{"id":6366,"n":"Crêpes de froment NRT de Bretagne 180g","p":1.99,"u":"11,06 €/KG","img":"https://fd2-photos.leclercdrive.fr/image.ashx?id=2771058&use=l&cat=p&typeid=i","cat":333672},{"id":6371,"n":"Gâteau de riz Yabon Nappage caramel - 4x125g","p":2.8,"u":"5,60 €/KG","img":"https://fd2-photos.leclercdrive.fr/image.ashx?id=2644286&use=l&cat=p&typeid=i","cat":284506},{"id":6390,"n":"Compotes Andros Pomme banane 750g","p":1.66,"u":"2,21 €/KG","img":"https://fd2-photos.leclercdrive.fr/image.ashx?id=2396114&use=l&cat=p&typeid=i","cat":284508},{"id":6391,"n":"Compotes Andros Pomme poire 750g","p":1.75,"u":"2,33 €/KG","img":"https://fd2-photos.leclercdrive.fr/image.ashx?id=2396117&use=l&cat=p&typeid=i","cat":284508},{"id":6392,"n":"Compotes Andros Pomme vanille 750g","p":1.79,"u":"2,39 €/KG","img":"https://fd2-photos.leclercdrive.fr/image.ashx?id=2396120&use=l&cat=p&typeid=i","cat":284508},{"id":6398,"n":"Lait pasteurisé Bridel Demi-écrémé Bouteille - 1L","p":1.63,"u":"1,63 €/L","img":"https://fd2-photos.leclercdrive.fr/image.ashx?id=2860838&use=l&cat=p&typeid=i","cat":285609},{"id":6399,"n":"Lait entier Bridel Lait pasteurisé 1l","p":1.74,"u":"1,74 €/L","img":"https://fd2-photos.leclercdrive.fr/image.ashx?id=2850862&use=l&cat=p&typeid=i","cat":285610},{"id":6434,"n":"Eau gazeuse Cristaline 6x1,5L","p":1.74,"u":"0,19 €/L","img":"https://fd2-photos.leclercdrive.fr/image.ashx?id=2694602&use=l&cat=p&typeid=i","cat":284536},{"id":6448,"n":"Petits pois carottes Très fins  Notre Jardin -A l'étuvée - 265g","p":0.95,"u":"3,58 €/KG","img":"https://fd2-photos.leclercdrive.fr/image.ashx?id=2987973&use=l&cat=p&typeid=i","cat":312607},{"id":6452,"n":"Flan Délisse Vanille Caramel - 12x100g","p":1.89,"u":"1,58 €/KG","img":"https://fd2-photos.leclercdrive.fr/image.ashx?id=2851637&use=l&cat=p&typeid=i","cat":284420},{"id":6455,"n":"Soufflés Snacks Tokapi Bacon - 60g","p":0.48,"u":"8,00 €/KG","img":"https://fd2-photos.leclercdrive.fr/image.ashx?id=2625062&use=l&cat=p&typeid=i","cat":284449},{"id":6456,"n":"Haricots beurre d'aucy Extra-fins - 220g","p":1.24,"u":"5,64 €/KG","img":"https://fd2-photos.leclercdrive.fr/image.ashx?id=2438123&use=l&cat=p&typeid=i","cat":312606},{"id":6467,"n":"Pâtes Macaroni Turini 1kg","p":1.35,"u":"1,35 €/KG","img":"https://fd2-photos.leclercdrive.fr/image.ashx?id=2980435&use=l&cat=p&typeid=i","cat":284427},{"id":6486,"n":"Biscuits apéritif Lay's 3D's Goût Bacon - 85g","p":0.78,"u":"9,18 €/KG","img":"https://fd2-photos.leclercdrive.fr/image.ashx?id=2917414&use=l&cat=p&typeid=i","cat":284449},{"id":6496,"n":"Sauce au Beurre Blan KNORR Échalote - Brique 30cl","p":1.36,"u":"4,53 €/L","img":"https://fd2-photos.leclercdrive.fr/image.ashx?id=2915991&use=l&cat=p&typeid=i","cat":288381},{"id":6504,"n":"Croûtons Gastromer AIl - 75g","p":0.79,"u":"10,53 €/KG","img":"https://fd2-photos.leclercdrive.fr/image.ashx?id=1713906&use=l&cat=p&typeid=i","cat":284464},{"id":6506,"n":"Rillettes de thon Gastromer Au poivre vert - 150g","p":1.79,"u":"11,93 €/KG","img":"https://fd2-photos.leclercdrive.fr/image.ashx?id=1849210&use=l&cat=p&typeid=i","cat":285191},{"id":6507,"n":"Rillettes de sardines Gastromer 150g","p":1.79,"u":"11,93 €/KG","img":"https://fd2-photos.leclercdrive.fr/image.ashx?id=1849213&use=l&cat=p&typeid=i","cat":285191},{"id":6511,"n":"Pâtes Spaghetti Turini 1kg","p":1.35,"u":"1,35 €/KG","img":"https://fd2-photos.leclercdrive.fr/image.ashx?id=2980450&use=l&cat=p&typeid=i","cat":284427},{"id":6512,"n":"Riz long Comptoir du Grain Sachet cuisson rapide x4 - 500g","p":1.25,"u":"2,50 €/KG","img":"https://fd2-photos.leclercdrive.fr/image.ashx?id=2118454&use=l&cat=p&typeid=i","cat":284428},{"id":6513,"n":"Vinaigre de vin Rustica Aromatisé à l'échalote - 75cl","p":1.35,"u":"1,80 €/L","img":"https://fd2-photos.leclercdrive.fr/image.ashx?id=1659936&use=l&cat=p&typeid=i","cat":298543},{"id":6516,"n":"Gâteaux P'tit Déli Pépites au chocolat 5x30g","p":1.02,"u":"6,80 €/KG","img":"https://fd2-photos.leclercdrive.fr/image.ashx?id=1986647&use=l&cat=p&typeid=i","cat":284495},{"id":6519,"n":"Soufflés Frites Tokapi Salé - 80g","p":0.65,"u":"8,13 €/KG","img":"https://fd2-photos.leclercdrive.fr/image.ashx?id=2486074&use=l&cat=p&typeid=i","cat":284449},{"id":6521,"n":"Pâtes chinoises Tables du Monde 250g","p":1.19,"u":"4,76 €/KG","img":"https://fd2-photos.leclercdrive.fr/image.ashx?id=2572058&use=l&cat=p&typeid=i","cat":288992},{"id":6523,"n":"Champignons Paris Notre Jardin Emincés - 2x115g","p":1.71,"u":"7,43 €/KG","img":"https://fd2-photos.leclercdrive.fr/image.ashx?id=2991124&use=l&cat=p&typeid=i","cat":312610},{"id":6525,"n":"Serviette hygiénique Doulys Ultra - Super+ - x12","p":0.9,"u":"0,08 €/P","img":"https://fd2-photos.leclercdrive.fr/image.ashx?id=2838918&use=l&cat=p&typeid=i","cat":284624},{"id":6526,"n":"Serviette hygiénique Doulys Ultra - Spécial nuit - x10","p":1.29,"u":"0,13 €/P","img":"https://fd2-photos.leclercdrive.fr/image.ashx?id=2838921&use=l&cat=p&typeid=i","cat":284624},{"id":6579,"n":"Vinaigre d'alcool coloré Eco+ 1L","p":0.35,"u":"0,35 €/L","img":"https://fd2-photos.leclercdrive.fr/image.ashx?id=2729260&use=l&cat=p&typeid=i","cat":298543},{"id":6580,"n":"Fromage de chévre Les Croisés 150g","p":1.42,"u":"9,47 €/KG","img":"https://fd2-photos.leclercdrive.fr/image.ashx?id=2684823&use=l&cat=p&typeid=i","cat":314031},{"id":6581,"n":"Fromage : Le carrou Les croisés Authentique - 27% mg - 220g","p":2.43,"u":"11,05 €/KG","img":"https://fd2-photos.leclercdrive.fr/image.ashx?id=2084934&use=l&cat=p&typeid=i","cat":314033},{"id":6589,"n":"Fromage Chaource NRT AOP  250g","p":3.55,"u":"14,20 €/KG","img":"https://fd2-photos.leclercdrive.fr/image.ashx?id=2874768&use=l&cat=p&typeid=i","cat":329558},{"id":6630,"n":"Pâtes torsettes Turini Les 3 min - 500g","p":0.82,"u":"1,64 €/KG","img":"https://fd2-photos.leclercdrive.fr/image.ashx?id=2607467&use=l&cat=p&typeid=i","cat":284427},{"id":6648,"n":"Boîte chocolats Ferrero Rocher x28 pralines - 350g","p":11.94,"u":"34,11 €/KG","img":"https://fd2-photos.leclercdrive.fr/image.ashx?id=2952884&use=l&cat=p&typeid=i","cat":327600},{"id":6680,"n":"Botte de thym laurier  1p","p":1.69,"img":"https://fd2-photos.leclercdrive.fr/image.ashx?id=578630&use=l&cat=p&typeid=i","cat":293607},{"id":6711,"n":"Spray nettoyant vitres Clair Recharge 750ml","p":1.09,"u":"1,45 €/L","img":"https://fd2-photos.leclercdrive.fr/image.ashx?id=1647691&use=l&cat=p&typeid=i","cat":325363},{"id":6712,"n":"Spray nettoyant vitres Clair 750ml","p":1.29,"u":"1,72 €/L","img":"https://fd2-photos.leclercdrive.fr/image.ashx?id=2943623&use=l&cat=p&typeid=i","cat":325363},{"id":6715,"n":"Assiette charcuterie Saint Azay 200g","p":3.11,"u":"15,55 €/KG","img":"https://fd2-photos.leclercdrive.fr/image.ashx?id=2417734&use=l&cat=p&typeid=i","cat":316007},{"id":6739,"n":"Confit canard Jean de France 4/5 cuisses - 1,35kg","p":16.36,"u":"12,12 €/KG","img":"https://fd2-photos.leclercdrive.fr/image.ashx?id=2240919&use=l&cat=p&typeid=i","cat":284440},{"id":6780,"n":"Ail semoule Ducros 60g","p":1.61,"u":"26,83 €/KG","img":"https://fd2-photos.leclercdrive.fr/image.ashx?id=2498672&use=l&cat=p&typeid=i","cat":298297},{"id":6788,"n":"Herbes de provence Ducros 18g","p":0.98,"u":"54,44 €/KG","img":"https://fd2-photos.leclercdrive.fr/image.ashx?id=2486533&use=l&cat=p&typeid=i","cat":298297},{"id":6791,"n":"Piment de cayenne moulu Ducros Extra fort - 38g","p":1.94,"u":"51,05 €/KG","img":"https://fd2-photos.leclercdrive.fr/image.ashx?id=2559433&use=l&cat=p&typeid=i","cat":298297},{"id":6797,"n":"Herbes de Provence Ducros 120g","p":3.07,"u":"25,58 €/KG","img":"https://fd2-photos.leclercdrive.fr/image.ashx?id=2383571&use=l&cat=p&typeid=i","cat":298297},{"id":6798,"n":"Safran en poudre Ducros 3 doses de 0.1g","p":4.24,"img":"https://fd2-photos.leclercdrive.fr/image.ashx?id=2490488&use=l&cat=p&typeid=i","cat":298297},{"id":6799,"n":"Poivre gris moulu et sel Ducros 2x34g","p":2.43,"u":"35,74 €/KG","img":"https://fd2-photos.leclercdrive.fr/image.ashx?id=2759457&use=l&cat=p&typeid=i","cat":284457},{"id":6800,"n":"Baies roses entières Ducros 20g","p":2.62,"u":"131,00 €/KG","img":"https://fd2-photos.leclercdrive.fr/image.ashx?id=2486575&use=l&cat=p&typeid=i","cat":284457},{"id":6809,"n":"Arôme naturel de vanille Vahiné Liquide 50ml","p":3.96,"u":"79,20 €/L","img":"https://fd2-photos.leclercdrive.fr/image.ashx?id=2541193&use=l&cat=p&typeid=i","cat":284504},{"id":6834,"n":"Soufflés l'Original Curly Cacahuète - 60g","p":0.58,"u":"9,67 €/KG","img":"https://fd2-photos.leclercdrive.fr/image.ashx?id=2971035&use=l&cat=p&typeid=i","cat":284449},{"id":6837,"n":"Madeleines longues P'tit Déli 440g","p":2.55,"u":"5,80 €/KG","img":"https://fd2-photos.leclercdrive.fr/image.ashx?id=2540310&use=l&cat=p&typeid=i","cat":284492},{"id":6838,"n":"Joker Pur Jus Engagé Orange  avec pulpe - 1L","p":3.2,"u":"3,20 €/L","img":"https://fd2-photos.leclercdrive.fr/image.ashx?id=3001284&use=l&cat=p&typeid=i","cat":284521},{"id":6843,"n":"AOP Champagne Alfred Rothschild Brut 12.5%vol - 75cl","p":21.68,"u":"28,91 €/L","img":"https://fd2-photos.leclercdrive.fr/image.ashx?id=2979683&use=l&cat=p&typeid=i","cat":284542},{"id":6847,"n":"Canapés toasts Epi d'Or Briochés - 250g","p":1.12,"u":"4,48 €/KG","img":"https://fd2-photos.leclercdrive.fr/image.ashx?id=2610190&use=l&cat=p&typeid=i","cat":285454},{"id":6879,"n":"Fromage Gouda Les Croisés En tranche - 200g","p":1.97,"u":"9,85 €/KG","img":"https://fd2-photos.leclercdrive.fr/image.ashx?id=2028173&use=l&cat=p&typeid=i","cat":314028},{"id":6880,"n":"Fromage Mimolette Les Croisés En tranche x8 - 200g","p":1.85,"u":"9,25 €/KG","img":"https://fd2-photos.leclercdrive.fr/image.ashx?id=2028176&use=l&cat=p&typeid=i","cat":314028},{"id":6881,"n":"Fromage Maasdam Les Croisés En tranche x8 - 200g","p":1.91,"u":"9,55 €/KG","img":"https://fd2-photos.leclercdrive.fr/image.ashx?id=1990673&use=l&cat=p&typeid=i","cat":314028},{"id":6892,"n":"Pâtes Piccolini Barilla Mini Pipe Rigate- 500g","p":1.08,"u":"2,16 €/KG","img":"https://fd2-photos.leclercdrive.fr/image.ashx?id=2964108&use=l&cat=p&typeid=i","cat":284427},{"id":6979,"n":"AOC Crémant Gratien & Meyer Blanc - Brut - 75cl","p":6.65,"u":"8,87 €/L","img":"https://fd2-photos.leclercdrive.fr/image.ashx?id=2104357&use=l&cat=p&typeid=i","cat":284545},{"id":7000,"n":"Céréales Babybio Bio 6 mois Vanille - 220g","p":4.34,"u":"19,73 €/KG","img":"https://fd2-photos.leclercdrive.fr/image.ashx?id=2733250&use=l&cat=p&typeid=i","cat":312225},{"id":7012,"n":"Compote bébé Babybio - 4 mois Bio Poire williams - 2x130g","p":1.9,"u":"7,31 €/KG","img":"https://fd2-photos.leclercdrive.fr/image.ashx?id=2834515&use=l&cat=p&typeid=i","cat":312387},{"id":7013,"n":"Compote bébé Babybio Bio 4 mois Pomme / Pêche - 2x130g","p":1.89,"u":"7,27 €/KG","img":"https://fd2-photos.leclercdrive.fr/image.ashx?id=2859362&use=l&cat=p&typeid=i","cat":312387},{"id":7014,"n":"Compote bébé bio Babybio Pomme abricot - 4 mois - 2x130g","p":1.88,"u":"7,23 €/KG","img":"https://fd2-photos.leclercdrive.fr/image.ashx?id=2838320&use=l&cat=p&typeid=i","cat":312387},{"id":7015,"n":"Compote bébé bio Babybio Pomme coing - 4 mois - 2x130g","p":2.14,"u":"8,23 €/KG","img":"https://fd2-photos.leclercdrive.fr/image.ashx?id=2838323&use=l&cat=p&typeid=i","cat":312387},{"id":7016,"n":"Compote bébé Babybio Bio 4 mois Pomme / Pruneau - 2x130g","p":2.0,"u":"7,69 €/KG","img":"https://fd2-photos.leclercdrive.fr/image.ashx?id=2838326&use=l&cat=p&typeid=i","cat":312387},{"id":7017,"n":"Compote bébé Babybio Bio 4 mois Pomme / Banane - 2x130g","p":1.78,"u":"6,85 €/KG","img":"https://fd2-photos.leclercdrive.fr/image.ashx?id=2832011&use=l&cat=p&typeid=i","cat":312387},{"id":7018,"n":"Dessert bébé BabyBio - 6 mois Délice de Fruits Bio - 2x130g","p":1.85,"u":"7,12 €/KG","img":"https://fd2-photos.leclercdrive.fr/image.ashx?id=2838329&use=l&cat=p&typeid=i","cat":312388},{"id":7025,"n":"Pizza Cuite sur pierre Turini Jambon fromage - 400g","p":2.85,"u":"7,13 €/KG","img":"https://fd2-photos.leclercdrive.fr/image.ashx?id=2815223&use=l&cat=p&typeid=i","cat":284256},{"id":7029,"n":"Velouté de carotte Régal A la Crème fraîche - 1L","p":1.41,"u":"1,41 €/L","img":"https://fd2-photos.leclercdrive.fr/image.ashx?id=2905889&use=l&cat=p&typeid=i","cat":284462},{"id":7030,"n":"Sauce Tomate cuisinée Turini Aux petits légumes - 180g","p":0.84,"u":"4,67 €/KG","img":"https://fd2-photos.leclercdrive.fr/image.ashx?id=2490034&use=l&cat=p&typeid=i","cat":288384},{"id":7071,"n":"Petits Boudoirs Babybio Bio - Orange Douce - 120g","p":2.69,"u":"22,42 €/KG","img":"https://fd2-photos.leclercdrive.fr/image.ashx?id=2733262&use=l&cat=p&typeid=i","cat":312227},{"id":7082,"n":"AOP Côtes du Marmandais rosé La Vieille église - 75cl","p":3.49,"u":"4,65 €/L","img":"https://fd2-photos.leclercdrive.fr/image.ashx?id=2258685&use=l&cat=p&typeid=i","cat":289558},{"id":7085,"n":"Vin mousseux d'Union Européenne  Demi-sec -75cl","p":2.89,"u":"3,85 €/L","img":"https://fd2-photos.leclercdrive.fr/image.ashx?id=1951019&use=l&cat=p&typeid=i","cat":284544},{"id":7126,"n":"Riz cantonais  Traditions d'Asie - 400g","p":3.61,"u":"9,03 €/KG","img":"https://fd2-photos.leclercdrive.fr/image.ashx?id=2505043&use=l&cat=p&typeid=i","cat":333673},{"id":7127,"n":"Sauce soja Jardin Bio' Bio - 125ml","p":2.45,"u":"19,60 €/L","img":"https://fd2-photos.leclercdrive.fr/image.ashx?id=2740118&use=l&cat=p&typeid=i","cat":288992},{"id":7128,"n":"Porc au caramel Tables du Monde Riz thaï 300g","p":3.05,"u":"10,17 €/KG","img":"https://fd2-photos.leclercdrive.fr/image.ashx?id=2700957&use=l&cat=p&typeid=i","cat":333665},{"id":7282,"n":"Compote Douceur du Verger  Pomme Poire - 4x100g","p":1.09,"u":"2,73 €/KG","img":"https://fd2-photos.leclercdrive.fr/image.ashx?id=762794&use=l&cat=p&typeid=i","cat":284416},{"id":7283,"n":"Compote Douceur du Verger Pomme banane - 4x100g","p":1.25,"u":"3,13 €/KG","img":"https://fd2-photos.leclercdrive.fr/image.ashx?id=1910601&use=l&cat=p&typeid=i","cat":284416},{"id":7284,"n":"Compote Douceur du Verger Pomme Fraise - 4x100g","p":1.09,"u":"2,73 €/KG","img":"https://fd2-photos.leclercdrive.fr/image.ashx?id=762786&use=l&cat=p&typeid=i","cat":284416},{"id":7289,"n":"Crème Dépilatoire Siliss Peaux sensibles - 200ml","p":1.79,"u":"8,95 €/L","img":"https://fd2-photos.leclercdrive.fr/image.ashx?id=2699675&use=l&cat=p&typeid=i","cat":325351},{"id":7293,"n":"Râpé 3 fromages Les Croisés 200g","p":1.79,"u":"8,95 €/KG","img":"https://fd2-photos.leclercdrive.fr/image.ashx?id=2893292&use=l&cat=p&typeid=i","cat":314035},{"id":7294,"n":"Huile de tournesol Bio Village Bio - 75cl","p":3.59,"u":"4,79 €/L","img":"https://fd2-photos.leclercdrive.fr/image.ashx?id=2894746&use=l&cat=p&typeid=i","cat":284453},{"id":7315,"n":"Concentré de tomates Eco+ 2x140g","p":1.28,"u":"4,57 €/KG","img":"https://fd2-photos.leclercdrive.fr/image.ashx?id=2683511&use=l&cat=p&typeid=i","cat":288384},{"id":7344,"n":"Pâtes petits paniers Panzani 500g","p":1.08,"u":"2,16 €/KG","img":"https://fd2-photos.leclercdrive.fr/image.ashx?id=2876014&use=l&cat=p&typeid=i","cat":284427},{"id":7345,"n":"Pâtes serpentini Panzani 500g","p":0.99,"u":"1,98 €/KG","img":"https://fd2-photos.leclercdrive.fr/image.ashx?id=2876044&use=l&cat=p&typeid=i","cat":284427},{"id":7349,"n":"Croquettes chat One Purina Stérilisé - Boeuf/Blé - 450g","p":2.44,"u":"5,42 €/KG","img":"https://fd2-photos.leclercdrive.fr/image.ashx?id=2681044&use=l&cat=p&typeid=i","cat":284680},{"id":7359,"n":"Gorgonzola AOP Les Croisés -150g","p":2.47,"u":"16,47 €/KG","img":"https://fd2-photos.leclercdrive.fr/image.ashx?id=2796037&use=l&cat=p&typeid=i","cat":314032},{"id":7361,"n":"Fromage Edam Les Croisés En tranche x8 - 200g","p":1.97,"u":"9,85 €/KG","img":"https://fd2-photos.leclercdrive.fr/image.ashx?id=2041351&use=l&cat=p&typeid=i","cat":314028},{"id":7362,"n":"Riz Basmati Comptoir du Grain Express 2 min - 250g","p":0.99,"u":"3,96 €/KG","img":"https://fd2-photos.leclercdrive.fr/image.ashx?id=2441192&use=l&cat=p&typeid=i","cat":287600},{"id":7363,"n":"Riz Express Comptoir du Grain A la méditerranéenne - 250g","p":1.2,"u":"4,80 €/KG","img":"https://fd2-photos.leclercdrive.fr/image.ashx?id=2856474&use=l&cat=p&typeid=i","cat":287600},{"id":7364,"n":"Sauce au poivre vert Rustica 30g","p":0.6,"u":"20,00 €/KG","img":"https://fd2-photos.leclercdrive.fr/image.ashx?id=2965422&use=l&cat=p&typeid=i","cat":288381},{"id":7378,"n":"Jambon d'Auvergne IGP NRT x4 - 100g","p":3.4,"u":"34,00 €/KG","img":"https://fd2-photos.leclercdrive.fr/image.ashx?id=2670419&use=l&cat=p&typeid=i","cat":316007},{"id":7379,"n":"Jambon de Savoie NRT x6 - 90g","p":2.66,"u":"29,56 €/KG","img":"https://fd2-photos.leclercdrive.fr/image.ashx?id=2670422&use=l&cat=p&typeid=i","cat":316007},{"id":7381,"n":"Sachet repas chats Gourmet 4 variétés poissons - 4x85g","p":1.79,"u":"5,26 €/KG","img":"https://fd2-photos.leclercdrive.fr/image.ashx?id=2867788&use=l&cat=p&typeid=i","cat":285286},{"id":7424,"n":"Bouillon Cubes bouquet garni Knorr - thym persil laurier -x9","p":1.26,"u":"12,73 €/KG","img":"https://fd2-photos.leclercdrive.fr/image.ashx?id=2915667&use=l&cat=p&typeid=i","cat":288379},{"id":7432,"n":"Huile de friture Frial Lesieur 2L","p":6.04,"u":"3,02 €/L","img":"https://fd2-photos.leclercdrive.fr/image.ashx?id=2916857&use=l&cat=p&typeid=i","cat":284453},{"id":7433,"n":"Vinaigrette Rustica Fines herbes - 50cl","p":1.19,"u":"2,38 €/L","img":"https://fd2-photos.leclercdrive.fr/image.ashx?id=1964912&use=l&cat=p&typeid=i","cat":284456},{"id":7437,"n":"Pâte brisée Tablier Blanc Au beurre - 230g","p":1.19,"u":"5,17 €/KG","img":"https://fd2-photos.leclercdrive.fr/image.ashx?id=2635892&use=l&cat=p&typeid=i","cat":333681},{"id":7441,"n":"Huile de friture Rustica 1L","p":2.75,"u":"2,75 €/L","img":"https://fd2-photos.leclercdrive.fr/image.ashx?id=2900331&use=l&cat=p&typeid=i","cat":284453},{"id":7443,"n":"Dessert fruitier pomme poire Douceur du Verger s/sucre 4x97g","p":1.25,"u":"3,22 €/KG","img":"https://fd2-photos.leclercdrive.fr/image.ashx?id=1957066&use=l&cat=p&typeid=i","cat":284416},{"id":7444,"n":"Dessert fruitier pomme Douceur du Verger s/sucre 4x97g","p":1.05,"u":"2,71 €/KG","img":"https://fd2-photos.leclercdrive.fr/image.ashx?id=1957069&use=l&cat=p&typeid=i","cat":284416},{"id":7448,"n":"Compote Douceur du Verger Coupelle pomme pruneau - 4x100g","p":1.36,"u":"3,40 €/KG","img":"https://fd2-photos.leclercdrive.fr/image.ashx?id=2220527&use=l&cat=p&typeid=i","cat":284508},{"id":7450,"n":"Gâteaux fourrés P'tit Déli Fraise x7 - 196g","p":2.8,"u":"14,29 €/KG","img":"https://fd2-photos.leclercdrive.fr/image.ashx?id=2659777&use=l&cat=p&typeid=i","cat":284495},{"id":7451,"n":"Biscuits P'tit Déli Goûters Fourrés au chocolat 2x300g","p":2.3,"u":"3,83 €/KG","img":"https://fd2-photos.leclercdrive.fr/image.ashx?id=2116182&use=l&cat=p&typeid=i","cat":284488},{"id":7452,"n":"Tubes Fromage blanc Délisse 3 parfums - 12 x40g","p":2.38,"u":"4,96 €/KG","img":"https://fd2-photos.leclercdrive.fr/image.ashx?id=2884231&use=l&cat=p&typeid=i","cat":284415},{"id":7455,"n":"Fromage Bleu des Causses NRT  AOP - 125g","p":1.99,"u":"15,92 €/KG","img":"https://fd2-photos.leclercdrive.fr/image.ashx?id=2771043&use=l&cat=p&typeid=i","cat":314032},{"id":7459,"n":"Pâtes Barilla Spaghetti n°5 - 500g","p":0.92,"u":"1,84 €/KG","img":"https://fd2-photos.leclercdrive.fr/image.ashx?id=2392200&use=l&cat=p&typeid=i","cat":284427},{"id":7465,"n":"Actifidus Délisse Citron - 4x125g","p":1.36,"u":"2,72 €/KG","img":"https://fd2-photos.leclercdrive.fr/image.ashx?id=2501673&use=l&cat=p&typeid=i","cat":315000},{"id":7466,"n":"Pain grillé Epi d'or Brioché x26 - 300g","p":2.15,"u":"7,17 €/KG","img":"https://fd2-photos.leclercdrive.fr/image.ashx?id=2532835&use=l&cat=p&typeid=i","cat":284479},{"id":7529,"n":"Fromage Comté Entremont 200g","p":3.05,"u":"15,25 €/KG","img":"https://fd2-photos.leclercdrive.fr/image.ashx?id=2983144&use=l&cat=p&typeid=i","cat":314034},{"id":7530,"n":"Crème fraîche épaisse Bridélice 15%mg 20cl","p":0.82,"u":"4,10 €/L","img":"https://fd2-photos.leclercdrive.fr/image.ashx?id=2970873&use=l&cat=p&typeid=i","cat":284381},{"id":7531,"n":"Faisselle Rians 6%mg - 500g","p":1.91,"u":"3,82 €/KG","img":"https://fd2-photos.leclercdrive.fr/image.ashx?id=2542324&use=l&cat=p&typeid=i","cat":284409},{"id":7548,"n":"Ail Rustica 100g","p":1.69,"u":"16,90 €/KG","img":"https://fd2-photos.leclercdrive.fr/image.ashx?id=2365451&use=l&cat=p&typeid=i","cat":319804},{"id":7549,"n":"Persil Rustica 50g","p":0.99,"u":"19,80 €/KG","img":"https://fd2-photos.leclercdrive.fr/image.ashx?id=2365454&use=l&cat=p&typeid=i","cat":319804},{"id":7560,"n":"Barquettes chats Tous mes amis Mousselines 4 variétés - 4x85g","p":1.75,"u":"5,15 €/KG","img":"https://fd2-photos.leclercdrive.fr/image.ashx?id=2815749&use=l&cat=p&typeid=i","cat":285286},{"id":7563,"n":"Coulis de tomate bio Jardin Bio 500g","p":1.6,"u":"3,20 €/KG","img":"https://fd2-photos.leclercdrive.fr/image.ashx?id=2918841&use=l&cat=p&typeid=i","cat":288384},{"id":7578,"n":"Thé vert bio orange Jardin Bio' Bergamote Max Havelaar x20 30g","p":2.4,"u":"80,00 €/KG","img":"https://fd2-photos.leclercdrive.fr/image.ashx?id=2792666&use=l&cat=p&typeid=i","cat":293233},{"id":7585,"n":"Echalote Rustica 100g","p":1.69,"u":"16,90 €/KG","img":"https://fd2-photos.leclercdrive.fr/image.ashx?id=2365457&use=l&cat=p&typeid=i","cat":319804},{"id":7586,"n":"Fond de veau Rustica 110g","p":2.11,"u":"19,18 €/KG","img":"https://fd2-photos.leclercdrive.fr/image.ashx?id=2188679&use=l&cat=p&typeid=i","cat":288379},{"id":7589,"n":"Biscuits Mikado LU Chocolat au lait - 3x39g","p":2.13,"u":"18,21 €/KG","img":"https://fd2-photos.leclercdrive.fr/image.ashx?id=3001970&use=l&cat=p&typeid=i","cat":284488},{"id":7599,"n":"Haricots verts Jardin Bio' Bio extra fin coupés - 360g","p":2.41,"u":"6,69 €/KG","img":"https://fd2-photos.leclercdrive.fr/image.ashx?id=2967151&use=l&cat=p&typeid=i","cat":312606},{"id":7600,"n":"Petits pois carottes JardinBio' Bio - 420g","p":2.44,"u":"5,81 €/KG","img":"https://fd2-photos.leclercdrive.fr/image.ashx?id=2947958&use=l&cat=p&typeid=i","cat":312607},{"id":7601,"n":"Dessert fruitier Jardin Bio' bio Pomme vanille bourbon 680g","p":2.68,"u":"3,94 €/KG","img":"https://fd2-photos.leclercdrive.fr/image.ashx?id=2967786&use=l&cat=p&typeid=i","cat":284508},{"id":7646,"n":"Spaghetti Jardin Bio Bio quinoa persil ail - 500g","p":1.92,"u":"3,84 €/KG","img":"https://fd2-photos.leclercdrive.fr/image.ashx?id=3014542&use=l&cat=p&typeid=i","cat":284427},{"id":7672,"n":"Cordon Bleu Le Gaulois Poulet - 200g","p":1.92,"u":"9,60 €/KG","img":"https://fd2-photos.leclercdrive.fr/image.ashx?id=2860223&use=l&cat=p&typeid=i","cat":333683},{"id":7676,"n":"Boudins Blancs Le Gaulois Volaille Nature 300g","p":2.74,"u":"9,13 €/KG","img":"https://fd2-photos.leclercdrive.fr/image.ashx?id=2236851&use=l&cat=p&typeid=i","cat":316012},{"id":7694,"n":"Magret de canard Sud Ouest NRT Fumé - 90g","p":3.79,"u":"42,11 €/KG","img":"https://fd2-photos.leclercdrive.fr/image.ashx?id=2958380&use=l&cat=p&typeid=i","cat":316007},{"id":7696,"n":"Camembert Bons Mayennais Lait pasteurisé 22%mg - 250g","p":2.07,"u":"8,28 €/KG","img":"https://fd2-photos.leclercdrive.fr/image.ashx?id=2966689&use=l&cat=p&typeid=i","cat":314033},{"id":7713,"n":"Dessert fruitier pomme pruneaux Douceur du Verger s/sucre4x100g","p":1.54,"u":"3,85 €/KG","img":"https://fd2-photos.leclercdrive.fr/image.ashx?id=1962960&use=l&cat=p&typeid=i","cat":284416},{"id":7717,"n":"Papier toilette Mimosa Décoré - Ultra doux - x6","p":2.65,"u":"0,44 €/P","img":"https://fd2-photos.leclercdrive.fr/image.ashx?id=2816112&use=l&cat=p&typeid=i","cat":284634},{"id":7857,"n":"Croquettes chiens Fido Au boeuf 1kg","p":2.8,"u":"2,80 €/KG","img":"https://fd2-photos.leclercdrive.fr/image.ashx?id=2972964&use=l&cat=p&typeid=i","cat":294526},{"id":7862,"n":"Petit pot de crème Délisse Café - 4x100g","p":1.8,"u":"4,50 €/KG","img":"https://fd2-photos.leclercdrive.fr/image.ashx?id=2550372&use=l&cat=p&typeid=i","cat":285041},{"id":7864,"n":"Yaourts sucrés Délisse Nature  - 4x125g","p":0.99,"u":"1,98 €/KG","img":"https://fd2-photos.leclercdrive.fr/image.ashx?id=2590415&use=l&cat=p&typeid=i","cat":284409},{"id":7866,"n":"Beurre Tendre Les Croisés Demi-sel - 80% MG - 250g","p":2.51,"u":"10,04 €/KG","img":"https://fd2-photos.leclercdrive.fr/image.ashx?id=2839899&use=l&cat=p&typeid=i","cat":284379},{"id":7869,"n":"Yaourts aromatisés Délisse Citron - 4x125g","p":1.45,"u":"2,90 €/KG","img":"https://fd2-photos.leclercdrive.fr/image.ashx?id=2758704&use=l&cat=p&typeid=i","cat":286006},{"id":7881,"n":"Camembert Les Croisés 8 portions - 22% mg - 8x30g","p":2.19,"u":"9,13 €/KG","img":"https://fd2-photos.leclercdrive.fr/image.ashx?id=2974798&use=l&cat=p&typeid=i","cat":314033},{"id":7882,"n":"Actifidus Délisse Coco Citron Vanille - 12x125g","p":3.5,"u":"2,33 €/KG","img":"https://fd2-photos.leclercdrive.fr/image.ashx?id=2441842&use=l&cat=p&typeid=i","cat":315000},{"id":7886,"n":"Diots fumés de Savoie NRT 4x90g","p":4.22,"u":"11,72 €/KG","img":"https://fd2-photos.leclercdrive.fr/image.ashx?id=2991467&use=l&cat=p&typeid=i","cat":316012},{"id":7889,"n":"Fromage Reblochon NRT AOP 240g","p":3.7,"u":"15,42 €/KG","img":"https://fd2-photos.leclercdrive.fr/image.ashx?id=2933337&use=l&cat=p&typeid=i","cat":314037},{"id":7972,"n":"Beurre Moulé Paysan Breton Doux - 82%MG - 250g","p":3.23,"u":"12,92 €/KG","img":"https://fd2-photos.leclercdrive.fr/image.ashx?id=2946943&use=l&cat=p&typeid=i","cat":284379},{"id":7993,"n":"Beurre d'escargot Rustica Ail et persil - 250g","p":3.49,"u":"13,96 €/KG","img":"https://fd2-photos.leclercdrive.fr/image.ashx?id=1915569&use=l&cat=p&typeid=i","cat":319775},{"id":7996,"n":"Poireaux Notre Jardin En rondelles 1kg","p":1.28,"u":"1,28 €/KG","img":"https://fd2-photos.leclercdrive.fr/image.ashx?id=2873123&use=l&cat=p&typeid=i","cat":319805},{"id":7997,"n":"Mascarpone Galbani 250g","p":2.53,"u":"10,12 €/KG","img":"https://fd2-photos.leclercdrive.fr/image.ashx?id=3009173&use=l&cat=p&typeid=i","cat":314026},{"id":8000,"n":"Cordon Bleu Poulet Père Dodu  Bacon de Dinde x2 - 200g","p":2.62,"u":"13,10 €/KG","img":"https://fd2-photos.leclercdrive.fr/image.ashx?id=2956987&use=l&cat=p&typeid=i","cat":333683},{"id":8003,"n":"Fromage Enfant Kiri Goûter 5 portions barquettes - 175g","p":2.12,"u":"12,11 €/KG","img":"https://fd2-photos.leclercdrive.fr/image.ashx?id=2972883&use=l&cat=p&typeid=i","cat":314030},{"id":8011,"n":"Crème glacée Menthe Eskiss Copeaux de Chocolat - 494g","p":2.79,"u":"5,65 €/KG","img":"https://fd2-photos.leclercdrive.fr/image.ashx?id=2982583&use=l&cat=p&typeid=i","cat":284263},{"id":8012,"n":"Friandises pour chien Lydog Biscuits fourrés Viande - 500g","p":1.29,"u":"2,58 €/KG","img":"https://fd2-photos.leclercdrive.fr/image.ashx?id=2191114&use=l&cat=p&typeid=i","cat":294527},{"id":8013,"n":"Friandises pour chien Lydog Biscuits croquants - 500g","p":1.29,"u":"2,58 €/KG","img":"https://fd2-photos.leclercdrive.fr/image.ashx?id=1954353&use=l&cat=p&typeid=i","cat":294527},{"id":8017,"n":"Pâtes Penne Regate Turini 500g","p":0.6,"u":"1,20 €/KG","img":"https://fd2-photos.leclercdrive.fr/image.ashx?id=2980776&use=l&cat=p&typeid=i","cat":284427},{"id":8027,"n":"Soupe Velouté Régal Soupe 10 légumes - 2x30cl","p":1.19,"u":"1,98 €/L","img":"https://fd2-photos.leclercdrive.fr/image.ashx?id=2607443&use=l&cat=p&typeid=i","cat":284462},{"id":8032,"n":"Nougat tendre de Montélimar NRT Barre 200g","p":3.99,"u":"19,95 €/KG","img":"https://fd2-photos.leclercdrive.fr/image.ashx?id=790530&use=l&cat=p&typeid=i","cat":304249},{"id":8033,"n":"Broyés du Poitou NRT Pur beurre - 280g","p":3.17,"u":"11,32 €/KG","img":"https://fd2-photos.leclercdrive.fr/image.ashx?id=2622284&use=l&cat=p&typeid=i","cat":284487},{"id":8121,"n":"Glace Cône Mini Smicy Vanille Chocolat x10 - 175g","p":2.49,"u":"14,23 €/KG","img":"https://fd2-photos.leclercdrive.fr/image.ashx?id=2698168&use=l&cat=p&typeid=i","cat":285250},{"id":8125,"n":"Spaghetti Frais Turini 350g","p":1.49,"u":"4,26 €/KG","img":"https://fd2-photos.leclercdrive.fr/image.ashx?id=2840470&use=l&cat=p&typeid=i","cat":333682},{"id":8129,"n":"Soupe Mouliné Régal Soupe 10 légumes variés - 2x30cl","p":1.45,"u":"2,42 €/L","img":"https://fd2-photos.leclercdrive.fr/image.ashx?id=2607476&use=l&cat=p&typeid=i","cat":284462},{"id":8136,"n":"Biscuits raisin GERBLE  - 4x5, 360g","p":1.52,"u":"4,22 €/KG","img":"https://fd2-photos.leclercdrive.fr/image.ashx?id=2578726&use=l&cat=p&typeid=i","cat":318651},{"id":8182,"n":"Mini Feuilletés Côté Table Saucisse x20 - 350g","p":4.19,"u":"11,97 €/KG","img":"https://fd2-photos.leclercdrive.fr/image.ashx?id=2622016&use=l&cat=p&typeid=i","cat":319774},{"id":8194,"n":"Fagots de haricots verts Notre Jardin x6 - 270g","p":3.99,"u":"14,78 €/KG","img":"https://fd2-photos.leclercdrive.fr/image.ashx?id=1510099&use=l&cat=p&typeid=i","cat":319805},{"id":8324,"n":"Tomates séchées Florelli 270g","p":3.25,"u":"12,04 €/KG","img":"https://fd2-photos.leclercdrive.fr/image.ashx?id=2633094&use=l&cat=p&typeid=i","cat":289010},{"id":8329,"n":"Crème de vinaigre de Modène Toscoro - 250ml","p":3.41,"u":"13,64 €/L","img":"https://fd2-photos.leclercdrive.fr/image.ashx?id=2767401&use=l&cat=p&typeid=i","cat":289010},{"id":8375,"n":"Sauce Déshydratée KNORR Aux Trois Poivres - 32g","p":0.66,"u":"23,57 €/KG","img":"https://fd2-photos.leclercdrive.fr/image.ashx?id=2875933&use=l&cat=p&typeid=i","cat":288381},{"id":8381,"n":"Soupe instantanée Royco  Bouillon à la Chinoise 3x200ml","p":1.48,"u":"31,49 €/KG","img":"https://fd2-photos.leclercdrive.fr/image.ashx?id=2650976&use=l&cat=p&typeid=i","cat":288992},{"id":8382,"n":"Pâtes spaghetti plat Panzani 500g","p":0.95,"u":"1,90 €/KG","img":"https://fd2-photos.leclercdrive.fr/image.ashx?id=2876041&use=l&cat=p&typeid=i","cat":284427},{"id":8383,"n":"Pâtes Coquillettes Panzani 3 Minutes - 500G","p":1.15,"u":"2,30 €/KG","img":"https://fd2-photos.leclercdrive.fr/image.ashx?id=2867945&use=l&cat=p&typeid=i","cat":284427},{"id":8392,"n":"Torti Weight Watchers St Jacques - 300g","p":4.01,"u":"13,37 €/KG","img":"https://fd2-photos.leclercdrive.fr/image.ashx?id=2610861&use=l&cat=p&typeid=i","cat":333665},{"id":8393,"n":"Escalope Milanaise Marie 300g","p":3.18,"u":"10,60 €/KG","img":"https://fd2-photos.leclercdrive.fr/image.ashx?id=2317408&use=l&cat=p&typeid=i","cat":333665},{"id":8394,"n":"Saucisse de Toulouse Marie Purée a l'Ancienne - 290g","p":3.35,"u":"11,55 €/KG","img":"https://fd2-photos.leclercdrive.fr/image.ashx?id=2317414&use=l&cat=p&typeid=i","cat":333665},{"id":8415,"n":"Pâtes coquillettes Turini Les 3 min - 500g","p":0.72,"u":"1,44 €/KG","img":"https://fd2-photos.leclercdrive.fr/image.ashx?id=2607461&use=l&cat=p&typeid=i","cat":284427},{"id":8419,"n":"Biscuits Crackers Tokapi Emmental - 100g","p":0.68,"u":"6,80 €/KG","img":"https://fd2-photos.leclercdrive.fr/image.ashx?id=2351226&use=l&cat=p&typeid=i","cat":297000},{"id":8424,"n":"Biscottes Heudebert  Fibres plus - 280g","p":2.0,"u":"7,14 €/KG","img":"https://fd2-photos.leclercdrive.fr/image.ashx?id=2679503&use=l&cat=p&typeid=i","cat":284479},{"id":8428,"n":"Biscuits sablés Granola Chocolat au lait - 225g","p":1.61,"u":"7,16 €/KG","img":"https://fd2-photos.leclercdrive.fr/image.ashx?id=2346675&use=l&cat=p&typeid=i","cat":284488},{"id":8433,"n":"Pâtes Coquillettes Panzani Prêt en 3 min - 1kg","p":2.15,"u":"2,15 €/KG","img":"https://fd2-photos.leclercdrive.fr/image.ashx?id=2896093&use=l&cat=p&typeid=i","cat":284427},{"id":8447,"n":"Pommes Pink Lady Barquette x6","p":3.95,"u":"0,66 €/P","img":"https://fd2-photos.leclercdrive.fr/image.ashx?id=2121671&use=l&cat=p&typeid=i","cat":284356},{"id":8474,"n":"Terrines Tous Mes Amis Les délices de la mer - 3x400g","p":3.69,"u":"3,08 €/KG","img":"https://fd2-photos.leclercdrive.fr/image.ashx?id=1671547&use=l&cat=p&typeid=i","cat":285601},{"id":8494,"n":"Biscuits déli matin P'tit Déli Chocolat/pépites - 600g","p":3.18,"u":"5,30 €/KG","img":"https://fd2-photos.leclercdrive.fr/image.ashx?id=2999496&use=l&cat=p&typeid=i","cat":284491},{"id":8504,"n":"Biscottes bio Bio Village Complètes x36 - 300g","p":2.2,"u":"7,33 €/KG","img":"https://fd2-photos.leclercdrive.fr/image.ashx?id=2590460&use=l&cat=p&typeid=i","cat":284479},{"id":8511,"n":"Haricots verts éboutés  500g","p":4.59,"u":"9,18 €/KG","img":"https://fd2-photos.leclercdrive.fr/image.ashx?id=752804&use=l&cat=p&typeid=i","cat":284352},{"id":8515,"n":"Bâtonnets Dentastix Pedigree Moyen chien x28 - 720g","p":6.95,"u":"9,65 €/KG","img":"https://fd2-photos.leclercdrive.fr/image.ashx?id=2980094&use=l&cat=p&typeid=i","cat":294527},{"id":8528,"n":"Sel fin La Baleine Iodé et fluoré - 750g","p":0.68,"u":"0,91 €/KG","img":"https://fd2-photos.leclercdrive.fr/image.ashx?id=2790612&use=l&cat=p&typeid=i","cat":284457},{"id":8535,"n":"Olives noires Rustica Entières - 225g","p":0.99,"u":"4,40 €/KG","img":"https://fd2-photos.leclercdrive.fr/image.ashx?id=2499076&use=l&cat=p&typeid=i","cat":284458},{"id":8536,"n":"Savon mains en crème Manava Perles d'oranger - 300ml","p":1.25,"u":"4,17 €/L","img":"https://fd2-photos.leclercdrive.fr/image.ashx?id=2935480&use=l&cat=p&typeid=i","cat":284597},{"id":8538,"n":"100% Pur jus d'orange Jafaden  Avec pulpe - 1L","p":1.99,"u":"1,99 €/L","img":"https://fd2-photos.leclercdrive.fr/image.ashx?id=2796043&use=l&cat=p&typeid=i","cat":284521},{"id":8539,"n":"Nectar Jafaden Pêche - 1L","p":1.99,"u":"1,99 €/L","img":"https://fd2-photos.leclercdrive.fr/image.ashx?id=2919607&use=l&cat=p&typeid=i","cat":284915},{"id":8540,"n":"Nectar Jafaden Fraise - 1L","p":2.63,"u":"2,63 €/L","img":"https://fd2-photos.leclercdrive.fr/image.ashx?id=2895768&use=l&cat=p&typeid=i","cat":284915},{"id":8541,"n":"Nectar Jafaden Mangue - 1L","p":2.15,"u":"2,15 €/L","img":"https://fd2-photos.leclercdrive.fr/image.ashx?id=2955710&use=l&cat=p&typeid=i","cat":284916},{"id":8553,"n":"Sauce Barbecue AMORA 490g","p":1.93,"u":"3,94 €/KG","img":"https://fd2-photos.leclercdrive.fr/image.ashx?id=2877298&use=l&cat=p&typeid=i","cat":318431},{"id":8559,"n":"Biscuits Bjorg Fourrés Chocolat noir bio 225g","p":2.84,"u":"12,62 €/KG","img":"https://fd2-photos.leclercdrive.fr/image.ashx?id=2970912&use=l&cat=p&typeid=i","cat":284488},{"id":8564,"n":"Pâtes Barilla  Linguine - 500g","p":1.07,"u":"2,14 €/KG","img":"https://fd2-photos.leclercdrive.fr/image.ashx?id=3004444&use=l&cat=p&typeid=i","cat":284427},{"id":8566,"n":"Chocolat noir Bio Village Bio -Dégustation 74% cacao 100g","p":1.59,"u":"15,90 €/KG","img":"https://fd2-photos.leclercdrive.fr/image.ashx?id=2045623&use=l&cat=p&typeid=i","cat":284956},{"id":8572,"n":"Tablette chocolat Côte d'Or Chocolat au lait - 200g","p":2.67,"u":"13,35 €/KG","img":"https://fd2-photos.leclercdrive.fr/image.ashx?id=2944362&use=l&cat=p&typeid=i","cat":284497},{"id":8576,"n":"Pâtes Barilla Torsades - 500g","p":0.94,"u":"1,88 €/KG","img":"https://fd2-photos.leclercdrive.fr/image.ashx?id=2392224&use=l&cat=p&typeid=i","cat":284427},{"id":8605,"n":"Liqueur Cointreau 40%vol. - 70cl","p":18.11,"u":"25,87 €/L","img":"https://fd2-photos.leclercdrive.fr/image.ashx?id=2998904&use=l&cat=p&typeid=i","cat":286032},{"id":8634,"n":"Cognac Courcel 40%vol - 20cl","p":5.99,"u":"29,95 €/L","img":"https://fd2-photos.leclercdrive.fr/image.ashx?id=2484035&use=l&cat=p&typeid=i","cat":286032},{"id":8637,"n":"AOP Muscadet blanc Reserve Fief Cognard - 75 Cl","p":4.43,"u":"5,91 €/L","img":"https://fd2-photos.leclercdrive.fr/image.ashx?id=1893739&use=l&cat=p&typeid=i","cat":289557},{"id":8640,"n":"Croque Baby Fromage Cité Marine MSC - 200g","p":2.4,"u":"12,00 €/KG","img":"https://fd2-photos.leclercdrive.fr/image.ashx?id=2844145&use=l&cat=p&typeid=i","cat":284344},{"id":8642,"n":"Dentifrice Dentamyl Anti-tartre 75ml","p":0.74,"u":"9,87 €/L","img":"https://fd2-photos.leclercdrive.fr/image.ashx?id=2489098&use=l&cat=p&typeid=i","cat":284612},{"id":8643,"n":"Amandes en poudre Tablier Blanc 125g","p":1.6,"u":"12,80 €/KG","img":"https://fd2-photos.leclercdrive.fr/image.ashx?id=2460577&use=l&cat=p&typeid=i","cat":284504},{"id":8645,"n":"Pepites de chocolat Tablier Blanc - 100g","p":1.43,"u":"14,30 €/KG","img":"https://fd2-photos.leclercdrive.fr/image.ashx?id=2723138&use=l&cat=p&typeid=i","cat":284504},{"id":8646,"n":"Noix de Coco Râpée  Tablier Blanc - 125g","p":1.41,"u":"11,28 €/KG","img":"https://fd2-photos.leclercdrive.fr/image.ashx?id=2460583&use=l&cat=p&typeid=i","cat":284504},{"id":8647,"n":"Gélatine alimentaire Tablier 9 feuilles - 17g","p":1.07,"u":"62,94 €/KG","img":"https://fd2-photos.leclercdrive.fr/image.ashx?id=2487446&use=l&cat=p&typeid=i","cat":284504},{"id":8648,"n":"Amandes effilées Tablier Blanc 125g","p":1.9,"u":"15,20 €/KG","img":"https://fd2-photos.leclercdrive.fr/image.ashx?id=2460586&use=l&cat=p&typeid=i","cat":284504},{"id":8649,"n":"Raisins Secs Tablier Blanc 250g","p":1.98,"u":"7,92 €/KG","img":"https://fd2-photos.leclercdrive.fr/image.ashx?id=2460589&use=l&cat=p&typeid=i","cat":284504},{"id":8651,"n":"Arôme naturel de vanille Tablier Blanc 20ml","p":1.15,"u":"57,50 €/L","img":"https://fd2-photos.leclercdrive.fr/image.ashx?id=2487452&use=l&cat=p&typeid=i","cat":284504},{"id":8672,"n":"Nappage Tablier Blanc Caramel - 210g","p":1.25,"u":"5,95 €/KG","img":"https://fd2-photos.leclercdrive.fr/image.ashx?id=2487455&use=l&cat=p&typeid=i","cat":284504},{"id":8675,"n":"Sucre Tablier Blanc 100 dosettes - 500g","p":2.31,"u":"4,62 €/KG","img":"https://fd2-photos.leclercdrive.fr/image.ashx?id=3010419&use=l&cat=p&typeid=i","cat":284502},{"id":8679,"n":"Truite fumée d'Aquitaine NRT x4 - 120g","p":5.26,"u":"43,83 €/KG","img":"https://fd2-photos.leclercdrive.fr/image.ashx?id=2663836&use=l&cat=p&typeid=i","cat":285188},{"id":8687,"n":"Fromage Emmental râpé NRT IGP Est-Central - 200g","p":3.49,"u":"17,45 €/KG","img":"https://fd2-photos.leclercdrive.fr/image.ashx?id=1662110&use=l&cat=p&typeid=i","cat":314035},{"id":8698,"n":"Assiette soir bébé bio Babybio Légumes riz - 12 mois - 230g","p":2.23,"u":"9,70 €/KG","img":"https://fd2-photos.leclercdrive.fr/image.ashx?id=2859356&use=l&cat=p&typeid=i","cat":312239},{"id":8741,"n":"Merguez Poulet Volandrie 300g","p":3.49,"u":"11,63 €/KG","img":"https://fd2-photos.leclercdrive.fr/image.ashx?id=2707558&use=l&cat=p&typeid=i","cat":284716},{"id":8742,"n":"Saucisse de volaille Volandrie x6 - 300g","p":3.49,"u":"11,63 €/KG","img":"https://fd2-photos.leclercdrive.fr/image.ashx?id=2120155&use=l&cat=p&typeid=i","cat":284716},{"id":8746,"n":"Sauce Beurre blanc Gastromer 200g","p":1.52,"u":"7,60 €/KG","img":"https://fd2-photos.leclercdrive.fr/image.ashx?id=2504653&use=l&cat=p&typeid=i","cat":284382},{"id":8754,"n":"Sacs congélation Elembal Moyen Zip 20 Sacs","p":1.49,"u":"0,07 €/P","img":"https://fd2-photos.leclercdrive.fr/image.ashx?id=2751886&use=l&cat=p&typeid=i","cat":334134},{"id":8782,"n":"Pommes Jonagored 2kg","p":3.99,"u":"2,00 €/KG","img":"https://fd2-photos.leclercdrive.fr/image.ashx?id=584789&use=l&cat=p&typeid=i","cat":284356},{"id":8784,"n":"Plat bébé Blédina 8 mois  Riz carotte jambon - 2x200g","p":2.65,"u":"6,63 €/KG","img":"https://fd2-photos.leclercdrive.fr/image.ashx?id=2975065&use=l&cat=p&typeid=i","cat":312236},{"id":8796,"n":"Saucisse fine de Lyon NRT 120g","p":1.85,"u":"15,42 €/KG","img":"https://fd2-photos.leclercdrive.fr/image.ashx?id=2743870&use=l&cat=p&typeid=i","cat":316012},{"id":8804,"n":"Brownie P'tit Déli Chocolat pépites 285g","p":1.85,"u":"6,49 €/KG","img":"https://fd2-photos.leclercdrive.fr/image.ashx?id=2663365&use=l&cat=p&typeid=i","cat":294776},{"id":8809,"n":"Galettes Bretonnes P'tit Déli Pur beurre 2x125g","p":1.45,"u":"5,80 €/KG","img":"https://fd2-photos.leclercdrive.fr/image.ashx?id=2847961&use=l&cat=p&typeid=i","cat":284487},{"id":8815,"n":"Crêpes dentelle Gavottes Chocolat au lait - 90g","p":1.96,"u":"21,78 €/KG","img":"https://fd2-photos.leclercdrive.fr/image.ashx?id=2582843&use=l&cat=p&typeid=i","cat":284490},{"id":8831,"n":"Nouille Alsacienne Lustucru 250g","p":0.93,"u":"3,72 €/KG","img":"https://fd2-photos.leclercdrive.fr/image.ashx?id=2503942&use=l&cat=p&typeid=i","cat":284427},{"id":8832,"n":"Pâtes Lustucru collerettes 250g","p":0.93,"u":"3,72 €/KG","img":"https://fd2-photos.leclercdrive.fr/image.ashx?id=1943562&use=l&cat=p&typeid=i","cat":284427},{"id":8842,"n":"Couscous poulet bœuf Garbit - 980g","p":4.3,"u":"4,39 €/KG","img":"https://fd2-photos.leclercdrive.fr/image.ashx?id=2677930&use=l&cat=p&typeid=i","cat":325094},{"id":8857,"n":"Café soluble Plantation Qualité filtre - x25 - 50g","p":2.09,"u":"41,80 €/KG","img":"https://fd2-photos.leclercdrive.fr/image.ashx?id=2834278&use=l&cat=p&typeid=i","cat":284843},{"id":8858,"n":"Café Soluble Plantation Décaféiné - x25 - 50g","p":2.28,"u":"45,60 €/KG","img":"https://fd2-photos.leclercdrive.fr/image.ashx?id=2834281&use=l&cat=p&typeid=i","cat":284843},{"id":8859,"n":"Café soluble Plantation Chicorée - 100g","p":2.35,"u":"23,50 €/KG","img":"https://fd2-photos.leclercdrive.fr/image.ashx?id=2856468&use=l&cat=p&typeid=i","cat":284843},{"id":8864,"n":"Pain de Mie Epi d'or - Nature Longue Conservation - 280g","p":0.74,"u":"2,64 €/KG","img":"https://fd2-photos.leclercdrive.fr/image.ashx?id=2993564&use=l&cat=p&typeid=i","cat":284477},{"id":8865,"n":"Toasts Brioches Epi D'Or x13 - 125g","p":0.94,"u":"7,52 €/KG","img":"https://fd2-photos.leclercdrive.fr/image.ashx?id=2896018&use=l&cat=p&typeid=i","cat":284479},{"id":8869,"n":"Riz complet Comptoir du Grain 10min - 500g","p":1.49,"u":"2,98 €/KG","img":"https://fd2-photos.leclercdrive.fr/image.ashx?id=2909386&use=l&cat=p&typeid=i","cat":284428},{"id":8870,"n":"Dés fromage Herbes de Provence Poivrons Les Croisés - 300g","p":2.11,"u":"7,03 €/KG","img":"https://fd2-photos.leclercdrive.fr/image.ashx?id=776166&use=l&cat=p&typeid=i","cat":314027},{"id":8879,"n":"Coq au Vin de Bergerac NRT 750g","p":4.99,"u":"6,65 €/KG","img":"https://fd2-photos.leclercdrive.fr/image.ashx?id=2723219&use=l&cat=p&typeid=i","cat":284441},{"id":8891,"n":"Soda Jean's Cola Bouteille - 6x1,5L","p":6.63,"u":"0,74 €/L","img":"https://fd2-photos.leclercdrive.fr/image.ashx?id=2637862&use=l&cat=p&typeid=i","cat":284530},{"id":8908,"n":"Crépes Fourrées P'tit Déli Céréales et chocolat x8 - 256g","p":1.81,"u":"7,07 €/KG","img":"https://fd2-photos.leclercdrive.fr/image.ashx?id=2656338&use=l&cat=p&typeid=i","cat":284494},{"id":8926,"n":"Fromage Emmental Paysan Berton Râpé lait pasteurisé 150g","p":1.64,"u":"10,93 €/KG","img":"https://fd2-photos.leclercdrive.fr/image.ashx?id=2975296&use=l&cat=p&typeid=i","cat":314035},{"id":8951,"n":"Eau minérale Source Amanda Naturelle 6x1,5L","p":2.46,"u":"0,27 €/L","img":"https://fd2-photos.leclercdrive.fr/image.ashx?id=2727629&use=l&cat=p&typeid=i","cat":284535},{"id":8963,"n":"Fromage à tartiner Madame Loïk Fouetté Ech. Ciboulette - 150g","p":1.64,"u":"10,93 €/KG","img":"https://fd2-photos.leclercdrive.fr/image.ashx?id=2986356&use=l&cat=p&typeid=i","cat":314029},{"id":8966,"n":"Biscuits chien Pedigree Biscrok - 500g","p":1.55,"u":"3,10 €/KG","img":"https://fd2-photos.leclercdrive.fr/image.ashx?id=2983456&use=l&cat=p&typeid=i","cat":294527},{"id":8968,"n":"Chocolat poudre Banania 400g","p":2.71,"u":"6,78 €/KG","img":"https://fd2-photos.leclercdrive.fr/image.ashx?id=2225276&use=l&cat=p&typeid=i","cat":293235},{"id":8970,"n":"Riz long blanc de Camargue NRT 500g","p":1.59,"u":"3,18 €/KG","img":"https://fd2-photos.leclercdrive.fr/image.ashx?id=2663803&use=l&cat=p&typeid=i","cat":284428},{"id":8972,"n":"Levure boulangère Tablier Blanc x6 - 30g","p":0.69,"u":"23,00 €/KG","img":"https://fd2-photos.leclercdrive.fr/image.ashx?id=2867904&use=l&cat=p&typeid=i","cat":294686},{"id":8977,"n":"Cacahuètes  Benenuts Grillées à sec - 200g","p":1.57,"u":"7,85 €/KG","img":"https://fd2-photos.leclercdrive.fr/image.ashx?id=2389616&use=l&cat=p&typeid=i","cat":284448},{"id":8987,"n":"Pâté Hénaff 156g","p":2.24,"u":"14,36 €/KG","img":"https://fd2-photos.leclercdrive.fr/image.ashx?id=2298361&use=l&cat=p&typeid=i","cat":305149},{"id":9033,"n":"Fromage Entremont Dégustation 45%mg - 250g","p":2.71,"u":"10,84 €/KG","img":"https://fd2-photos.leclercdrive.fr/image.ashx?id=2983168&use=l&cat=p&typeid=i","cat":314034},{"id":9035,"n":"Scotch Whisky Label 5 40%vol - 1L","p":17.66,"u":"17,66 €/L","img":"https://fd2-photos.leclercdrive.fr/image.ashx?id=2519714&use=l&cat=p&typeid=i","cat":284547},{"id":9055,"n":"Fondue 3 fromages Président  450g","p":4.75,"u":"10,56 €/KG","img":"https://fd2-photos.leclercdrive.fr/image.ashx?id=2632990&use=l&cat=p&typeid=i","cat":314037},{"id":9065,"n":"Fromage tartiflette Ermitage 27%mg - 500g","p":6.09,"u":"12,18 €/KG","img":"https://fd2-photos.leclercdrive.fr/image.ashx?id=2966011&use=l&cat=p&typeid=i","cat":314037},{"id":9077,"n":"Rillettes de Saumon Gastromer 150g","p":1.79,"u":"11,93 €/KG","img":"https://fd2-photos.leclercdrive.fr/image.ashx?id=1849216&use=l&cat=p&typeid=i","cat":285191},{"id":9078,"n":"Rillettes de Maquereau Gastomer 150g","p":1.79,"u":"11,93 €/KG","img":"https://fd2-photos.leclercdrive.fr/image.ashx?id=1849219&use=l&cat=p&typeid=i","cat":285191},{"id":9080,"n":"Fromage à Tartiner St Môret  Nature 9 Portions - 180g","p":2.2,"u":"12,22 €/KG","img":"https://fd2-photos.leclercdrive.fr/image.ashx?id=2763319&use=l&cat=p&typeid=i","cat":314029},{"id":9105,"n":"Pate Brisée Eco+ A dérouler - 230g","p":0.53,"u":"2,30 €/KG","img":"https://fd2-photos.leclercdrive.fr/image.ashx?id=2831565&use=l&cat=p&typeid=i","cat":333681},{"id":9110,"n":"Bûche de chèvre allégée Soignon Lait pasteurisé 29%mg - 180g","p":2.14,"u":"11,89 €/KG","img":"https://fd2-photos.leclercdrive.fr/image.ashx?id=2886987&use=l&cat=p&typeid=i","cat":314031},{"id":9124,"n":"Croquettes chiens Lydog Senior - 3kg","p":5.18,"u":"1,73 €/KG","img":"https://fd2-photos.leclercdrive.fr/image.ashx?id=2047025&use=l&cat=p&typeid=i","cat":284672},{"id":9130,"n":"Mouchoirs blancs 2 plis Caresse Boîte mouchoirs en papier -x110","p":1.33,"u":"0,01 €/P","img":"https://fd2-photos.leclercdrive.fr/image.ashx?id=2390416&use=l&cat=p&typeid=i","cat":284638},{"id":9131,"n":"Gel douche et shampooing Carré Homme Tonifiante - 250ml","p":1.27,"u":"5,08 €/L","img":"https://fd2-photos.leclercdrive.fr/image.ashx?id=2927848&use=l&cat=p&typeid=i","cat":284619},{"id":9132,"n":"Soda Pulp'Orange Canette - 6x33cl","p":3.19,"u":"1,61 €/L","img":"https://fd2-photos.leclercdrive.fr/image.ashx?id=2922406&use=l&cat=p&typeid=i","cat":284532},{"id":9138,"n":"Café soluble Plantation Chicorée - 250g","p":2.98,"u":"11,92 €/KG","img":"https://fd2-photos.leclercdrive.fr/image.ashx?id=2556379&use=l&cat=p&typeid=i","cat":284843},{"id":9161,"n":"Tarte aux poireaux Côté Table 2x130g","p":2.54,"u":"9,77 €/KG","img":"https://fd2-photos.leclercdrive.fr/image.ashx?id=2354707&use=l&cat=p&typeid=i","cat":333680},{"id":9164,"n":"Crevettes natures Pêche Océan 125g","p":3.99,"u":"31,92 €/KG","img":"https://fd2-photos.leclercdrive.fr/image.ashx?id=3015242&use=l&cat=p&typeid=i","cat":284343},{"id":9167,"n":"Fromage Edam Mimolette Les Croisés dés 150g","p":1.85,"u":"12,33 €/KG","img":"https://fd2-photos.leclercdrive.fr/image.ashx?id=2365472&use=l&cat=p&typeid=i","cat":314027},{"id":9170,"n":"Spaetzles d'Alsace NRT 250g","p":1.39,"u":"5,56 €/KG","img":"https://fd2-photos.leclercdrive.fr/image.ashx?id=2839962&use=l&cat=p&typeid=i","cat":284427},{"id":9171,"n":"Sablés aux Pommes NRT - 150g","p":1.99,"u":"13,27 €/KG","img":"https://fd2-photos.leclercdrive.fr/image.ashx?id=2856615&use=l&cat=p&typeid=i","cat":284487},{"id":9173,"n":"Ravioles Label Rouge NRT Dauphiné - 240g","p":2.99,"u":"12,46 €/KG","img":"https://fd2-photos.leclercdrive.fr/image.ashx?id=2704894&use=l&cat=p&typeid=i","cat":333682},{"id":9181,"n":"Chinois La Fournée Dorée Crème pâtissière - 600g","p":2.67,"u":"4,45 €/KG","img":"https://fd2-photos.leclercdrive.fr/image.ashx?id=2342090&use=l&cat=p&typeid=i","cat":293600},{"id":9183,"n":"Boules soufflées Tokapi Tomate - 42g","p":0.57,"u":"13,57 €/KG","img":"https://fd2-photos.leclercdrive.fr/image.ashx?id=2898832&use=l&cat=p&typeid=i","cat":284449},{"id":9223,"n":"Pâtes Capellini Turini 500g","p":0.85,"u":"1,70 €/KG","img":"https://fd2-photos.leclercdrive.fr/image.ashx?id=2607482&use=l&cat=p&typeid=i","cat":284427},{"id":9262,"n":"Matière grasse Rustica Tournesol -60%MG -Doux -500G","p":1.53,"u":"3,06 €/KG","img":"https://fd2-photos.leclercdrive.fr/image.ashx?id=2904553&use=l&cat=p&typeid=i","cat":315229},{"id":9265,"n":"Pêche poire ananas  Douceur du verger - 4x70g","p":2.59,"u":"9,25 €/KG","img":"https://fd2-photos.leclercdrive.fr/image.ashx?id=2349100&use=l&cat=p&typeid=i","cat":284507},{"id":9266,"n":"Ananas papaye mangue DDV Sirop léger - 4x70g","p":2.75,"u":"9,82 €/KG","img":"https://fd2-photos.leclercdrive.fr/image.ashx?id=2100775&use=l&cat=p&typeid=i","cat":284507},{"id":9276,"n":"Biscuits Sprits P'tit Déli Chocolat au lait - 150g","p":1.09,"u":"7,27 €/KG","img":"https://fd2-photos.leclercdrive.fr/image.ashx?id=2954746&use=l&cat=p&typeid=i","cat":284488},{"id":9435,"n":"AOP Champagne Mercier  Brut - 75cl","p":24.9,"u":"33,20 €/L","img":"https://fd2-photos.leclercdrive.fr/image.ashx?id=1867174&use=l&cat=p&typeid=i","cat":284542},{"id":9598,"n":"Nuggets Le Gaulois Extra croustillant x10 - 200g","p":2.16,"u":"10,80 €/KG","img":"https://fd2-photos.leclercdrive.fr/image.ashx?id=2645531&use=l&cat=p&typeid=i","cat":333684},{"id":9632,"n":"IGP Pays d'Oc rouge Les Ormes De Cambras 12.5% vol - 75cl","p":2.77,"u":"3,69 €/L","img":"https://fd2-photos.leclercdrive.fr/image.ashx?id=2445121&use=l&cat=p&typeid=i","cat":289556},{"id":9634,"n":"Scotch Whisky Baird's 40%vol - 1L","p":15.49,"u":"15,49 €/L","img":"https://fd2-photos.leclercdrive.fr/image.ashx?id=2907168&use=l&cat=p&typeid=i","cat":284547},{"id":9635,"n":"Rhum blanc Charrette 49%vol - 1L","p":15.32,"u":"15,32 €/L","img":"https://fd2-photos.leclercdrive.fr/image.ashx?id=1946417&use=l&cat=p&typeid=i","cat":284550},{"id":9638,"n":"AOC Rhum agricole blanc Dillon Martinique 55%vol - 1L","p":18.35,"u":"18,35 €/L","img":"https://fd2-photos.leclercdrive.fr/image.ashx?id=2650946&use=l&cat=p&typeid=i","cat":284550},{"id":9641,"n":"Whisky Ballantine's Finest Blended Scotch 40% vol - 1L","p":20.95,"pp":19.45,"u":"19,45 €/L","img":"https://fd2-photos.leclercdrive.fr/image.ashx?id=2816964&use=l&cat=p&typeid=i","cat":284547},{"id":9689,"n":"Muffin complet Epi d'Or x4 - 250g","p":1.7,"u":"6,80 €/KG","img":"https://fd2-photos.leclercdrive.fr/image.ashx?id=2939058&use=l&cat=p&typeid=i","cat":284985},{"id":9690,"n":"Carré à Langer Mots d'Enfants Jetables x10","p":4.1,"u":"0,41 €/P","img":"https://fd2-photos.leclercdrive.fr/image.ashx?id=3014191&use=l&cat=p&typeid=i","cat":284737},{"id":9708,"n":"Crème aux oeufs Délisse Vanille - 4x100g","p":1.49,"u":"3,73 €/KG","img":"https://fd2-photos.leclercdrive.fr/image.ashx?id=1956631&use=l&cat=p&typeid=i","cat":284419},{"id":9709,"n":"Mini brownies P'tit Déli Chocolat pépites x8 - 240g","p":1.49,"u":"6,21 €/KG","img":"https://fd2-photos.leclercdrive.fr/image.ashx?id=2888938&use=l&cat=p&typeid=i","cat":294776},{"id":9898,"n":"Culotte absorbante Chorys Taille L - x10","p":6.99,"u":"0,70 €/P","img":"https://fd2-photos.leclercdrive.fr/image.ashx?id=2623004&use=l&cat=p&typeid=i","cat":284628},{"id":9915,"n":"Oignons émincés Notre Jardin 1kg","p":1.75,"u":"1,75 €/KG","img":"https://fd2-photos.leclercdrive.fr/image.ashx?id=2873117&use=l&cat=p&typeid=i","cat":319805},{"id":9916,"n":"Epinards Notre Jardin Feuilles à cuire - 600g","p":1.35,"u":"2,25 €/KG","img":"https://fd2-photos.leclercdrive.fr/image.ashx?id=2916677&use=l&cat=p&typeid=i","cat":319805},{"id":9917,"n":"Whisky J&B Rare 40%vol - 1L","p":20.49,"u":"20,49 €/L","img":"https://fd2-photos.leclercdrive.fr/image.ashx?id=2497638&use=l&cat=p&typeid=i","cat":284547},{"id":9920,"n":"Riz rond blanc de Camargue NRT 500g","p":1.79,"u":"3,58 €/KG","img":"https://fd2-photos.leclercdrive.fr/image.ashx?id=2663839&use=l&cat=p&typeid=i","cat":284428},{"id":9933,"n":"Mouchoirs blancs 4 plis Caresse Mouchoirs papier - 24 étuis","p":2.51,"u":"0,10 €/P","img":"https://fd2-photos.leclercdrive.fr/image.ashx?id=2870017&use=l&cat=p&typeid=i","cat":284638},{"id":9937,"n":"Eau de source de Montagne Bouchon sport - 12x33cl","p":2.89,"u":"0,73 €/L","img":"https://fd2-photos.leclercdrive.fr/image.ashx?id=2909879&use=l&cat=p&typeid=i","cat":284535},{"id":10063,"n":"Whisky Bourbon Four Roses 40%vol - 1L","p":28.93,"u":"28,93 €/L","img":"https://fd2-photos.leclercdrive.fr/image.ashx?id=2929476&use=l&cat=p&typeid=i","cat":284547},{"id":10069,"n":"Gâteaux moelleux Pépito  Pépites de chocolat - 150g","p":1.2,"u":"8,00 €/KG","img":"https://fd2-photos.leclercdrive.fr/image.ashx?id=2374396&use=l&cat=p&typeid=i","cat":284495},{"id":10073,"n":"Tablette chocolat Bio Village Bio Chocolat au lait - 100g","p":1.89,"u":"18,90 €/KG","img":"https://fd2-photos.leclercdrive.fr/image.ashx?id=2861899&use=l&cat=p&typeid=i","cat":284497},{"id":10086,"n":"Fondants Autour du Dessert Chocolat x2 - 180g","p":1.99,"u":"11,06 €/KG","img":"https://fd2-photos.leclercdrive.fr/image.ashx?id=2886540&use=l&cat=p&typeid=i","cat":284267},{"id":10091,"n":"Filets maquereaux Pêche Océan Tomate basilic - 169g","p":1.46,"u":"8,64 €/KG","img":"https://fd2-photos.leclercdrive.fr/image.ashx?id=2394657&use=l&cat=p&typeid=i","cat":303868},{"id":10092,"n":"Palets de légumes Notre Jardin Courgettes Carottes - x8 300g","p":1.74,"u":"5,80 €/KG","img":"https://fd2-photos.leclercdrive.fr/image.ashx?id=2878711&use=l&cat=p&typeid=i","cat":319802},{"id":10093,"n":"Palets légumes Notre Jardin Poireaux Carottes - x8 300g","p":1.99,"u":"6,63 €/KG","img":"https://fd2-photos.leclercdrive.fr/image.ashx?id=2878708&use=l&cat=p&typeid=i","cat":319802},{"id":10114,"n":"Essuie-tout Uni Vert Compact Ecologique - x2","p":2.7,"u":"1,35 €/P","img":"https://fd2-photos.leclercdrive.fr/image.ashx?id=2571929&use=l&cat=p&typeid=i","cat":284635},{"id":10122,"n":"Mini gratins Côté Table Aux 3 légumes - x4 480g","p":3.12,"u":"6,50 €/KG","img":"https://fd2-photos.leclercdrive.fr/image.ashx?id=2074419&use=l&cat=p&typeid=i","cat":319802},{"id":10125,"n":"Rösti Pom'Lisse 600g","p":1.39,"u":"2,32 €/KG","img":"https://fd2-photos.leclercdrive.fr/image.ashx?id=2704648&use=l&cat=p&typeid=i","cat":319792},{"id":10126,"n":"Pomme de terre Patato Rigolo Pom'Lisse 750g","p":1.94,"u":"2,59 €/KG","img":"https://fd2-photos.leclercdrive.fr/image.ashx?id=2699672&use=l&cat=p&typeid=i","cat":319792},{"id":10154,"n":"Boules pralinées Jacquot Chocolat lait - 1kg","p":9.3,"u":"9,30 €/KG","img":"https://fd2-photos.leclercdrive.fr/image.ashx?id=2303300&use=l&cat=p&typeid=i","cat":327595},{"id":10163,"n":"Palets légumes Notre Jardin Choux-fleurs Brocolis - x8 300g","p":2.1,"u":"7,00 €/KG","img":"https://fd2-photos.leclercdrive.fr/image.ashx?id=2878714&use=l&cat=p&typeid=i","cat":319802},{"id":10192,"n":"Olives Vertes Tramier  Dénoyautées 160g","p":1.78,"u":"11,13 €/KG","img":"https://fd2-photos.leclercdrive.fr/image.ashx?id=2363829&use=l&cat=p&typeid=i","cat":284458},{"id":10211,"n":"Pâtes Nouilles Turini 1kg","p":1.35,"u":"1,35 €/KG","img":"https://fd2-photos.leclercdrive.fr/image.ashx?id=2980761&use=l&cat=p&typeid=i","cat":284427},{"id":10212,"n":"Rubans anti-mouches Insectivor x4","p":0.85,"u":"0,21 €/P","img":"https://fd2-photos.leclercdrive.fr/image.ashx?id=2555077&use=l&cat=p&typeid=i","cat":298368},{"id":10215,"n":"Sauce Basquaise Rustica Aux 2 poivrons - 400g","p":1.29,"u":"3,23 €/KG","img":"https://fd2-photos.leclercdrive.fr/image.ashx?id=2887398&use=l&cat=p&typeid=i","cat":287599},{"id":10217,"n":"Sauce Curry Rustica Légumes et lait de coco - 400g","p":1.31,"u":"3,28 €/KG","img":"https://fd2-photos.leclercdrive.fr/image.ashx?id=2887404&use=l&cat=p&typeid=i","cat":287599},{"id":10220,"n":"Tampons Doulys Compact Normal - x20","p":2.24,"u":"0,11 €/P","img":"https://fd2-photos.leclercdrive.fr/image.ashx?id=2965464&use=l&cat=p&typeid=i","cat":284626},{"id":10227,"n":"Mini gratins Côté Table Dauphinois - x4 480g","p":2.99,"u":"6,23 €/KG","img":"https://fd2-photos.leclercdrive.fr/image.ashx?id=2627640&use=l&cat=p&typeid=i","cat":319802},{"id":10231,"n":"Confiture Douceur du verger Framboises - Allégée - 340g","p":1.24,"u":"3,65 €/KG","img":"https://fd2-photos.leclercdrive.fr/image.ashx?id=2965473&use=l&cat=p&typeid=i","cat":284480},{"id":10232,"n":"Confiture Douceur du Verger Allégée Pêche 340g","p":1.32,"u":"3,88 €/KG","img":"https://fd2-photos.leclercdrive.fr/image.ashx?id=2965476&use=l&cat=p&typeid=i","cat":284480},{"id":10244,"n":"Thon entier Pêche Océan Naturel - 280g","p":3.72,"u":"13,29 €/KG","img":"https://fd2-photos.leclercdrive.fr/image.ashx?id=2941417&use=l&cat=p&typeid=i","cat":303867},{"id":10314,"n":"Crevettes cuites Delpierre 80/100 ASC - 200g","p":2.8,"u":"14,00 €/KG","img":"https://fd2-photos.leclercdrive.fr/image.ashx?id=1610405&use=l&cat=p&typeid=i","cat":284343},{"id":10324,"n":"Pommes de terre Bio Bio Village Vapeur et sautées  - 1.5kg","p":2.99,"u":"1,99 €/KG","img":"https://fd2-photos.leclercdrive.fr/image.ashx?id=2960535&use=l&cat=p&typeid=i","cat":284352},{"id":10344,"n":"Petit Beurre Pocket P'ti Déli 3x12 sachets 300g","p":1.68,"u":"5,60 €/KG","img":"https://fd2-photos.leclercdrive.fr/image.ashx?id=1965518&use=l&cat=p&typeid=i","cat":284487},{"id":10346,"n":"Vinaigrette allégée Rustica Balsamique huile d'olive - 50cl","p":2.49,"u":"4,98 €/L","img":"https://fd2-photos.leclercdrive.fr/image.ashx?id=1972913&use=l&cat=p&typeid=i","cat":284456},{"id":10348,"n":"Huile de noix Rustica 50cl","p":4.68,"u":"9,36 €/L","img":"https://fd2-photos.leclercdrive.fr/image.ashx?id=2523703&use=l&cat=p&typeid=i","cat":284453},{"id":10351,"n":"Sacs à couche Mots d'Enfant Parfumés - x50","p":1.6,"u":"0,03 €/P","img":"https://fd2-photos.leclercdrive.fr/image.ashx?id=1886564&use=l&cat=p&typeid=i","cat":284737},{"id":10398,"n":"Biscuit apéritif ancel Bretzels Maxi - 200g","p":0.76,"u":"3,80 €/KG","img":"https://fd2-photos.leclercdrive.fr/image.ashx?id=2991813&use=l&cat=p&typeid=i","cat":297000},{"id":10408,"n":"Boisson végétale Riz nature Bjorg Bio - 1L","p":1.97,"u":"1,97 €/L","img":"https://fd2-photos.leclercdrive.fr/image.ashx?id=2970915&use=l&cat=p&typeid=i","cat":316067},{"id":10417,"n":"AOP Fitou rouge Réserve Saint Esteve - 75cl","p":3.99,"pp":2.79,"u":"3,72 €/L","img":"https://fd2-photos.leclercdrive.fr/image.ashx?id=2407295&use=l&cat=p&typeid=i","cat":289556},{"id":10526,"n":"Pommes Noisettes McCain 1kg","p":2.96,"u":"2,96 €/KG","img":"https://fd2-photos.leclercdrive.fr/image.ashx?id=2911312&use=l&cat=p&typeid=i","cat":319792},{"id":10527,"n":"Pommes Rissolées McCain  1kg","p":2.68,"u":"2,68 €/KG","img":"https://fd2-photos.leclercdrive.fr/image.ashx?id=2911309&use=l&cat=p&typeid=i","cat":319792},{"id":10591,"n":"Spray vitrocéramique Clair 500ml","p":3.42,"u":"6,84 €/L","img":"https://fd2-photos.leclercdrive.fr/image.ashx?id=2860073&use=l&cat=p&typeid=i","cat":325363},{"id":10637,"n":"Crème entière Délisse Fluide - 30% MG - 2x25cl","p":2.72,"u":"5,44 €/L","img":"https://fd2-photos.leclercdrive.fr/image.ashx?id=3002560&use=l&cat=p&typeid=i","cat":284381},{"id":10638,"n":"Crème légère fluide UHT Délisse 12%mg - 2x25cl","p":2.36,"u":"4,72 €/L","img":"https://fd2-photos.leclercdrive.fr/image.ashx?id=3002563&use=l&cat=p&typeid=i","cat":284381},{"id":10641,"n":"Yaourts lait entier nature Bio Bio village - 4x125g","p":0.95,"u":"1,90 €/KG","img":"https://fd2-photos.leclercdrive.fr/image.ashx?id=2743831&use=l&cat=p&typeid=i","cat":284409},{"id":10655,"n":"IGP Pays d'Oc rouge Cabernet Sauvignon 12.5% vol - 75cl","p":2.77,"u":"3,69 €/L","img":"https://fd2-photos.leclercdrive.fr/image.ashx?id=2189904&use=l&cat=p&typeid=i","cat":289556},{"id":10674,"n":"Soda Coca-Cola Bouteille - 6x50cl","p":6.4,"u":"2,13 €/L","img":"https://fd2-photos.leclercdrive.fr/image.ashx?id=2885414&use=l&cat=p&typeid=i","cat":284530},{"id":10679,"n":"Pommes Golden du Limousin AOP Nos Régions ont du Talent - x4","p":2.49,"u":"0,62 €/P","img":"https://fd2-photos.leclercdrive.fr/image.ashx?id=2934814&use=l&cat=p&typeid=i","cat":284356},{"id":10697,"n":"Sardines huile olive Connétable Sans arrêtes 115g","p":2.83,"u":"24,61 €/KG","img":"https://fd2-photos.leclercdrive.fr/image.ashx?id=2139046&use=l&cat=p&typeid=i","cat":305146},{"id":10718,"n":"AOC Côtes du Marmandais rouge La Vieille Eglise - 75cl","p":3.55,"u":"4,73 €/L","img":"https://fd2-photos.leclercdrive.fr/image.ashx?id=2734801&use=l&cat=p&typeid=i","cat":289556},{"id":10720,"n":"Vin mousseux Charles Volner Demi-sec - 11%vol. - 75cl","p":4.21,"u":"5,61 €/L","img":"https://fd2-photos.leclercdrive.fr/image.ashx?id=1592055&use=l&cat=p&typeid=i","cat":284544},{"id":10727,"n":"IGP Pays d'oc blanc Roche Mazet Sauvignon 12% vol - 75 cl","p":3.06,"pp":2.29,"u":"3,05 €/L","img":"https://fd2-photos.leclercdrive.fr/image.ashx?id=2342024&use=l&cat=p&typeid=i","cat":289557},{"id":10731,"n":"Saucisses fraîches Hénaff Nature petites x5 - 277g","p":5.4,"u":"19,49 €/KG","img":"https://fd2-photos.leclercdrive.fr/image.ashx?id=2794499&use=l&cat=p&typeid=i","cat":284334},{"id":10753,"n":"Mousse au chocolat Marie Morin A l'ancienne - 100g","p":2.06,"u":"20,60 €/KG","img":"https://fd2-photos.leclercdrive.fr/image.ashx?id=2631684&use=l&cat=p&typeid=i","cat":284417},{"id":10766,"n":"Pain d'épices P'tit Déli 350g","p":1.81,"u":"5,17 €/KG","img":"https://fd2-photos.leclercdrive.fr/image.ashx?id=1938852&use=l&cat=p&typeid=i","cat":284493},{"id":10767,"n":"Riz cantonais Comptoir du Grain Express 2 min - 250g","p":1.19,"u":"4,76 €/KG","img":"https://fd2-photos.leclercdrive.fr/image.ashx?id=2441198&use=l&cat=p&typeid=i","cat":287600},{"id":10781,"n":"Chair de tomate Notre Jardin Nature - 400g","p":1.99,"u":"4,98 €/KG","img":"https://fd2-photos.leclercdrive.fr/image.ashx?id=2590436&use=l&cat=p&typeid=i","cat":312608},{"id":10785,"n":"Mogette cuisinée NRT De Vendée - 820g","p":3.01,"u":"3,67 €/KG","img":"https://fd2-photos.leclercdrive.fr/image.ashx?id=2771384&use=l&cat=p&typeid=i","cat":312606},{"id":10787,"n":"Huile de colza Bio Village Bio - 75cl","p":3.79,"u":"5,05 €/L","img":"https://fd2-photos.leclercdrive.fr/image.ashx?id=2989715&use=l&cat=p&typeid=i","cat":284453},{"id":10788,"n":"Moutarde de Dijon Bio Village Bio - 200g","p":1.54,"u":"7,70 €/KG","img":"https://fd2-photos.leclercdrive.fr/image.ashx?id=2607954&use=l&cat=p&typeid=i","cat":288850},{"id":10795,"n":"Moutarde de Dijon NRT À l'ancienne - 200g","p":1.39,"u":"6,95 €/KG","img":"https://fd2-photos.leclercdrive.fr/image.ashx?id=2644921&use=l&cat=p&typeid=i","cat":288850},{"id":10796,"n":"Terrine Côté Table Sanglier cognac - 180g","p":2.99,"u":"16,61 €/KG","img":"https://fd2-photos.leclercdrive.fr/image.ashx?id=2519423&use=l&cat=p&typeid=i","cat":305149},{"id":10927,"n":"Noix de cajou grilées Eco+ Salées - 125g","p":1.34,"u":"10,72 €/KG","img":"https://fd2-photos.leclercdrive.fr/image.ashx?id=2839815&use=l&cat=p&typeid=i","cat":284448},{"id":10928,"n":"Mélange Eco+ Graines et raisin - 200g","p":1.45,"u":"7,25 €/KG","img":"https://fd2-photos.leclercdrive.fr/image.ashx?id=2780713&use=l&cat=p&typeid=i","cat":284448},{"id":10929,"n":"Madeleines longues Eco+ 250g","p":0.89,"u":"3,56 €/KG","img":"https://fd2-photos.leclercdrive.fr/image.ashx?id=2875672&use=l&cat=p&typeid=i","cat":284492},{"id":10930,"n":"Chocolat pâtissier Eco+ Spécial dessert 200g","p":1.59,"u":"7,95 €/KG","img":"https://fd2-photos.leclercdrive.fr/image.ashx?id=2793140&use=l&cat=p&typeid=i","cat":285562},{"id":10932,"n":"Sauce tomate cuisinée Eco+ 420g","p":0.8,"u":"1,90 €/KG","img":"https://fd2-photos.leclercdrive.fr/image.ashx?id=2739715&use=l&cat=p&typeid=i","cat":288384},{"id":10933,"n":"Huile olive Eco+ Extra vierge - 1L","p":6.67,"u":"6,67 €/L","img":"https://fd2-photos.leclercdrive.fr/image.ashx?id=3002500&use=l&cat=p&typeid=i","cat":284453},{"id":10938,"n":"Barquette chien Eco+ Au boeuf - 300g","p":0.52,"u":"1,73 €/KG","img":"https://fd2-photos.leclercdrive.fr/image.ashx?id=2957545&use=l&cat=p&typeid=i","cat":284673},{"id":10955,"n":"Blocs WC Eco+ Eau bleue - x2","p":0.65,"u":"0,33 €/P","img":"https://fd2-photos.leclercdrive.fr/image.ashx?id=2856115&use=l&cat=p&typeid=i","cat":284662},{"id":10979,"n":"Haricots Verts Bonduelle Extra-fins 1kg","p":2.76,"u":"2,76 €/KG","img":"https://fd2-photos.leclercdrive.fr/image.ashx?id=2876152&use=l&cat=p&typeid=i","cat":319805},{"id":10994,"n":"Gâteaux P'tit Déli Pépites de chocolat 10x30g","p":1.89,"u":"6,30 €/KG","img":"https://fd2-photos.leclercdrive.fr/image.ashx?id=1947354&use=l&cat=p&typeid=i","cat":284495},{"id":11003,"n":"Compote Douceur du Verger Coupelle pomme poire - 4x100g","p":1.34,"u":"3,35 €/KG","img":"https://fd2-photos.leclercdrive.fr/image.ashx?id=1961440&use=l&cat=p&typeid=i","cat":284508},{"id":11037,"n":"Sauce tomate Italienne Zapetti - 3x190g","p":3.23,"u":"5,67 €/KG","img":"https://fd2-photos.leclercdrive.fr/image.ashx?id=2579975&use=l&cat=p&typeid=i","cat":288384},{"id":11046,"n":"Duo de riz Camargue Bio village Bio  - 500g","p":3.9,"u":"7,80 €/KG","img":"https://fd2-photos.leclercdrive.fr/image.ashx?id=2477008&use=l&cat=p&typeid=i","cat":284428},{"id":11070,"n":"Soupe instantanée Royco  Oignons & Croûtons - 4x200ml","p":1.48,"u":"18,50 €/KG","img":"https://fd2-photos.leclercdrive.fr/image.ashx?id=2650985&use=l&cat=p&typeid=i","cat":293527},{"id":11079,"n":"Brioches fourrées Epi d'Or Chocolat x8 - 310g","p":1.64,"u":"5,29 €/KG","img":"https://fd2-photos.leclercdrive.fr/image.ashx?id=2860730&use=l&cat=p&typeid=i","cat":293505},{"id":11153,"n":"Truite fumée Ovive Pyrénées 4 tranches - 120g","p":5.89,"u":"49,08 €/KG","img":"https://fd2-photos.leclercdrive.fr/image.ashx?id=2887848&use=l&cat=p&typeid=i","cat":285188},{"id":11175,"n":"Plat bébé soir Blédiner 8 mois Risotto courgette - 2x200g","p":2.27,"u":"5,68 €/KG","img":"https://fd2-photos.leclercdrive.fr/image.ashx?id=2921043&use=l&cat=p&typeid=i","cat":312239},{"id":11178,"n":"Plat bébé soir Blédiner 12 mois Pâtes tomate courgette - 2x200g","p":2.21,"u":"5,53 €/KG","img":"https://fd2-photos.leclercdrive.fr/image.ashx?id=2902966&use=l&cat=p&typeid=i","cat":312239},{"id":11225,"n":"AOP Blaye Côtes de Bordeaux vin rouge Chantet Blanet - BIB 3L","p":11.99,"u":"4,00 €/L","img":"https://fd2-photos.leclercdrive.fr/image.ashx?id=2780719&use=l&cat=p&typeid=i","cat":289560},{"id":11292,"n":"AOC Clairette de Die Jaillance Esprit de terroirTradition 75cl","p":5.95,"u":"7,93 €/L","img":"https://fd2-photos.leclercdrive.fr/image.ashx?id=2453499&use=l&cat=p&typeid=i","cat":284545},{"id":11308,"n":"Couscous Tipiak - Grain moyen Prêt en 4 min - 1kg","p":1.67,"u":"1,67 €/KG","img":"https://fd2-photos.leclercdrive.fr/image.ashx?id=2947826&use=l&cat=p&typeid=i","cat":284429},{"id":11309,"n":"Fromage de Brebis Le Brebiou  Des Pyrénées - 180g","p":3.01,"u":"16,72 €/KG","img":"https://fd2-photos.leclercdrive.fr/image.ashx?id=2472855&use=l&cat=p&typeid=i","cat":314031},{"id":11310,"n":"Crème Chantilly Isigny Ste Mère Sucrée et vanillée - 250g","p":2.37,"u":"9,48 €/KG","img":"https://fd2-photos.leclercdrive.fr/image.ashx?id=3004384&use=l&cat=p&typeid=i","cat":284382},{"id":11365,"n":"Crème aux oeufs La Laitière Vanille - 4x100g","p":1.76,"u":"4,40 €/KG","img":"https://fd2-photos.leclercdrive.fr/image.ashx?id=3007987&use=l&cat=p&typeid=i","cat":284419},{"id":11386,"n":"Saucisse de Toulouse Socopa x4 400g","p":3.77,"u":"9,43 €/KG","img":"https://fd2-photos.leclercdrive.fr/image.ashx?id=2264689&use=l&cat=p&typeid=i","cat":284334},{"id":11391,"n":"Crème caramel Bonne Maman Aux oeufs frais - 4x100g","p":2.15,"u":"5,38 €/KG","img":"https://fd2-photos.leclercdrive.fr/image.ashx?id=1987563&use=l&cat=p&typeid=i","cat":284419},{"id":11455,"n":"Pasta Box Sodebo Tortellini Ricotta Épinards - 280g","p":2.67,"u":"9,54 €/KG","img":"https://fd2-photos.leclercdrive.fr/image.ashx?id=2919778&use=l&cat=p&typeid=i","cat":334983},{"id":11464,"n":"Pointe de brie Président Crémeux - 200g","p":1.99,"u":"9,95 €/KG","img":"https://fd2-photos.leclercdrive.fr/image.ashx?id=2029841&use=l&cat=p&typeid=i","cat":314033},{"id":11465,"n":"Beurre La Motte Président Demi-sel - 80%MG - 250g","p":3.19,"u":"12,76 €/KG","img":"https://fd2-photos.leclercdrive.fr/image.ashx?id=2896970&use=l&cat=p&typeid=i","cat":284379},{"id":11478,"n":"Ma Pièmontaise jambon Pierre Martinet - 500g","p":2.94,"u":"5,88 €/KG","img":"https://fd2-photos.leclercdrive.fr/image.ashx?id=2873937&use=l&cat=p&typeid=i","cat":333657},{"id":11481,"n":"Salade Coleslaw Pierre Martinet Chou et carottes rapées - 500g","p":2.21,"u":"4,42 €/KG","img":"https://fd2-photos.leclercdrive.fr/image.ashx?id=2733076&use=l&cat=p&typeid=i","cat":333657},{"id":11509,"n":"Feuille de brick Tablier Blanc 8 feuilles - 136g","p":0.77,"u":"5,66 €/KG","img":"https://fd2-photos.leclercdrive.fr/image.ashx?id=1938558&use=l&cat=p&typeid=i","cat":333681},{"id":11527,"n":"Essuie-tout blanc Mimosa Super absorbant - x6","p":3.74,"u":"0,62 €/P","img":"https://fd2-photos.leclercdrive.fr/image.ashx?id=2401882&use=l&cat=p&typeid=i","cat":284635},{"id":11561,"n":"Boisson sans alcool D'Artigny Classic - 75cl","p":3.2,"u":"4,27 €/L","img":"https://fd2-photos.leclercdrive.fr/image.ashx?id=2804430&use=l&cat=p&typeid=i","cat":289460},{"id":11587,"n":"Papier toilette Mimosa Rose - Ultra doux - x12","p":2.82,"u":"0,24 €/P","img":"https://fd2-photos.leclercdrive.fr/image.ashx?id=2448303&use=l&cat=p&typeid=i","cat":284634},{"id":11878,"n":"AOC Bordeaux vin rouge Chantet Blanet - BIB 3L","p":9.99,"u":"3,33 €/L","img":"https://fd2-photos.leclercdrive.fr/image.ashx?id=2708456&use=l&cat=p&typeid=i","cat":289560},{"id":11880,"n":"AOC Vouvray brut Les Caractères - 75cl","p":5.99,"u":"7,99 €/L","img":"https://fd2-photos.leclercdrive.fr/image.ashx?id=2801043&use=l&cat=p&typeid=i","cat":284544},{"id":11881,"n":"AOP Vouvray demi-sec Les Caractères - 75cl","p":5.99,"u":"7,99 €/L","img":"https://fd2-photos.leclercdrive.fr/image.ashx?id=2800264&use=l&cat=p&typeid=i","cat":284544},{"id":11885,"n":"Fruits au sirop St Mamet Cocktail avec son jus - 3x125g","p":3.82,"u":"10,19 €/KG","img":"https://fd2-photos.leclercdrive.fr/image.ashx?id=2628440&use=l&cat=p&typeid=i","cat":284507},{"id":11886,"n":"IGP Pays d'Oc Gris vin rosé Rives & Terrasses 12.5% BIB 3L","p":8.49,"u":"2,83 €/L","img":"https://fd2-photos.leclercdrive.fr/image.ashx?id=2909383&use=l&cat=p&typeid=i","cat":289560},{"id":11900,"n":"Arôme naturel de vanille Vahiné 20ml","p":2.43,"u":"121,50 €/L","img":"https://fd2-photos.leclercdrive.fr/image.ashx?id=2559766&use=l&cat=p&typeid=i","cat":284504},{"id":11902,"n":"Arôme amande amère Vahiné 20ml","p":1.24,"u":"62,00 €/L","img":"https://fd2-photos.leclercdrive.fr/image.ashx?id=2559769&use=l&cat=p&typeid=i","cat":284504},{"id":11903,"n":"Arôme naturel de citron Vahiné 20ml","p":1.34,"u":"67,00 €/L","img":"https://fd2-photos.leclercdrive.fr/image.ashx?id=2559772&use=l&cat=p&typeid=i","cat":284504},{"id":12000,"n":"Couscous Comptoir du Grain Grain moyen - 5x100g","p":0.84,"u":"1,68 €/KG","img":"https://fd2-photos.leclercdrive.fr/image.ashx?id=3012815&use=l&cat=p&typeid=i","cat":284429},{"id":12078,"n":"Pâte à tartiner Nustikao 400g","p":1.83,"u":"4,58 €/KG","img":"https://fd2-photos.leclercdrive.fr/image.ashx?id=2856411&use=l&cat=p&typeid=i","cat":284481},{"id":12102,"n":"Roquette Notre Jardin  - 125g","p":1.42,"u":"11,36 €/KG","img":"https://fd2-photos.leclercdrive.fr/image.ashx?id=2720157&use=l&cat=p&typeid=i","cat":284353},{"id":12131,"n":"Crème coco Suzi Wan 200ml","p":1.28,"u":"6,40 €/L","img":"https://fd2-photos.leclercdrive.fr/image.ashx?id=2886250&use=l&cat=p&typeid=i","cat":288992},{"id":12152,"n":"Oeufs frais Bio Matines Plein Air - x6","p":2.56,"u":"0,43 €/P","img":"https://fd2-photos.leclercdrive.fr/image.ashx?id=2432307&use=l&cat=p&typeid=i","cat":284378},{"id":12170,"n":"AOP Bordeaux rosé Baron de Lestac - 75cl","p":3.95,"u":"5,27 €/L","img":"https://fd2-photos.leclercdrive.fr/image.ashx?id=2179368&use=l&cat=p&typeid=i","cat":289558},{"id":12236,"n":"Spaghetti d'Alsace NRT 250g","p":1.39,"u":"5,56 €/KG","img":"https://fd2-photos.leclercdrive.fr/image.ashx?id=2839983&use=l&cat=p&typeid=i","cat":284427},{"id":12242,"n":"Rillettes de saumon MSC Ronde des mers - 150g","p":1.99,"u":"13,27 €/KG","img":"https://fd2-photos.leclercdrive.fr/image.ashx?id=2552424&use=l&cat=p&typeid=i","cat":285191},{"id":12243,"n":"Rillettes de thon MSC Ronde des mers - 150g","p":1.99,"u":"13,27 €/KG","img":"https://fd2-photos.leclercdrive.fr/image.ashx?id=2644873&use=l&cat=p&typeid=i","cat":285191},{"id":12249,"n":"Torsades d'Alsace NRT 250g","p":1.39,"u":"5,56 €/KG","img":"https://fd2-photos.leclercdrive.fr/image.ashx?id=2839980&use=l&cat=p&typeid=i","cat":284427},{"id":12259,"n":"Fromage Mimolette vieille NRT  Label Rouge  - 200g","p":3.65,"u":"18,25 €/KG","img":"https://fd2-photos.leclercdrive.fr/image.ashx?id=2934829&use=l&cat=p&typeid=i","cat":314034},{"id":12261,"n":"Double concentré tomates Turini 3X70g","p":2.15,"u":"10,24 €/KG","img":"https://fd2-photos.leclercdrive.fr/image.ashx?id=3012394&use=l&cat=p&typeid=i","cat":288384},{"id":12342,"n":"Sucettes Chupa Chups Fresh cola - 192g","p":2.29,"u":"11,93 €/KG","img":"https://fd2-photos.leclercdrive.fr/image.ashx?id=2149489&use=l&cat=p&typeid=i","cat":304252},{"id":12362,"n":"Thon entier Pêche Océan Naturel - 2x140g","p":3.75,"u":"13,39 €/KG","img":"https://fd2-photos.leclercdrive.fr/image.ashx?id=2943629&use=l&cat=p&typeid=i","cat":303867},{"id":12363,"n":"Thon entier Pêche Océan Naturel - 3x93g","p":3.99,"u":"14,30 €/KG","img":"https://fd2-photos.leclercdrive.fr/image.ashx?id=2499486&use=l&cat=p&typeid=i","cat":303867},{"id":12365,"n":"Couscous royal Côté Table Volaille et merguez 980g","p":3.69,"u":"3,77 €/KG","img":"https://fd2-photos.leclercdrive.fr/image.ashx?id=2977144&use=l&cat=p&typeid=i","cat":325094},{"id":12373,"n":"Moutarde Rustica Mi-forte - 415g","p":1.27,"u":"3,06 €/KG","img":"https://fd2-photos.leclercdrive.fr/image.ashx?id=1961437&use=l&cat=p&typeid=i","cat":288850},{"id":12374,"n":"Purée de tomates Turini 3x200g","p":1.19,"u":"1,98 €/KG","img":"https://fd2-photos.leclercdrive.fr/image.ashx?id=2174684&use=l&cat=p&typeid=i","cat":288384},{"id":12376,"n":"Pâtes Alphabet Turini 500g","p":0.99,"u":"1,98 €/KG","img":"https://fd2-photos.leclercdrive.fr/image.ashx?id=2980800&use=l&cat=p&typeid=i","cat":284427},{"id":12391,"n":"Sirop Frucci Fraise - 1L","p":3.5,"u":"3,50 €/L","img":"https://fd2-photos.leclercdrive.fr/image.ashx?id=2954076&use=l&cat=p&typeid=i","cat":295020},{"id":12396,"n":"100% Pur jus de tomate Jafaden - 4x20cl","p":2.32,"u":"2,90 €/L","img":"https://fd2-photos.leclercdrive.fr/image.ashx?id=2562858&use=l&cat=p&typeid=i","cat":284523},{"id":12397,"n":"Vin mousseux d'Union Européenne Brut Blazer - 75 cl","p":3.15,"u":"4,20 €/L","img":"https://fd2-photos.leclercdrive.fr/image.ashx?id=2623950&use=l&cat=p&typeid=i","cat":284544},{"id":12399,"n":"Apéritif anisé Cantanis Sans alcool - 1L","p":2.25,"u":"2,25 €/L","img":"https://fd2-photos.leclercdrive.fr/image.ashx?id=2520011&use=l&cat=p&typeid=i","cat":284549},{"id":12402,"n":"Crème de mûres Auguste Muniot 15%vol. - 50cl","p":4.58,"u":"9,16 €/L","img":"https://fd2-photos.leclercdrive.fr/image.ashx?id=2541525&use=l&cat=p&typeid=i","cat":286032},{"id":12422,"n":"Jus de citron vert Rustica 2x12,5cll","p":1.31,"u":"5,24 €/L","img":"https://fd2-photos.leclercdrive.fr/image.ashx?id=2974789&use=l&cat=p&typeid=i","cat":288383},{"id":12438,"n":"Vinaigre Balsamique MAILLE Velours de Modène - 25cl","p":3.3,"u":"13,20 €/L","img":"https://fd2-photos.leclercdrive.fr/image.ashx?id=2889994&use=l&cat=p&typeid=i","cat":298543},{"id":12453,"n":"Soda Jean's Cola sans Caféine Zéro - Bouteille - 1,5L","p":0.96,"u":"0,64 €/L","img":"https://fd2-photos.leclercdrive.fr/image.ashx?id=2637865&use=l&cat=p&typeid=i","cat":284530},{"id":12464,"n":"Soda Jean's Cola Zéro Bouteille - 1,5L","p":0.45,"u":"0,30 €/L","img":"https://fd2-photos.leclercdrive.fr/image.ashx?id=2637883&use=l&cat=p&typeid=i","cat":284530},{"id":12467,"n":"Jus multifruits Jafaden Pur jus - 1L","p":1.99,"u":"1,99 €/L","img":"https://fd2-photos.leclercdrive.fr/image.ashx?id=2958705&use=l&cat=p&typeid=i","cat":284917},{"id":12469,"n":"100% Pur jus d'orange Jafaden  Sans pulpe - 1L","p":1.99,"u":"1,99 €/L","img":"https://fd2-photos.leclercdrive.fr/image.ashx?id=2842477&use=l&cat=p&typeid=i","cat":284521},{"id":12470,"n":"Pur Jus de raisin Bio Village Bio - 1L","p":2.29,"u":"2,29 €/L","img":"https://fd2-photos.leclercdrive.fr/image.ashx?id=2901518&use=l&cat=p&typeid=i","cat":284915},{"id":12471,"n":"Thon entier Pêche Océan Huile de tournesol - 160g","p":1.63,"u":"10,19 €/KG","img":"https://fd2-photos.leclercdrive.fr/image.ashx?id=2941399&use=l&cat=p&typeid=i","cat":303867},{"id":12477,"n":"Cassoulet Saucisse de Toulouse Côté Table - 420g","p":2.11,"u":"5,02 €/KG","img":"https://fd2-photos.leclercdrive.fr/image.ashx?id=2977861&use=l&cat=p&typeid=i","cat":284440},{"id":12501,"n":"Café soluble Plantation Sélection - 200g","p":4.53,"u":"22,65 €/KG","img":"https://fd2-photos.leclercdrive.fr/image.ashx?id=2834266&use=l&cat=p&typeid=i","cat":284843},{"id":12506,"n":"Marshmallows Copains Copines Vanille 300g","p":1.25,"u":"4,17 €/KG","img":"https://fd2-photos.leclercdrive.fr/image.ashx?id=2934646&use=l&cat=p&typeid=i","cat":304250},{"id":12513,"n":"Cornichons Maille Malossol A la russe 440g","p":3.56,"u":"8,09 €/KG","img":"https://fd2-photos.leclercdrive.fr/image.ashx?id=2076023&use=l&cat=p&typeid=i","cat":284458},{"id":12527,"n":"Chocolat Pâtissier Tablette dOr Noir - 200g","p":1.79,"u":"8,95 €/KG","img":"https://fd2-photos.leclercdrive.fr/image.ashx?id=2723356&use=l&cat=p&typeid=i","cat":285562},{"id":12529,"n":"Moutarde de Dijon Rustica  195g","p":1.25,"u":"6,41 €/KG","img":"https://fd2-photos.leclercdrive.fr/image.ashx?id=2954334&use=l&cat=p&typeid=i","cat":288850},{"id":12534,"n":"Café moulu Plantation  Fruité & délicat déca - 250g","p":3.69,"u":"14,76 €/KG","img":"https://fd2-photos.leclercdrive.fr/image.ashx?id=2856402&use=l&cat=p&typeid=i","cat":284750},{"id":12555,"n":"Mogette cuite au naturel NRT De Vendée - 530g","p":3.19,"u":"6,02 €/KG","img":"https://fd2-photos.leclercdrive.fr/image.ashx?id=2771025&use=l&cat=p&typeid=i","cat":312606},{"id":12557,"n":"Vinaigrette Rustica Echalote - 50cl","p":1.27,"u":"2,54 €/L","img":"https://fd2-photos.leclercdrive.fr/image.ashx?id=1972901&use=l&cat=p&typeid=i","cat":284456},{"id":12564,"n":"Châtaignes Notre Jardin Entières - 420g","p":5.09,"u":"12,12 €/KG","img":"https://fd2-photos.leclercdrive.fr/image.ashx?id=1965527&use=l&cat=p&typeid=i","cat":312612},{"id":12565,"n":"Haricots beurre Notre Jardin Extra fins - 220g","p":1.88,"u":"8,55 €/KG","img":"https://fd2-photos.leclercdrive.fr/image.ashx?id=2988039&use=l&cat=p&typeid=i","cat":312606},{"id":12566,"n":"Sel régénérant Eco+ 4kg","p":2.04,"u":"0,51 €/KG","img":"https://fd2-photos.leclercdrive.fr/image.ashx?id=2865236&use=l&cat=p&typeid=i","cat":284657},{"id":12573,"n":"Eponges Mamison salle de bain Décorées x2","p":0.99,"u":"0,50 €/P","img":"https://fd2-photos.leclercdrive.fr/image.ashx?id=2199055&use=l&cat=p&typeid=i","cat":284667},{"id":12581,"n":"Soupe Déshydratée Thaï KNORR Nouilles & Champignons - 70cl","p":1.31,"u":"1,87 €/L","img":"https://fd2-photos.leclercdrive.fr/image.ashx?id=2772554&use=l&cat=p&typeid=i","cat":284463},{"id":12584,"n":"Pain grillé bio Bio Village Blé complet x12 - 250g","p":1.77,"u":"7,08 €/KG","img":"https://fd2-photos.leclercdrive.fr/image.ashx?id=2619749&use=l&cat=p&typeid=i","cat":284479},{"id":12587,"n":"Compote Douceur du Verger Gourdes multivariétés - 12x90g","p":3.93,"u":"3,64 €/KG","img":"https://fd2-photos.leclercdrive.fr/image.ashx?id=2837036&use=l&cat=p&typeid=i","cat":284508},{"id":12588,"n":"Sel régénérant Visior Lave-vaisselle - 4x1kg","p":2.69,"u":"0,67 €/KG","img":"https://fd2-photos.leclercdrive.fr/image.ashx?id=2463401&use=l&cat=p&typeid=i","cat":284657},{"id":12591,"n":"Soupe déshydratée Knorr 9 légumes - 75cl","p":0.89,"u":"1,19 €/L","img":"https://fd2-photos.leclercdrive.fr/image.ashx?id=2790585&use=l&cat=p&typeid=i","cat":284463},{"id":12593,"n":"Soupe déshydratée Knorr 9 légumes - 105g","p":0.92,"u":"8,76 €/KG","img":"https://fd2-photos.leclercdrive.fr/image.ashx?id=2875930&use=l&cat=p&typeid=i","cat":284463},{"id":12601,"n":"Oignon Rustica Coupés - 100g","p":2.14,"u":"21,40 €/KG","img":"https://fd2-photos.leclercdrive.fr/image.ashx?id=2365466&use=l&cat=p&typeid=i","cat":319804},{"id":12602,"n":"Ciboulette Rustica Coupé - 50g","p":1.65,"u":"33,00 €/KG","img":"https://fd2-photos.leclercdrive.fr/image.ashx?id=2365460&use=l&cat=p&typeid=i","cat":319804},{"id":12605,"n":"Cornichons Maille Le Mini 210g","p":2.76,"u":"13,14 €/KG","img":"https://fd2-photos.leclercdrive.fr/image.ashx?id=2877310&use=l&cat=p&typeid=i","cat":284458},{"id":12606,"n":"Marmite bouillon Knorr Poule - 224g","p":2.03,"u":"9,06 €/KG","img":"https://fd2-photos.leclercdrive.fr/image.ashx?id=2960288&use=l&cat=p&typeid=i","cat":288379},{"id":12611,"n":"Crozets au Sarrasin NRT 400g","p":2.3,"u":"5,75 €/KG","img":"https://fd2-photos.leclercdrive.fr/image.ashx?id=2856220&use=l&cat=p&typeid=i","cat":284427},{"id":12669,"n":"Sauce Burger AMORA 260g","p":1.53,"u":"5,88 €/KG","img":"https://fd2-photos.leclercdrive.fr/image.ashx?id=2893853&use=l&cat=p&typeid=i","cat":318431},{"id":12670,"n":"Basilic Rustica Coupé - 50g","p":1.69,"u":"33,80 €/KG","img":"https://fd2-photos.leclercdrive.fr/image.ashx?id=2365463&use=l&cat=p&typeid=i","cat":319804},{"id":12674,"n":"Nids d'Alsace NRT 250g","p":1.39,"u":"5,56 €/KG","img":"https://fd2-photos.leclercdrive.fr/image.ashx?id=2839968&use=l&cat=p&typeid=i","cat":284427},{"id":12685,"n":"Biscuit P'tit Beurres chocolait P'tit Déli 268g","p":2.69,"u":"10,04 €/KG","img":"https://fd2-photos.leclercdrive.fr/image.ashx?id=2473975&use=l&cat=p&typeid=i","cat":284488},{"id":12706,"n":"Dentifrice Dentamyl Soin complet 75ml","p":0.76,"u":"10,13 €/L","img":"https://fd2-photos.leclercdrive.fr/image.ashx?id=2276480&use=l&cat=p&typeid=i","cat":284612},{"id":12729,"n":"Pânés poulet Le Gaulois x2 -  200g","p":2.13,"u":"10,65 €/KG","img":"https://fd2-photos.leclercdrive.fr/image.ashx?id=2261660&use=l&cat=p&typeid=i","cat":333684},{"id":12733,"n":"Bacon Herta superposé x15 150g","p":2.06,"u":"13,73 €/KG","img":"https://fd2-photos.leclercdrive.fr/image.ashx?id=2889325&use=l&cat=p&typeid=i","cat":316007},{"id":12739,"n":"Friand viande Côté Table 2x110g","p":1.65,"u":"7,50 €/KG","img":"https://fd2-photos.leclercdrive.fr/image.ashx?id=2820436&use=l&cat=p&typeid=i","cat":333671},{"id":12752,"n":"Filet Poulet blanc LR X2  IGP Volailles du Maine  - 240g","p":6.69,"u":"27,88 €/KG","img":"https://fd2-photos.leclercdrive.fr/image.ashx?id=2250558&use=l&cat=p&typeid=i","cat":284336},{"id":12772,"n":"Boisson Jafaden Cranberry - 1L","p":1.92,"u":"1,92 €/L","img":"https://fd2-photos.leclercdrive.fr/image.ashx?id=2591394&use=l&cat=p&typeid=i","cat":284915},{"id":12794,"n":"Foie gras Pierre de Chaumeyrac IGP Entier du Sud Ouest - 240g","p":20.9,"u":"87,08 €/KG","img":"https://fd2-photos.leclercdrive.fr/image.ashx?id=2995986&use=l&cat=p&typeid=i","cat":316008},{"id":12816,"n":"Dentifrice blancheur Dentamyl Soin complet 75ml","p":0.98,"u":"13,07 €/L","img":"https://fd2-photos.leclercdrive.fr/image.ashx?id=2489110&use=l&cat=p&typeid=i","cat":284612},{"id":12916,"n":"Infusion bio Bio Village Digestion x20 - 30g","p":1.55,"u":"51,67 €/KG","img":"https://fd2-photos.leclercdrive.fr/image.ashx?id=2961710&use=l&cat=p&typeid=i","cat":293234},{"id":12965,"n":"Crêpes dentelles chocolat NRT 100g","p":1.82,"u":"18,20 €/KG","img":"https://fd2-photos.leclercdrive.fr/image.ashx?id=2770265&use=l&cat=p&typeid=i","cat":284490},{"id":13296,"n":"Flageolets verts Jean Nicolas Extra fins - 265g","p":1.31,"u":"4,94 €/KG","img":"https://fd2-photos.leclercdrive.fr/image.ashx?id=2429800&use=l&cat=p&typeid=i","cat":312606},{"id":13342,"n":"Thon entier Le Savoureux Huile d'olive - 160g","p":3.33,"u":"20,81 €/KG","img":"https://fd2-photos.leclercdrive.fr/image.ashx?id=2960159&use=l&cat=p&typeid=i","cat":303867},{"id":13425,"n":"Beurre Moulé Paysan Breton Demi-sel - 80% MG - 500g","p":6.25,"u":"12,50 €/KG","img":"https://fd2-photos.leclercdrive.fr/image.ashx?id=2774499&use=l&cat=p&typeid=i","cat":284379},{"id":13428,"n":"Beurre Moulé Paysan Breton Demi-sel - 80% MG - 125g","p":1.69,"u":"13,52 €/KG","img":"https://fd2-photos.leclercdrive.fr/image.ashx?id=2939766&use=l&cat=p&typeid=i","cat":284379},{"id":13429,"n":"Mini-beurre Paysan Breton Demi-sel x20 - 82%MG - 200g","p":3.08,"u":"15,40 €/KG","img":"https://fd2-photos.leclercdrive.fr/image.ashx?id=2774571&use=l&cat=p&typeid=i","cat":284379},{"id":13434,"n":"Dessert Empresure Malo Chocolat - 4x125g","p":1.75,"u":"3,50 €/KG","img":"https://fd2-photos.leclercdrive.fr/image.ashx?id=2842684&use=l&cat=p&typeid=i","cat":285041},{"id":13440,"n":"Purée de fruit NATURNES Fruits du verger 6M+ - 4x130g","p":2.2,"u":"4,23 €/KG","img":"https://fd2-photos.leclercdrive.fr/image.ashx?id=2478387&use=l&cat=p&typeid=i","cat":312388},{"id":13464,"n":"Tripoux aveyronnais NRT 400g","p":5.46,"u":"13,65 €/KG","img":"https://fd2-photos.leclercdrive.fr/image.ashx?id=2723225&use=l&cat=p&typeid=i","cat":284441},{"id":13503,"n":"Biscottes bio Bio Village Au germe de blé x36 - 300g","p":1.99,"u":"6,63 €/KG","img":"https://fd2-photos.leclercdrive.fr/image.ashx?id=2634881&use=l&cat=p&typeid=i","cat":284479},{"id":13559,"n":"Thé breakfast Britley 50 sachets - 100g","p":1.22,"u":"12,20 €/KG","img":"https://fd2-photos.leclercdrive.fr/image.ashx?id=2854225&use=l&cat=p&typeid=i","cat":293233},{"id":13570,"n":"Andouillettes de Troyes NRT 3x150g","p":4.99,"u":"11,09 €/KG","img":"https://fd2-photos.leclercdrive.fr/image.ashx?id=2753508&use=l&cat=p&typeid=i","cat":316012},{"id":13589,"n":"Fromage Brillat Savarin NRT  IGP - 200g","p":3.39,"u":"16,95 €/KG","img":"https://fd2-photos.leclercdrive.fr/image.ashx?id=2771064&use=l&cat=p&typeid=i","cat":329558},{"id":13604,"n":"Poissons panés au fromage Pêche Océan MSC - 180g","p":1.89,"u":"10,50 €/KG","img":"https://fd2-photos.leclercdrive.fr/image.ashx?id=2953608&use=l&cat=p&typeid=i","cat":284344},{"id":13605,"n":"Panés de colin Pêche Océan Colin d'Alaska - 200g","p":1.99,"u":"9,95 €/KG","img":"https://fd2-photos.leclercdrive.fr/image.ashx?id=2953605&use=l&cat=p&typeid=i","cat":284344},{"id":13639,"n":"Nougat tendre de Montélimar NRT  sachet 200g","p":3.49,"u":"17,45 €/KG","img":"https://fd2-photos.leclercdrive.fr/image.ashx?id=1072714&use=l&cat=p&typeid=i","cat":304249},{"id":13643,"n":"Biscuits nappés Bio Village Bio Chocolat au lait 200g","p":2.43,"u":"12,15 €/KG","img":"https://fd2-photos.leclercdrive.fr/image.ashx?id=1937516&use=l&cat=p&typeid=i","cat":284488},{"id":13646,"n":"Rochers Equador Chocolat noir x7 245g","p":2.49,"u":"10,16 €/KG","img":"https://fd2-photos.leclercdrive.fr/image.ashx?id=2842483&use=l&cat=p&typeid=i","cat":327600},{"id":13648,"n":"Biscuit Croc Break P'tit Déli Lait et goût chocolat - 300g","p":1.24,"u":"4,13 €/KG","img":"https://fd2-photos.leclercdrive.fr/image.ashx?id=719346&use=l&cat=p&typeid=i","cat":284488},{"id":13663,"n":"Mini-crêpes fourrées Tokapi  Comté - 65g","p":1.96,"u":"30,15 €/KG","img":"https://fd2-photos.leclercdrive.fr/image.ashx?id=2853892&use=l&cat=p&typeid=i","cat":297000},{"id":13678,"n":"Croûtons salade Epi d'Or Ail et fines herbes - 60g","p":0.6,"u":"10,00 €/KG","img":"https://fd2-photos.leclercdrive.fr/image.ashx?id=2606040&use=l&cat=p&typeid=i","cat":284464},{"id":13679,"n":"Croûtons salade Epi d'Or Nature - 60g","p":0.6,"u":"10,00 €/KG","img":"https://fd2-photos.leclercdrive.fr/image.ashx?id=2607909&use=l&cat=p&typeid=i","cat":284464},{"id":13681,"n":"Pâté pur porc Côtés Table 2 Foie 1 campagne - 3x78g","p":1.9,"u":"8,12 €/KG","img":"https://fd2-photos.leclercdrive.fr/image.ashx?id=2518505&use=l&cat=p&typeid=i","cat":305149},{"id":13682,"n":"Pâté de campagne Côté Table Pur porc - 3x78g","p":1.85,"u":"7,91 €/KG","img":"https://fd2-photos.leclercdrive.fr/image.ashx?id=2478763&use=l&cat=p&typeid=i","cat":305149},{"id":13683,"n":"Pâté de foie Côté Table Pur porc - 3x78g","p":1.99,"u":"8,50 €/KG","img":"https://fd2-photos.leclercdrive.fr/image.ashx?id=2518502&use=l&cat=p&typeid=i","cat":305149},{"id":13684,"n":"Bouillon de légumes Rustica Cubes - 12x10g","p":0.67,"u":"5,58 €/KG","img":"https://fd2-photos.leclercdrive.fr/image.ashx?id=1753198&use=l&cat=p&typeid=i","cat":288379},{"id":13685,"n":"Bouillon de volaille Rustica Cubes - 12x10g","p":0.8,"u":"6,67 €/KG","img":"https://fd2-photos.leclercdrive.fr/image.ashx?id=1880027&use=l&cat=p&typeid=i","cat":288379},{"id":13689,"n":"Pop corn caramélisé Tokapi 100g","p":0.71,"u":"7,10 €/KG","img":"https://fd2-photos.leclercdrive.fr/image.ashx?id=2920175&use=l&cat=p&typeid=i","cat":304249},{"id":13692,"n":"Mini-flûtes feuilletéesTokapi Romarin - 100g","p":1.4,"u":"14,00 €/KG","img":"https://fd2-photos.leclercdrive.fr/image.ashx?id=2374052&use=l&cat=p&typeid=i","cat":297000},{"id":13694,"n":"Riz long Comptoir du Grain 500g","p":1.47,"u":"2,94 €/KG","img":"https://fd2-photos.leclercdrive.fr/image.ashx?id=2886534&use=l&cat=p&typeid=i","cat":284428},{"id":13696,"n":"Soufflés Snack's Tokapi Cacahuète - 90g","p":0.47,"u":"5,22 €/KG","img":"https://fd2-photos.leclercdrive.fr/image.ashx?id=2677026&use=l&cat=p&typeid=i","cat":284449},{"id":13698,"n":"Légumes couscous Notre Jardin 400g","p":1.43,"u":"3,58 €/KG","img":"https://fd2-photos.leclercdrive.fr/image.ashx?id=2854216&use=l&cat=p&typeid=i","cat":312612},{"id":13700,"n":"Gaufrettes fourrées Tokapi Fromage - 75g","p":0.95,"u":"12,67 €/KG","img":"https://fd2-photos.leclercdrive.fr/image.ashx?id=2067929&use=l&cat=p&typeid=i","cat":297000},{"id":13701,"n":"Riz Thaï Comptoir du Grain Sélection Riz long - 500g","p":1.79,"u":"3,58 €/KG","img":"https://fd2-photos.leclercdrive.fr/image.ashx?id=2565610&use=l&cat=p&typeid=i","cat":284428},{"id":13715,"n":"Croquettes chat Purina One Stérilisé - Boeuf/Blé-1.5kg","p":6.65,"u":"4,43 €/KG","img":"https://fd2-photos.leclercdrive.fr/image.ashx?id=2488040&use=l&cat=p&typeid=i","cat":284680},{"id":13719,"n":"Croquettes chat Purina One Adulte - Poulet/Céréales -1.5kg","p":6.3,"u":"4,20 €/KG","img":"https://fd2-photos.leclercdrive.fr/image.ashx?id=2537682&use=l&cat=p&typeid=i","cat":284680},{"id":13731,"n":"Barquettes chats Gourmet Gold Les mousselines - 12x85g","p":5.34,"u":"5,24 €/KG","img":"https://fd2-photos.leclercdrive.fr/image.ashx?id=2967046&use=l&cat=p&typeid=i","cat":285286},{"id":13733,"n":"Barquettes chats Gourmet Gold Les terrines - 12x85g","p":5.65,"u":"5,54 €/KG","img":"https://fd2-photos.leclercdrive.fr/image.ashx?id=2979069&use=l&cat=p&typeid=i","cat":285286},{"id":13770,"n":"Croissants surgelés Epi d'Or Cuisson four - 6x60g","p":2.58,"u":"7,17 €/KG","img":"https://fd2-photos.leclercdrive.fr/image.ashx?id=2900088&use=l&cat=p&typeid=i","cat":284267},{"id":13776,"n":"Mouchoirs blancs 3 plis Caresse Boîte - x110","p":1.35,"u":"0,01 €/P","img":"https://fd2-photos.leclercdrive.fr/image.ashx?id=2858784&use=l&cat=p&typeid=i","cat":284638},{"id":13777,"n":"Lingettes bébé Eco+ Epaisses - x72","p":0.72,"u":"0,01 €/P","img":"https://fd2-photos.leclercdrive.fr/image.ashx?id=2874672&use=l&cat=p&typeid=i","cat":284738},{"id":13788,"n":"Après-shampooing Vitanove Extra color - 200ml","p":1.38,"u":"6,90 €/L","img":"https://fd2-photos.leclercdrive.fr/image.ashx?id=2618302&use=l&cat=p&typeid=i","cat":284607},{"id":13975,"n":"Salade Notre Jardin Mâche - 200g","p":1.52,"u":"7,60 €/KG","img":"https://fd2-photos.leclercdrive.fr/image.ashx?id=2718799&use=l&cat=p&typeid=i","cat":284353},{"id":13977,"n":"Salade Notre Jardin Coeurs de laitue - 320g","p":1.58,"u":"4,94 €/KG","img":"https://fd2-photos.leclercdrive.fr/image.ashx?id=2720142&use=l&cat=p&typeid=i","cat":284353},{"id":13979,"n":"Haricots verts Bonduelle Extra fins - 1.2kg","p":2.49,"u":"2,08 €/KG","img":"https://fd2-photos.leclercdrive.fr/image.ashx?id=2837292&use=l&cat=p&typeid=i","cat":319805},{"id":13992,"n":"Recharge savon mains Manava Gel lavande - 250ml","p":0.69,"u":"2,76 €/L","img":"https://fd2-photos.leclercdrive.fr/image.ashx?id=2935477&use=l&cat=p&typeid=i","cat":284597},{"id":13998,"n":"Pâte feuilletée Eco+ A dérouler - 230g","p":0.53,"u":"2,30 €/KG","img":"https://fd2-photos.leclercdrive.fr/image.ashx?id=2794178&use=l&cat=p&typeid=i","cat":333681},{"id":14006,"n":"Jambon de Vendée IGP NRT 2x90g","p":3.95,"u":"21,94 €/KG","img":"https://fd2-photos.leclercdrive.fr/image.ashx?id=2991482&use=l&cat=p&typeid=i","cat":316007},{"id":14018,"n":"Chocolat Pâtissier Tablette dOr Noir corsé - 64% cacao - 200g","p":2.09,"u":"10,45 €/KG","img":"https://fd2-photos.leclercdrive.fr/image.ashx?id=2602349&use=l&cat=p&typeid=i","cat":285562},{"id":14027,"n":"Lingettes Hygiène intime Doulys x20","p":1.8,"img":"https://fd2-photos.leclercdrive.fr/image.ashx?id=1760077&use=l&cat=p&typeid=i","cat":284627},{"id":14038,"n":"Cassoulet au confit canard NRT - 420g","p":2.75,"u":"6,55 €/KG","img":"https://fd2-photos.leclercdrive.fr/image.ashx?id=2723222&use=l&cat=p&typeid=i","cat":284440},{"id":14050,"n":"Rhum blanc Réunion 49%vol NRT 1L","p":14.62,"u":"14,62 €/L","img":"https://fd2-photos.leclercdrive.fr/image.ashx?id=1208791&use=l&cat=p&typeid=i","cat":284550},{"id":14051,"n":"Confiture extra bio Bio Village Myrtilles - 370g","p":2.29,"u":"6,19 €/KG","img":"https://fd2-photos.leclercdrive.fr/image.ashx?id=2965620&use=l&cat=p&typeid=i","cat":284480},{"id":14063,"n":"Préparation NRT Agrumes de Corse - 315g","p":2.82,"u":"8,95 €/KG","img":"https://fd2-photos.leclercdrive.fr/image.ashx?id=779352&use=l&cat=p&typeid=i","cat":284480},{"id":14064,"n":"Préparation NRT Abricots d'Occitanie - 315g","p":2.87,"u":"9,11 €/KG","img":"https://fd2-photos.leclercdrive.fr/image.ashx?id=2590466&use=l&cat=p&typeid=i","cat":284480},{"id":14068,"n":"Miel Nid d'Abeille A tartiner - 500 g","p":3.19,"u":"6,38 €/KG","img":"https://fd2-photos.leclercdrive.fr/image.ashx?id=2693120&use=l&cat=p&typeid=i","cat":287643},{"id":14075,"n":"Lait de coco Tables du monde 400ml","p":1.52,"u":"3,80 €/L","img":"https://fd2-photos.leclercdrive.fr/image.ashx?id=1960758&use=l&cat=p&typeid=i","cat":288992},{"id":14081,"n":"Ratatouille Bio Village Bio A la provençale - 650g","p":2.35,"u":"3,62 €/KG","img":"https://fd2-photos.leclercdrive.fr/image.ashx?id=2762513&use=l&cat=p&typeid=i","cat":312612},{"id":14082,"n":"Miel de fleurs bio Bio Village 500g","p":4.99,"u":"9,98 €/KG","img":"https://fd2-photos.leclercdrive.fr/image.ashx?id=2348265&use=l&cat=p&typeid=i","cat":287643},{"id":14084,"n":"Confiture bio Bio Village Oranges - 370g","p":2.26,"u":"6,11 €/KG","img":"https://fd2-photos.leclercdrive.fr/image.ashx?id=2965623&use=l&cat=p&typeid=i","cat":284480},{"id":14087,"n":"Quenelles de veau Coté Table Sauce financière 400g","p":1.85,"u":"4,63 €/KG","img":"https://fd2-photos.leclercdrive.fr/image.ashx?id=2977864&use=l&cat=p&typeid=i","cat":284441},{"id":14094,"n":"Confiture pêches de vigne NRT De la Valée du Rhône - 315g","p":3.03,"u":"9,62 €/KG","img":"https://fd2-photos.leclercdrive.fr/image.ashx?id=2657286&use=l&cat=p&typeid=i","cat":284480},{"id":14099,"n":"Spray nettoyant Eco+ avec Javel 750ml","p":0.87,"u":"1,16 €/L","img":"https://fd2-photos.leclercdrive.fr/image.ashx?id=2837003&use=l&cat=p&typeid=i","cat":325357},{"id":14111,"n":"Houmous Tables du Monde 200g","p":1.43,"u":"7,15 €/KG","img":"https://fd2-photos.leclercdrive.fr/image.ashx?id=2872258&use=l&cat=p&typeid=i","cat":315999},{"id":14114,"n":"Brosse à dents Dentamyl Médium x4","p":0.99,"u":"0,25 €/P","img":"https://fd2-photos.leclercdrive.fr/image.ashx?id=2790922&use=l&cat=p&typeid=i","cat":284614},{"id":14118,"n":"Carottes râpées Eco+ Assaisonnées - 500g","p":0.84,"u":"1,68 €/KG","img":"https://fd2-photos.leclercdrive.fr/image.ashx?id=2042397&use=l&cat=p&typeid=i","cat":333657},{"id":14122,"n":"Bâtonnets crâbe Eco+ x24 - 400g","p":1.25,"u":"3,13 €/KG","img":"https://fd2-photos.leclercdrive.fr/image.ashx?id=3001193&use=l&cat=p&typeid=i","cat":285189},{"id":14124,"n":"Rosette pur porc Eco+ 12 tranches - 150g","p":1.24,"u":"8,27 €/KG","img":"https://fd2-photos.leclercdrive.fr/image.ashx?id=2728222&use=l&cat=p&typeid=i","cat":316007},{"id":14126,"n":"Lasagnes bolognaise Eco+ 1kg","p":3.31,"u":"3,31 €/KG","img":"https://fd2-photos.leclercdrive.fr/image.ashx?id=2814842&use=l&cat=p&typeid=i","cat":333666},{"id":14131,"n":"Désodorisant Visior Lave-vaisselle Citron - x2","p":1.29,"u":"0,65 €/P","img":"https://fd2-photos.leclercdrive.fr/image.ashx?id=2951119&use=l&cat=p&typeid=i","cat":284657},{"id":14132,"n":"Bloc wc javel Syphon 2x40g","p":1.46,"u":"18,25 €/KG","img":"https://fd2-photos.leclercdrive.fr/image.ashx?id=2302540&use=l&cat=p&typeid=i","cat":284662},{"id":14135,"n":"Brosse à dents Eco+ Médium x2","p":0.23,"u":"0,12 €/P","img":"https://fd2-photos.leclercdrive.fr/image.ashx?id=2783783&use=l&cat=p&typeid=i","cat":284614},{"id":14140,"n":"Savon extra-doux Manava Douceur d'amande 6x100g","p":3.16,"u":"5,27 €/KG","img":"https://fd2-photos.leclercdrive.fr/image.ashx?id=2331312&use=l&cat=p&typeid=i","cat":284597},{"id":14144,"n":"Lingettes bébé Mots d'Enfants Débarbouillantes - x40","p":1.47,"u":"0,04 €/P","img":"https://fd2-photos.leclercdrive.fr/image.ashx?id=2856471&use=l&cat=p&typeid=i","cat":284738},{"id":14155,"n":"Gnocchi Turini à poêler 300g","p":0.89,"u":"2,97 €/KG","img":"https://fd2-photos.leclercdrive.fr/image.ashx?id=2606810&use=l&cat=p&typeid=i","cat":333682},{"id":14158,"n":"Fromage Mystère du Prieuré Lait pasteurisé - 340g","p":2.65,"u":"7,79 €/KG","img":"https://fd2-photos.leclercdrive.fr/image.ashx?id=2900085&use=l&cat=p&typeid=i","cat":329184},{"id":14164,"n":"Roquefort AOP Eco+ Lait cru brebis 150g","p":2.16,"u":"14,40 €/KG","img":"https://fd2-photos.leclercdrive.fr/image.ashx?id=2966629&use=l&cat=p&typeid=i","cat":314032},{"id":14165,"n":"Crème de soin cheveux Vitanove Boucles sans rinçage 200ml","p":1.29,"u":"6,45 €/L","img":"https://fd2-photos.leclercdrive.fr/image.ashx?id=1947997&use=l&cat=p&typeid=i","cat":284608},{"id":14167,"n":"Brosse à dents Dentamyl Extra souple x1","p":0.85,"img":"https://fd2-photos.leclercdrive.fr/image.ashx?id=2790925&use=l&cat=p&typeid=i","cat":284614},{"id":14170,"n":"Nettoyant lave-vaisselle Visior 250ml","p":2.65,"u":"10,60 €/L","img":"https://fd2-photos.leclercdrive.fr/image.ashx?id=776479&use=l&cat=p&typeid=i","cat":284657},{"id":14183,"n":"Lame de rasoir Siliss 3 lames - x4","p":3.58,"img":"https://fd2-photos.leclercdrive.fr/image.ashx?id=2699414&use=l&cat=p&typeid=i","cat":325352},{"id":14187,"n":"Masque réparateur Vitanove Secs abîmés cassants 300ml","p":2.64,"u":"8,80 €/L","img":"https://fd2-photos.leclercdrive.fr/image.ashx?id=2856275&use=l&cat=p&typeid=i","cat":284608},{"id":14190,"n":"Savon mains en crème Manava nourrissante à l'amande - 300ml","p":0.9,"u":"3,00 €/L","img":"https://fd2-photos.leclercdrive.fr/image.ashx?id=2935471&use=l&cat=p&typeid=i","cat":284597},{"id":14218,"n":"Dentifrice enfant Dentamyl Bubble gum - 3 à 6 ans - 50ml","p":0.89,"u":"17,80 €/L","img":"https://fd2-photos.leclercdrive.fr/image.ashx?id=2075185&use=l&cat=p&typeid=i","cat":288898},{"id":14219,"n":"Dentifrice enfant Dentamyl Menthe - 7 à 13 ans - 75ml","p":0.74,"u":"9,87 €/L","img":"https://fd2-photos.leclercdrive.fr/image.ashx?id=2489113&use=l&cat=p&typeid=i","cat":288898},{"id":14223,"n":"Dépoussiérant meubles Clair Multi-surfaces 300ml","p":1.03,"u":"3,43 €/L","img":"https://fd2-photos.leclercdrive.fr/image.ashx?id=2856681&use=l&cat=p&typeid=i","cat":325364},{"id":14224,"n":"Gel wc Syphon surpuissant 750ml","p":1.07,"u":"1,43 €/L","img":"https://fd2-photos.leclercdrive.fr/image.ashx?id=2558790&use=l&cat=p&typeid=i","cat":284662},{"id":14236,"n":"Jambon cru Eco+ 8 tranches - 150g","p":1.77,"u":"11,80 €/KG","img":"https://fd2-photos.leclercdrive.fr/image.ashx?id=2917638&use=l&cat=p&typeid=i","cat":316007},{"id":14243,"n":"Pain de mie nature Epi d'Or Grandes tranches - 825g","p":1.59,"u":"1,93 €/KG","img":"https://fd2-photos.leclercdrive.fr/image.ashx?id=2860724&use=l&cat=p&typeid=i","cat":284477},{"id":14260,"n":"Crottin Chavignol NRT AOP  Fromage de chèvre - 2x60g","p":3.75,"u":"31,25 €/KG","img":"https://fd2-photos.leclercdrive.fr/image.ashx?id=2519432&use=l&cat=p&typeid=i","cat":314031},{"id":14271,"n":"Crème de marrons NRT De l'Ardèche - 325g","p":3.03,"u":"9,32 €/KG","img":"https://fd2-photos.leclercdrive.fr/image.ashx?id=1173619&use=l&cat=p&typeid=i","cat":284481},{"id":14273,"n":"Fromage Pont-l'Evêque AOP  Nos Régions ont du Talent 220g","p":2.65,"u":"12,05 €/KG","img":"https://fd2-photos.leclercdrive.fr/image.ashx?id=2356344&use=l&cat=p&typeid=i","cat":329558},{"id":14278,"n":"Carottes râpées Bio Bio village - 200g","p":1.73,"u":"8,65 €/KG","img":"https://fd2-photos.leclercdrive.fr/image.ashx?id=2670374&use=l&cat=p&typeid=i","cat":333657},{"id":14280,"n":"Bûche Sainte Maure Touraine NRT AOP - Fromage de chèvre - 250g","p":5.07,"u":"20,28 €/KG","img":"https://fd2-photos.leclercdrive.fr/image.ashx?id=2919673&use=l&cat=p&typeid=i","cat":314031},{"id":14282,"n":"Préparation citrons NRT De Corse -  315g","p":2.69,"u":"8,54 €/KG","img":"https://fd2-photos.leclercdrive.fr/image.ashx?id=2699810&use=l&cat=p&typeid=i","cat":284480},{"id":14285,"n":"Fromage Emmental Eco+ Râpé - 200g","p":1.5,"u":"7,50 €/KG","img":"https://fd2-photos.leclercdrive.fr/image.ashx?id=2615798&use=l&cat=p&typeid=i","cat":314035},{"id":14292,"n":"Eau aromatisée Volvic Zest  Citron - 1,5L","p":1.07,"u":"0,71 €/L","img":"https://fd2-photos.leclercdrive.fr/image.ashx?id=2730253&use=l&cat=p&typeid=i","cat":284537},{"id":14293,"n":"Eau aromatisée Volvic Zest Citron - 6x50cl","p":3.17,"u":"1,06 €/L","img":"https://fd2-photos.leclercdrive.fr/image.ashx?id=2730256&use=l&cat=p&typeid=i","cat":284537},{"id":14327,"n":"Poêlée Côté Table Franc-Comtoise - 900g","p":4.19,"u":"4,66 €/KG","img":"https://fd2-photos.leclercdrive.fr/image.ashx?id=2048440&use=l&cat=p&typeid=i","cat":319823},{"id":14330,"n":"Poêlée de légumes Notre Jardin Légumes grillés - 750g","p":3.11,"u":"4,15 €/KG","img":"https://fd2-photos.leclercdrive.fr/image.ashx?id=2771369&use=l&cat=p&typeid=i","cat":319823},{"id":14334,"n":"Ratatouille Notre Jardin Cuisinée 750g","p":2.85,"u":"3,80 €/KG","img":"https://fd2-photos.leclercdrive.fr/image.ashx?id=2873129&use=l&cat=p&typeid=i","cat":319823},{"id":14336,"n":"Pavé saumon Pêche Océan ASC Atlantique -  500g","p":11.19,"u":"22,38 €/KG","img":"https://fd2-photos.leclercdrive.fr/image.ashx?id=2930114&use=l&cat=p&typeid=i","cat":319786},{"id":14344,"n":"Pain de mie Nature Harrys Longue conservation - 550g","p":1.91,"u":"3,47 €/KG","img":"https://fd2-photos.leclercdrive.fr/image.ashx?id=2518109&use=l&cat=p&typeid=i","cat":284477},{"id":14360,"n":"Yaourts à boire Délisse Petits Délis fruits - 8x100g","p":3.2,"u":"4,00 €/KG","img":"https://fd2-photos.leclercdrive.fr/image.ashx?id=2754886&use=l&cat=p&typeid=i","cat":284415},{"id":14371,"n":"Mousse à la crème Duodélisse Nature - 4x100g","p":1.49,"u":"3,73 €/KG","img":"https://fd2-photos.leclercdrive.fr/image.ashx?id=2387334&use=l&cat=p&typeid=i","cat":284409},{"id":14376,"n":"Dés de fromage Les Croisés Ail et fines herbes - 120g","p":1.54,"u":"12,83 €/KG","img":"https://fd2-photos.leclercdrive.fr/image.ashx?id=2741616&use=l&cat=p&typeid=i","cat":314027},{"id":14383,"n":"Blocs WC Syphon Activ' Effect  Lavande - x3","p":1.09,"u":"0,36 €/P","img":"https://fd2-photos.leclercdrive.fr/image.ashx?id=2320710&use=l&cat=p&typeid=i","cat":284662},{"id":14389,"n":"Abricots Maitre Prunille Moelleux - 250g","p":4.07,"u":"16,28 €/KG","img":"https://fd2-photos.leclercdrive.fr/image.ashx?id=1747031&use=l&cat=p&typeid=i","cat":284357},{"id":14427,"n":"Pastis Ricard Anisé 45% vol - 70cl","p":14.9,"u":"21,29 €/L","img":"https://fd2-photos.leclercdrive.fr/image.ashx?id=2976776&use=l&cat=p&typeid=i","cat":284548},{"id":14428,"n":"Whisky Clan Campbell Blended Scotch 40% vol - 1L","p":19.5,"u":"19,50 €/L","img":"https://fd2-photos.leclercdrive.fr/image.ashx?id=2868921&use=l&cat=p&typeid=i","cat":284547},{"id":14431,"n":"Rhum Lagoa 40%vol - 1L","p":13.59,"u":"13,59 €/L","img":"https://fd2-photos.leclercdrive.fr/image.ashx?id=2966481&use=l&cat=p&typeid=i","cat":284550},{"id":14441,"n":"Eau minérale naturelle Evian  6x1l","p":2.93,"u":"0,49 €/L","img":"https://fd2-photos.leclercdrive.fr/image.ashx?id=2969019&use=l&cat=p&typeid=i","cat":284535},{"id":14447,"n":"Sirop Frucci Thé Pêche - 75cl","p":3.2,"u":"4,27 €/L","img":"https://fd2-photos.leclercdrive.fr/image.ashx?id=764952&use=l&cat=p&typeid=i","cat":295020},{"id":14451,"n":"Sirop Frucci Menthe - 1L","p":2.46,"u":"2,46 €/L","img":"https://fd2-photos.leclercdrive.fr/image.ashx?id=2954067&use=l&cat=p&typeid=i","cat":295020},{"id":14452,"n":"Sirop Sport Citron - 1L","p":2.37,"u":"2,37 €/L","img":"https://fd2-photos.leclercdrive.fr/image.ashx?id=3011182&use=l&cat=p&typeid=i","cat":295020},{"id":14458,"n":"Biscuits tablette Eco+ Chocolat au lait - 150g","p":0.98,"u":"6,53 €/KG","img":"https://fd2-photos.leclercdrive.fr/image.ashx?id=2682750&use=l&cat=p&typeid=i","cat":284488},{"id":14472,"n":"Pavé autruche Saveurs Forestières - 2X125g","p":11.78,"u":"47,12 €/KG","img":"https://fd2-photos.leclercdrive.fr/image.ashx?id=1637649&use=l&cat=p&typeid=i","cat":327289},{"id":14494,"n":"Coquilles Saint-Jacques Tipiak À la bretonne - 4x90g","p":6.38,"u":"17,72 €/KG","img":"https://fd2-photos.leclercdrive.fr/image.ashx?id=2559754&use=l&cat=p&typeid=i","cat":319775},{"id":14512,"n":"Sachets glaçons Elembal x15","p":0.8,"img":"https://fd2-photos.leclercdrive.fr/image.ashx?id=2671810&use=l&cat=p&typeid=i","cat":334134},{"id":14536,"n":"Escalope Fine Dinde LR x2  IGP Volailles du Maine  - 240g","p":3.88,"u":"16,17 €/KG","img":"https://fd2-photos.leclercdrive.fr/image.ashx?id=2250567&use=l&cat=p&typeid=i","cat":284337},{"id":14538,"n":"Aiguillettes poulet Le Gaulois Jaune - 210g","p":3.85,"u":"18,33 €/KG","img":"https://fd2-photos.leclercdrive.fr/image.ashx?id=2315107&use=l&cat=p&typeid=i","cat":284336},{"id":14543,"n":"Serviettes papier Homeside Double épaisseur 33x33cm - x100","p":2.29,"img":"https://fd2-photos.leclercdrive.fr/image.ashx?id=1659678&use=l&cat=p&typeid=i","cat":334134},{"id":14544,"n":"Serviettes papier Homeside Triple épaisseur 40x40 x50","p":2.99,"u":"0,06 €/P","img":"https://fd2-photos.leclercdrive.fr/image.ashx?id=1659681&use=l&cat=p&typeid=i","cat":334134},{"id":14574,"n":"Serviette incontinence Chorys Normal - x12","p":1.99,"u":"0,17 €/P","img":"https://fd2-photos.leclercdrive.fr/image.ashx?id=2393848&use=l&cat=p&typeid=i","cat":284628},{"id":14578,"n":"Papier toilette Mimosa Rose - Ultra doux - x6","p":2.59,"u":"0,43 €/P","img":"https://fd2-photos.leclercdrive.fr/image.ashx?id=2816115&use=l&cat=p&typeid=i","cat":284634},{"id":14579,"n":"Papier toilette Mimosa Blanc - Ultra doux - x6","p":2.65,"u":"0,44 €/P","img":"https://fd2-photos.leclercdrive.fr/image.ashx?id=2816118&use=l&cat=p&typeid=i","cat":284634},{"id":14582,"n":"Bandes de cire froide Siliss Corps - Peaux sensibles - x40","p":2.21,"u":"0,06 €/P","img":"https://fd2-photos.leclercdrive.fr/image.ashx?id=2699426&use=l&cat=p&typeid=i","cat":325351},{"id":14625,"n":"Boisson énergétique Powerade Ice storm - 50cl","p":0.99,"u":"1,98 €/L","img":"https://fd2-photos.leclercdrive.fr/image.ashx?id=2970756&use=l&cat=p&typeid=i","cat":284533},{"id":14635,"n":"Soda Jean's Cola Bouteille - 4x50cl","p":2.75,"u":"1,38 €/L","img":"https://fd2-photos.leclercdrive.fr/image.ashx?id=2684811&use=l&cat=p&typeid=i","cat":284530},{"id":14636,"n":"Soda Jean's Cola Zéro Canette - 6x33cl","p":1.98,"u":"1,00 €/L","img":"https://fd2-photos.leclercdrive.fr/image.ashx?id=2637886&use=l&cat=p&typeid=i","cat":284530},{"id":14637,"n":"Biscuits P'tit Déli ronds Chocolat noir 200g","p":1.34,"u":"6,70 €/KG","img":"https://fd2-photos.leclercdrive.fr/image.ashx?id=2884207&use=l&cat=p&typeid=i","cat":284488},{"id":14654,"n":"Soupe liquide Liebig  Potiron - Brique 1L","p":2.74,"u":"2,74 €/L","img":"https://fd2-photos.leclercdrive.fr/image.ashx?id=2785355&use=l&cat=p&typeid=i","cat":284462},{"id":14660,"n":"Gel désinfectant mains Sanytol Au thé vert - 75ml","p":2.0,"u":"26,67 €/L","img":"https://fd2-photos.leclercdrive.fr/image.ashx?id=2338730&use=l&cat=p&typeid=i","cat":284630},{"id":14661,"n":"Lingettes Hygiène Intime Usage Quotidien Intima Hamamélis x20","p":1.98,"u":"0,10 €/P","img":"https://fd2-photos.leclercdrive.fr/image.ashx?id=2886675&use=l&cat=p&typeid=i","cat":284627},{"id":14688,"n":"Biscuits Bjorg Fourrés Chocolat lait bio 225g","p":2.84,"u":"12,62 €/KG","img":"https://fd2-photos.leclercdrive.fr/image.ashx?id=2970927&use=l&cat=p&typeid=i","cat":284488},{"id":14691,"n":"Chocolat Alter Eco Noir Absolu Pérou 85% cacao bio - 100g","p":2.69,"u":"26,90 €/KG","img":"https://fd2-photos.leclercdrive.fr/image.ashx?id=2906535&use=l&cat=p&typeid=i","cat":284956},{"id":14694,"n":"Chocolat lait Bio Alter Eco Noisettes Max Havelaar - 100g","p":2.58,"u":"25,80 €/KG","img":"https://fd2-photos.leclercdrive.fr/image.ashx?id=2967292&use=l&cat=p&typeid=i","cat":284497},{"id":14713,"n":"Rasoirs jetables Bic Twin Lady x8","p":1.57,"u":"0,20 €/P","img":"https://fd2-photos.leclercdrive.fr/image.ashx?id=2887569&use=l&cat=p&typeid=i","cat":325352},{"id":14761,"n":"Baume Après-rasage Nivea Men Peaux Sensibles - 100ml","p":4.48,"u":"44,80 €/L","img":"https://fd2-photos.leclercdrive.fr/image.ashx?id=3014590&use=l&cat=p&typeid=i","cat":288147},{"id":14763,"n":"Shampooing Pétrol Hahn Force -  250ml","p":2.29,"u":"9,16 €/L","img":"https://fd2-photos.leclercdrive.fr/image.ashx?id=2104450&use=l&cat=p&typeid=i","cat":284621},{"id":14814,"n":"Compotes pommes Andros 4x100g","p":1.35,"u":"3,38 €/KG","img":"https://fd2-photos.leclercdrive.fr/image.ashx?id=2883925&use=l&cat=p&typeid=i","cat":284416},{"id":14873,"n":"Pastilles javel La Croix x40","p":1.87,"u":"13,96 €/KG","img":"https://fd2-photos.leclercdrive.fr/image.ashx?id=2679693&use=l&cat=p&typeid=i","cat":284661},{"id":14880,"n":"Compote Charles & Alice Pommes Mangues - 4x100g","p":1.4,"u":"3,50 €/KG","img":"https://fd2-photos.leclercdrive.fr/image.ashx?id=2757347&use=l&cat=p&typeid=i","cat":284416},{"id":14887,"n":"Compote Charles & Alice Pommes - 4x100g","p":1.38,"u":"3,45 €/KG","img":"https://fd2-photos.leclercdrive.fr/image.ashx?id=2757677&use=l&cat=p&typeid=i","cat":284416},{"id":14888,"n":"Compote Charles & Alice Pommes Poires - 4x100g","p":1.36,"u":"3,40 €/KG","img":"https://fd2-photos.leclercdrive.fr/image.ashx?id=2936902&use=l&cat=p&typeid=i","cat":284416},{"id":14893,"n":"Yaourts allégés Sveltesse   Fruits Panachés - 12x125g","p":3.14,"u":"2,09 €/KG","img":"https://fd2-photos.leclercdrive.fr/image.ashx?id=2649569&use=l&cat=p&typeid=i","cat":315000},{"id":14898,"n":"Coeur de laitue Florette 200g","p":1.98,"u":"9,90 €/KG","img":"https://fd2-photos.leclercdrive.fr/image.ashx?id=2476542&use=l&cat=p&typeid=i","cat":284353},{"id":14900,"n":"Saucisson sec Saint-Azay 15 tranches - 150g","p":2.19,"u":"14,60 €/KG","img":"https://fd2-photos.leclercdrive.fr/image.ashx?id=2631432&use=l&cat=p&typeid=i","cat":316007},{"id":14901,"n":"Mozzarella di Buffala AOP Les Croisés - 125g","p":1.65,"u":"13,20 €/KG","img":"https://fd2-photos.leclercdrive.fr/image.ashx?id=2146137&use=l&cat=p&typeid=i","cat":314026},{"id":14904,"n":"Fromage frais nature Bio Bio village - 3.5% MG - 500g","p":1.75,"u":"3,50 €/KG","img":"https://fd2-photos.leclercdrive.fr/image.ashx?id=2839944&use=l&cat=p&typeid=i","cat":284409},{"id":14919,"n":"Compote Douceur du Verger Pomme Abricot - 4x97g","p":1.23,"u":"3,17 €/KG","img":"https://fd2-photos.leclercdrive.fr/image.ashx?id=2983793&use=l&cat=p&typeid=i","cat":284416},{"id":14923,"n":"Brocolis fleurettes Bio Village Bio - 600g","p":2.21,"u":"3,68 €/KG","img":"https://fd2-photos.leclercdrive.fr/image.ashx?id=2897892&use=l&cat=p&typeid=i","cat":319805},{"id":14924,"n":"Lasagnes chèvre épinards Côté Table - 500g","p":2.95,"u":"5,90 €/KG","img":"https://fd2-photos.leclercdrive.fr/image.ashx?id=2647874&use=l&cat=p&typeid=i","cat":284254},{"id":14927,"n":"Fromage Emmental IGP NRT Grand cru Label Rouge - 250g","p":3.69,"u":"14,76 €/KG","img":"https://fd2-photos.leclercdrive.fr/image.ashx?id=2356388&use=l&cat=p&typeid=i","cat":314034},{"id":14934,"n":"Gin Gibson 37.5%vol - 70cl","p":11.55,"u":"16,50 €/L","img":"https://fd2-photos.leclercdrive.fr/image.ashx?id=2755396&use=l&cat=p&typeid=i","cat":284550},{"id":14983,"n":"Pastis de Marseille Vivalis 45%vol - 1,5L","p":25.35,"u":"16,90 €/L","img":"https://fd2-photos.leclercdrive.fr/image.ashx?id=2820418&use=l&cat=p&typeid=i","cat":284548},{"id":14989,"n":"Bière blonde Amsterdam  Navigator 8%vol. - 50cl","p":1.41,"u":"2,82 €/L","img":"https://fd2-photos.leclercdrive.fr/image.ashx?id=2191104&use=l&cat=p&typeid=i","cat":334853},{"id":14993,"n":"Bière blonde Leffe Rituel 9% - 6x25cl","p":5.64,"u":"3,76 €/L","img":"https://fd2-photos.leclercdrive.fr/image.ashx?id=2548285&use=l&cat=p&typeid=i","cat":334852},{"id":15014,"n":"Pétillant Festalie sans alcool Pêche - 75cl","p":2.85,"u":"3,80 €/L","img":"https://fd2-photos.leclercdrive.fr/image.ashx?id=2017256&use=l&cat=p&typeid=i","cat":289460},{"id":15022,"n":"Jus de pamplemousse rose Bio Bio Village - 1L","p":3.82,"u":"3,82 €/L","img":"https://fd2-photos.leclercdrive.fr/image.ashx?id=2901524&use=l&cat=p&typeid=i","cat":284914},{"id":15025,"n":"Nectar Jafaden Pomme kiwi - 1L","p":2.35,"u":"2,35 €/L","img":"https://fd2-photos.leclercdrive.fr/image.ashx?id=2895771&use=l&cat=p&typeid=i","cat":284915},{"id":15053,"n":"Déodorant Manava Grenade - 200ml","p":1.39,"u":"6,95 €/L","img":"https://fd2-photos.leclercdrive.fr/image.ashx?id=2699276&use=l&cat=p&typeid=i","cat":284595},{"id":15058,"n":"Biscuits tablettes Bio Village Bio Chocolat au lait 150g","p":2.38,"u":"15,87 €/KG","img":"https://fd2-photos.leclercdrive.fr/image.ashx?id=2650819&use=l&cat=p&typeid=i","cat":284488},{"id":15060,"n":"Biscuits tablettes Bio Village Bio Chocolat noir 150g","p":2.39,"u":"15,93 €/KG","img":"https://fd2-photos.leclercdrive.fr/image.ashx?id=2708943&use=l&cat=p&typeid=i","cat":284488},{"id":15076,"n":"Recharges plaquettes Insectivor Anti-moustiques - x30","p":3.24,"u":"0,11 €/P","img":"https://fd2-photos.leclercdrive.fr/image.ashx?id=2741604&use=l&cat=p&typeid=i","cat":298368},{"id":15095,"n":"Boisson végétale Noisette Bio  Bjorg- 1L","p":2.68,"u":"2,68 €/L","img":"https://fd2-photos.leclercdrive.fr/image.ashx?id=2972970&use=l&cat=p&typeid=i","cat":316067},{"id":15163,"n":"Sablés fourrés P'tit Déli Noisette 125g","p":1.92,"u":"15,36 €/KG","img":"https://fd2-photos.leclercdrive.fr/image.ashx?id=2791266&use=l&cat=p&typeid=i","cat":284487},{"id":15181,"n":"Boisson aux fruits Oasis Saveur Fraise Framboise - 2L","p":2.44,"u":"1,22 €/L","img":"https://fd2-photos.leclercdrive.fr/image.ashx?id=2677819&use=l&cat=p&typeid=i","cat":295018},{"id":15256,"n":"Barre chocolat au lait Lion x6 barres - 252g","p":2.49,"u":"9,88 €/KG","img":"https://fd2-photos.leclercdrive.fr/image.ashx?id=2736991&use=l&cat=p&typeid=i","cat":284498},{"id":15288,"n":"Mouchoirs blancs 4 plis Caresse Mini étuis x15","p":1.16,"u":"0,08 €/P","img":"https://fd2-photos.leclercdrive.fr/image.ashx?id=2824262&use=l&cat=p&typeid=i","cat":284638},{"id":15305,"n":"Eau minérale Saint Antonin 6x1L","p":2.7,"u":"0,45 €/L","img":"https://fd2-photos.leclercdrive.fr/image.ashx?id=2653891&use=l&cat=p&typeid=i","cat":284535},{"id":15334,"n":"Galettes de sarrasin Catel Roc Blé noir x6 - 380g","p":3.32,"u":"8,74 €/KG","img":"https://fd2-photos.leclercdrive.fr/image.ashx?id=2876542&use=l&cat=p&typeid=i","cat":333672},{"id":15384,"n":"Wings party Mexicain Maître Coq 400g","p":3.56,"u":"8,90 €/KG","img":"https://fd2-photos.leclercdrive.fr/image.ashx?id=2094307&use=l&cat=p&typeid=i","cat":333685},{"id":15433,"n":"Hachés de poulet rotis  Maître Coq - 180g","p":2.59,"u":"14,39 €/KG","img":"https://fd2-photos.leclercdrive.fr/image.ashx?id=1884310&use=l&cat=p&typeid=i","cat":316010},{"id":15450,"n":"Cuisse de dinde Maître Coq Végétal x1 - 650g","p":5.05,"u":"7,77 €/KG","img":"https://fd2-photos.leclercdrive.fr/image.ashx?id=2773415&use=l&cat=p&typeid=i","cat":284337},{"id":15451,"n":"Escalope de dinde Maître Coq Fine x2 - 240g","p":4.35,"u":"18,13 €/KG","img":"https://fd2-photos.leclercdrive.fr/image.ashx?id=2770088&use=l&cat=p&typeid=i","cat":284337},{"id":15452,"n":"Escalope dinde Maître Coq 600g","p":8.04,"u":"13,40 €/KG","img":"https://fd2-photos.leclercdrive.fr/image.ashx?id=2773421&use=l&cat=p&typeid=i","cat":284337},{"id":15453,"n":"Osso bucco de dinde Maître Coq Végétal - 800g","p":4.18,"u":"5,23 €/KG","img":"https://fd2-photos.leclercdrive.fr/image.ashx?id=2773418&use=l&cat=p&typeid=i","cat":284337},{"id":15513,"n":"Gâteau cacao Oreo Lu Rouleaux Vanille - 154g","p":1.0,"u":"6,49 €/KG","img":"https://fd2-photos.leclercdrive.fr/image.ashx?id=3002282&use=l&cat=p&typeid=i","cat":284488},{"id":15525,"n":"Mini gâches briochettes NRT Chocolat noir x8 - 360g","p":2.79,"u":"7,75 €/KG","img":"https://fd2-photos.leclercdrive.fr/image.ashx?id=2670440&use=l&cat=p&typeid=i","cat":284478},{"id":15542,"n":"Prépartion mirabelles NRT De Lorraine  - 315g","p":2.64,"u":"8,38 €/KG","img":"https://fd2-photos.leclercdrive.fr/image.ashx?id=2699795&use=l&cat=p&typeid=i","cat":284480},{"id":15544,"n":"Crackers Tokapi  Fromage et graines - 65g","p":1.34,"u":"20,62 €/KG","img":"https://fd2-photos.leclercdrive.fr/image.ashx?id=2075247&use=l&cat=p&typeid=i","cat":297000},{"id":15564,"n":"Chips paysannes Pom'lisse Nature - 150g","p":0.99,"u":"6,60 €/KG","img":"https://fd2-photos.leclercdrive.fr/image.ashx?id=2927854&use=l&cat=p&typeid=i","cat":284447},{"id":15590,"n":"pain complet 3 céréales bio  bjorg 500g","p":2.32,"u":"4,64 €/KG","img":"https://fd2-photos.leclercdrive.fr/image.ashx?id=2752951&use=l&cat=p&typeid=i","cat":325069},{"id":15592,"n":"Fromage enfant Ficello Nature à effilocher x8 - 168g","p":3.12,"u":"18,57 €/KG","img":"https://fd2-photos.leclercdrive.fr/image.ashx?id=2375376&use=l&cat=p&typeid=i","cat":314030},{"id":15602,"n":"Bière La Goudale 7.2%vol. - 75cl","p":2.36,"u":"3,15 €/L","img":"https://fd2-photos.leclercdrive.fr/image.ashx?id=2830153&use=l&cat=p&typeid=i","cat":334852},{"id":15615,"n":"Multifruits Jafaden 100% Pur jus - 1,5L","p":1.99,"u":"1,33 €/L","img":"https://fd2-photos.leclercdrive.fr/image.ashx?id=2890000&use=l&cat=p&typeid=i","cat":284917},{"id":15629,"n":"Salade maxi Florette Mâche - 200g","p":2.36,"u":"11,80 €/KG","img":"https://fd2-photos.leclercdrive.fr/image.ashx?id=2228849&use=l&cat=p&typeid=i","cat":284353},{"id":15643,"n":"Plateau crudités Florette 600g","p":5.93,"u":"9,88 €/KG","img":"https://fd2-photos.leclercdrive.fr/image.ashx?id=2962773&use=l&cat=p&typeid=i","cat":284352},{"id":15647,"n":"Soupe Paysanne Légumes Knorr Déshydratée - Au lard - 97g","p":1.18,"u":"12,16 €/KG","img":"https://fd2-photos.leclercdrive.fr/image.ashx?id=2768870&use=l&cat=p&typeid=i","cat":284463},{"id":15701,"n":"Filets hareng sans peau Baltic à la crème - 400g","p":3.08,"u":"7,70 €/KG","img":"https://fd2-photos.leclercdrive.fr/image.ashx?id=2845889&use=l&cat=p&typeid=i","cat":285190},{"id":15703,"n":"Jus de citron de Sicile Citros 20cl","p":0.96,"u":"4,80 €/L","img":"https://fd2-photos.leclercdrive.fr/image.ashx?id=2469130&use=l&cat=p&typeid=i","cat":288383},{"id":15801,"n":"IGP Pays d'Oc rosé Cinsault Syrah Ormes de Cambras 12% 75cl","p":2.73,"u":"3,64 €/L","img":"https://fd2-photos.leclercdrive.fr/image.ashx?id=2105158&use=l&cat=p&typeid=i","cat":289558},{"id":15805,"n":"Boisson énergisante Red Bull sans sucres, 4x250ml","p":4.12,"u":"4,12 €/L","img":"https://fd2-photos.leclercdrive.fr/image.ashx?id=3009371&use=l&cat=p&typeid=i","cat":284533},{"id":15807,"n":"Boisson aux fruits Oasis Goût Pomme Cassis Framboise 2L","p":2.62,"u":"1,31 €/L","img":"https://fd2-photos.leclercdrive.fr/image.ashx?id=3014452&use=l&cat=p&typeid=i","cat":295018},{"id":15895,"n":"Soin cheveux nutrition Garnier Cheveu bouclé à frisé - 200ml","p":2.4,"u":"12,00 €/L","img":"https://fd2-photos.leclercdrive.fr/image.ashx?id=2985354&use=l&cat=p&typeid=i","cat":284608},{"id":15910,"n":"Lait de toilette Mixa Bébé  Très Doux - 400ml","p":3.51,"u":"8,78 €/L","img":"https://fd2-photos.leclercdrive.fr/image.ashx?id=2548672&use=l&cat=p&typeid=i","cat":284740},{"id":15912,"n":"Mousse à raser Williams Peau sensible 200ml","p":1.62,"u":"8,10 €/L","img":"https://fd2-photos.leclercdrive.fr/image.ashx?id=2785976&use=l&cat=p&typeid=i","cat":284617},{"id":15969,"n":"Gel nettoyant canalisations  Destop Javel Agrumes - 750ml","p":2.58,"u":"3,44 €/L","img":"https://fd2-photos.leclercdrive.fr/image.ashx?id=2885956&use=l&cat=p&typeid=i","cat":284908},{"id":16025,"n":"Yaourts Lait entier Bio Village Bio Fraise morceaux - 4x125g","p":1.5,"u":"3,00 €/KG","img":"https://fd2-photos.leclercdrive.fr/image.ashx?id=2841968&use=l&cat=p&typeid=i","cat":284410},{"id":16033,"n":"Choux-fleurs Bio Bio Village En fleurettes - 600g","p":1.99,"u":"3,32 €/KG","img":"https://fd2-photos.leclercdrive.fr/image.ashx?id=2891794&use=l&cat=p&typeid=i","cat":319805},{"id":16034,"n":"Petits pois Bio Bio Village Très fins - 600g","p":2.39,"u":"3,98 €/KG","img":"https://fd2-photos.leclercdrive.fr/image.ashx?id=2996021&use=l&cat=p&typeid=i","cat":319805},{"id":16043,"n":"Crevettes cuites Pêche Océan Décortiquées - MSC - 200g","p":3.49,"u":"17,45 €/KG","img":"https://fd2-photos.leclercdrive.fr/image.ashx?id=2478766&use=l&cat=p&typeid=i","cat":319787},{"id":16046,"n":"Fromage de chèvre Les Croisés Frais rond - 200g","p":1.89,"u":"9,45 €/KG","img":"https://fd2-photos.leclercdrive.fr/image.ashx?id=2999565&use=l&cat=p&typeid=i","cat":314031},{"id":16061,"n":"Sauce Tomates Barilla Basilic - 400g","p":1.61,"u":"4,03 €/KG","img":"https://fd2-photos.leclercdrive.fr/image.ashx?id=2832518&use=l&cat=p&typeid=i","cat":287599},{"id":16062,"n":"Sauce Pesto Genovese Barilla Au basilic frais - 190g","p":1.91,"u":"10,05 €/KG","img":"https://fd2-photos.leclercdrive.fr/image.ashx?id=2737585&use=l&cat=p&typeid=i","cat":287599},{"id":16063,"n":"Sauce Pesto Barilla Rosso - 200g","p":1.91,"u":"9,55 €/KG","img":"https://fd2-photos.leclercdrive.fr/image.ashx?id=2308348&use=l&cat=p&typeid=i","cat":287599},{"id":16142,"n":"Eau de source de Montagne 6x1L","p":1.55,"u":"0,26 €/L","img":"https://fd2-photos.leclercdrive.fr/image.ashx?id=2597621&use=l&cat=p&typeid=i","cat":284535},{"id":16153,"n":"Biscuits petit déj Bio Village Bio Chocolat / Noisettes - 200g","p":2.08,"u":"10,40 €/KG","img":"https://fd2-photos.leclercdrive.fr/image.ashx?id=2371560&use=l&cat=p&typeid=i","cat":284491},{"id":16154,"n":"Tartelettes Bio Village Framboises Bio - x9 - 125g","p":2.34,"u":"18,72 €/KG","img":"https://fd2-photos.leclercdrive.fr/image.ashx?id=2869525&use=l&cat=p&typeid=i","cat":284489},{"id":16159,"n":"Brume d'eau pure Inell 400ml","p":1.65,"u":"4,13 €/L","img":"https://fd2-photos.leclercdrive.fr/image.ashx?id=806289&use=l&cat=p&typeid=i","cat":290295},{"id":16171,"n":"Riz Thaï Bio Village Bio - 500g","p":2.45,"u":"4,90 €/KG","img":"https://fd2-photos.leclercdrive.fr/image.ashx?id=2441510&use=l&cat=p&typeid=i","cat":284428},{"id":16172,"n":"Mini Barres chocolatées Lion x18 barres - 350g","p":3.86,"u":"11,03 €/KG","img":"https://fd2-photos.leclercdrive.fr/image.ashx?id=2925553&use=l&cat=p&typeid=i","cat":284498},{"id":16254,"n":"Câpres surfines Rustica Au vinaigre - 60g","p":1.23,"u":"20,50 €/KG","img":"https://fd2-photos.leclercdrive.fr/image.ashx?id=1677666&use=l&cat=p&typeid=i","cat":284458},{"id":16271,"n":"Maïs Géant Vert extra croquant sans résidu pesticides - 285g","p":1.18,"u":"4,14 €/KG","img":"https://fd2-photos.leclercdrive.fr/image.ashx?id=2754267&use=l&cat=p&typeid=i","cat":312611},{"id":16303,"n":"Petits oignons Rustica Vinaigre doux - 190g","p":0.79,"u":"4,16 €/KG","img":"https://fd2-photos.leclercdrive.fr/image.ashx?id=2916683&use=l&cat=p&typeid=i","cat":284458},{"id":16429,"n":"Oeufs frais plein air Bio Bio village - x10","p":3.41,"u":"0,34 €/P","img":"https://fd2-photos.leclercdrive.fr/image.ashx?id=2854264&use=l&cat=p&typeid=i","cat":284378},{"id":16430,"n":"Lait de coco bio Jardin Bio Bio - 400ml","p":2.4,"u":"6,00 €/L","img":"https://fd2-photos.leclercdrive.fr/image.ashx?id=2790132&use=l&cat=p&typeid=i","cat":288992},{"id":16432,"n":"Pâte brisée Bio  Bio village - 230g","p":1.99,"u":"8,65 €/KG","img":"https://fd2-photos.leclercdrive.fr/image.ashx?id=2274177&use=l&cat=p&typeid=i","cat":333681},{"id":16433,"n":"Pâte feuilletée Bio Bio village - 230g","p":1.65,"u":"7,17 €/KG","img":"https://fd2-photos.leclercdrive.fr/image.ashx?id=2969006&use=l&cat=p&typeid=i","cat":333681},{"id":16435,"n":"Tagliatelles fraîches Bio Bio village - 250g","p":1.39,"u":"5,56 €/KG","img":"https://fd2-photos.leclercdrive.fr/image.ashx?id=2875735&use=l&cat=p&typeid=i","cat":333682},{"id":16436,"n":"Pâtes torsades Bio Village Bio -  500g","p":0.85,"u":"1,70 €/KG","img":"https://fd2-photos.leclercdrive.fr/image.ashx?id=2625367&use=l&cat=p&typeid=i","cat":284427},{"id":16438,"n":"Riz long Bio Village Bio - 500g","p":1.94,"u":"3,88 €/KG","img":"https://fd2-photos.leclercdrive.fr/image.ashx?id=2582996&use=l&cat=p&typeid=i","cat":284428},{"id":16439,"n":"Riz Basmati Bio Village Bio - 500g","p":1.5,"u":"3,00 €/KG","img":"https://fd2-photos.leclercdrive.fr/image.ashx?id=2441507&use=l&cat=p&typeid=i","cat":284428},{"id":16490,"n":"Yaourt nature 0% MG Bio Bio village - 4x125g","p":1.34,"u":"2,68 €/KG","img":"https://fd2-photos.leclercdrive.fr/image.ashx?id=2077427&use=l&cat=p&typeid=i","cat":315000},{"id":16491,"n":"Yaourts Lait brebis Bio Village Bio Vanille - 2x125g","p":1.89,"u":"7,56 €/KG","img":"https://fd2-photos.leclercdrive.fr/image.ashx?id=2646994&use=l&cat=p&typeid=i","cat":314998},{"id":16492,"n":"Légumes pour couscous bio Jardin Bio - 660g","p":2.64,"u":"3,67 €/L","img":"https://fd2-photos.leclercdrive.fr/image.ashx?id=2534887&use=l&cat=p&typeid=i","cat":312612},{"id":16493,"n":"Pâte à tartiner bio Jardin Bio Cacao noisettes - 350g","p":3.49,"u":"9,97 €/KG","img":"https://fd2-photos.leclercdrive.fr/image.ashx?id=2918844&use=l&cat=p&typeid=i","cat":284481},{"id":16520,"n":"Mayonnaise Eco+ Bocal - 470g","p":1.17,"u":"2,49 €/KG","img":"https://fd2-photos.leclercdrive.fr/image.ashx?id=2954322&use=l&cat=p&typeid=i","cat":298295},{"id":16521,"n":"Lait demi-écrémé Eco+ Brique UHT -  6x1L","p":5.52,"u":"0,92 €/L","img":"https://fd2-photos.leclercdrive.fr/image.ashx?id=2987133&use=l&cat=p&typeid=i","cat":284377},{"id":16522,"n":"Soufflés cacahuète Eco+ 100g","p":0.34,"u":"3,40 €/KG","img":"https://fd2-photos.leclercdrive.fr/image.ashx?id=2678785&use=l&cat=p&typeid=i","cat":284449},{"id":16524,"n":"Pâtes Eco+ Spaghetti - 1kg","p":1.02,"u":"1,02 €/KG","img":"https://fd2-photos.leclercdrive.fr/image.ashx?id=2757494&use=l&cat=p&typeid=i","cat":284427},{"id":16525,"n":"Purée de pommes de terre Eco+ Déshydratée 4x125g","p":1.39,"u":"2,78 €/KG","img":"https://fd2-photos.leclercdrive.fr/image.ashx?id=2929858&use=l&cat=p&typeid=i","cat":284431},{"id":16526,"n":"Assortiment biscuits salés Eco+ 350g","p":1.06,"u":"3,03 €/KG","img":"https://fd2-photos.leclercdrive.fr/image.ashx?id=2613255&use=l&cat=p&typeid=i","cat":297000},{"id":16527,"n":"Bouillon déshydraté Eco+ Volaille - 12x10g","p":0.67,"u":"5,58 €/KG","img":"https://fd2-photos.leclercdrive.fr/image.ashx?id=1735897&use=l&cat=p&typeid=i","cat":288379},{"id":16528,"n":"Bouillon déshydraté Eco+ Boeuf - 12x10g","p":0.69,"u":"5,75 €/KG","img":"https://fd2-photos.leclercdrive.fr/image.ashx?id=1735894&use=l&cat=p&typeid=i","cat":288379},{"id":16536,"n":"Sucre Eco+ En morceaux - 1kg","p":1.33,"u":"1,33 €/KG","img":"https://fd2-photos.leclercdrive.fr/image.ashx?id=2702274&use=l&cat=p&typeid=i","cat":284502},{"id":16539,"n":"Pain d'épices Eco+ 470g","p":1.23,"u":"2,62 €/KG","img":"https://fd2-photos.leclercdrive.fr/image.ashx?id=2932384&use=l&cat=p&typeid=i","cat":284493},{"id":16547,"n":"Barquette chiens Eco+ A la Volaille - 300g","p":0.52,"u":"1,73 €/KG","img":"https://fd2-photos.leclercdrive.fr/image.ashx?id=2052727&use=l&cat=p&typeid=i","cat":284673},{"id":16550,"n":"Limonade Eco+ 1,5L","p":0.38,"u":"0,25 €/L","img":"https://fd2-photos.leclercdrive.fr/image.ashx?id=2245752&use=l&cat=p&typeid=i","cat":284531},{"id":16553,"n":"Soda cola Eco+ 1,5L","p":0.49,"u":"0,33 €/L","img":"https://fd2-photos.leclercdrive.fr/image.ashx?id=2082552&use=l&cat=p&typeid=i","cat":284530},{"id":16554,"n":"Soda cola light 1,5l","p":0.4,"u":"0,27 €/L","img":"https://fd2-photos.leclercdrive.fr/image.ashx?id=2071234&use=l&cat=p&typeid=i","cat":284530},{"id":16558,"n":"Thé glacé pêche Eco  2L","p":1.25,"u":"0,63 €/L","img":"https://fd2-photos.leclercdrive.fr/image.ashx?id=2764955&use=l&cat=p&typeid=i","cat":295019},{"id":16570,"n":"Saucisse sèche droite Eco+ 250g","p":1.78,"u":"7,12 €/KG","img":"https://fd2-photos.leclercdrive.fr/image.ashx?id=2114409&use=l&cat=p&typeid=i","cat":316006},{"id":16571,"n":"Tagliatelles fraiches Eco+ 500g","p":1.4,"u":"2,80 €/KG","img":"https://fd2-photos.leclercdrive.fr/image.ashx?id=2751850&use=l&cat=p&typeid=i","cat":333682},{"id":16582,"n":"Pommes frites Eco+ 2,5kg","p":2.81,"u":"1,12 €/KG","img":"https://fd2-photos.leclercdrive.fr/image.ashx?id=2660523&use=l&cat=p&typeid=i","cat":319791},{"id":16583,"n":"Pommes rissolées surgelées Eco+ 1kg","p":1.11,"u":"1,11 €/KG","img":"https://fd2-photos.leclercdrive.fr/image.ashx?id=2085934&use=l&cat=p&typeid=i","cat":319792},{"id":16642,"n":"Génoises fourrées P'tit Déli Agrumes - 150g","p":1.09,"u":"7,27 €/KG","img":"https://fd2-photos.leclercdrive.fr/image.ashx?id=2482502&use=l&cat=p&typeid=i","cat":284489},{"id":16701,"n":"Bouchées RAFFAELLO Noix de coco Amandes - 180g","p":4.66,"u":"25,89 €/KG","img":"https://fd2-photos.leclercdrive.fr/image.ashx?id=2937857&use=l&cat=p&typeid=i","cat":327595},{"id":16737,"n":"Viande hachée 15% MG Férial 500g","p":6.99,"u":"13,98 €/KG","img":"https://fd2-photos.leclercdrive.fr/image.ashx?id=2904013&use=l&cat=p&typeid=i","cat":284332},{"id":16741,"n":"Viande hachée 5% MG Férial 350g","p":5.6,"u":"16,00 €/KG","img":"https://fd2-photos.leclercdrive.fr/image.ashx?id=2904010&use=l&cat=p&typeid=i","cat":284332},{"id":16742,"n":"Steak haché Férial 15%mg - 800g","p":10.37,"u":"12,96 €/KG","img":"https://fd2-photos.leclercdrive.fr/image.ashx?id=2904004&use=l&cat=p&typeid=i","cat":284332},{"id":16747,"n":"Viande hachée 15% MG Férial 350g","p":5.38,"u":"15,37 €/KG","img":"https://fd2-photos.leclercdrive.fr/image.ashx?id=2904007&use=l&cat=p&typeid=i","cat":284332},{"id":16765,"n":"Steak haché Férial pur boeuf 5%mg - 250g","p":4.15,"u":"16,60 €/KG","img":"https://fd2-photos.leclercdrive.fr/image.ashx?id=2903998&use=l&cat=p&typeid=i","cat":284332},{"id":16766,"n":"Viande hachée 20% MG Férial 700g","p":9.45,"u":"13,50 €/KG","img":"https://fd2-photos.leclercdrive.fr/image.ashx?id=2904016&use=l&cat=p&typeid=i","cat":284332},{"id":16767,"n":"Steak haché Férial  5%mg - 400g","p":7.59,"u":"18,98 €/KG","img":"https://fd2-photos.leclercdrive.fr/image.ashx?id=2598722&use=l&cat=p&typeid=i","cat":284332},{"id":16782,"n":"Steak haché Férial 15%mg 250g","p":3.69,"u":"14,76 €/KG","img":"https://fd2-photos.leclercdrive.fr/image.ashx?id=2904001&use=l&cat=p&typeid=i","cat":284332},{"id":16783,"n":"AOP Saumur brut Les Caractères - 75cl","p":4.49,"u":"5,99 €/L","img":"https://fd2-photos.leclercdrive.fr/image.ashx?id=2895774&use=l&cat=p&typeid=i","cat":284544},{"id":16800,"n":"Eau minérale naturelle Contrex 6x1L","p":2.49,"u":"0,42 €/L","img":"https://fd2-photos.leclercdrive.fr/image.ashx?id=2731720&use=l&cat=p&typeid=i","cat":284535},{"id":16805,"n":"Viande bovine Férial steak ** à griller - 280g","p":5.79,"u":"20,68 €/KG","img":"https://fd2-photos.leclercdrive.fr/image.ashx?id=2483557&use=l&cat=p&typeid=i","cat":284328},{"id":16824,"n":"Bavette Viande bovine Férial  Aloyau ***à griller x2 - 280g","p":8.05,"u":"28,75 €/KG","img":"https://fd2-photos.leclercdrive.fr/image.ashx?id=2483560&use=l&cat=p&typeid=i","cat":284328},{"id":16841,"n":"Génoises fourrées P'tit Déli Framboise cassis - 150g","p":1.06,"u":"7,07 €/KG","img":"https://fd2-photos.leclercdrive.fr/image.ashx?id=2473981&use=l&cat=p&typeid=i","cat":284489},{"id":16842,"n":"Spéculoos P'tit Déli 2x250g","p":1.47,"u":"2,94 €/KG","img":"https://fd2-photos.leclercdrive.fr/image.ashx?id=2046364&use=l&cat=p&typeid=i","cat":284487},{"id":16847,"n":"Chewing-gum Freedent white Menthe douce 70g","p":2.18,"u":"31,14 €/KG","img":"https://fd2-photos.leclercdrive.fr/image.ashx?id=2237289&use=l&cat=p&typeid=i","cat":304251},{"id":16848,"n":"Chewing gum Freedent white Menthe verte 70g","p":2.04,"u":"29,14 €/KG","img":"https://fd2-photos.leclercdrive.fr/image.ashx?id=2355899&use=l&cat=p&typeid=i","cat":304251},{"id":16849,"n":"Chewing-gum Freedent white Menthe forte 70g","p":2.04,"u":"29,14 €/KG","img":"https://fd2-photos.leclercdrive.fr/image.ashx?id=2237292&use=l&cat=p&typeid=i","cat":304251},{"id":16916,"n":"Croquette Tous Mes Amis Vitalité - viande de boeuf 10kg","p":12.99,"u":"1,30 €/KG","img":"https://fd2-photos.leclercdrive.fr/image.ashx?id=2078635&use=l&cat=p&typeid=i","cat":284672},{"id":16920,"n":"Coeurs d'artichaut Notre Jardin 240g","p":2.49,"u":"10,38 €/KG","img":"https://fd2-photos.leclercdrive.fr/image.ashx?id=2501994&use=l&cat=p&typeid=i","cat":312611},{"id":17014,"n":"Fromage apéritif Apéricube Sélection festive 48 cubes","p":4.17,"u":"16,68 €/KG","img":"https://fd2-photos.leclercdrive.fr/image.ashx?id=2882665&use=l&cat=p&typeid=i","cat":314027},{"id":17036,"n":"Mouchoirs blancs 3 plis Caresse Boîte mouchoirs papier x90","p":1.04,"u":"0,01 €/P","img":"https://fd2-photos.leclercdrive.fr/image.ashx?id=1286020&use=l&cat=p&typeid=i","cat":284638},{"id":17104,"n":"Tuiles Tokapi  Nature - 170g","p":1.35,"u":"7,94 €/KG","img":"https://fd2-photos.leclercdrive.fr/image.ashx?id=2632849&use=l&cat=p&typeid=i","cat":287899},{"id":17105,"n":"Chips Tuiles Tokapi Crème oignon - 170g","p":1.35,"u":"7,94 €/KG","img":"https://fd2-photos.leclercdrive.fr/image.ashx?id=2643375&use=l&cat=p&typeid=i","cat":287899},{"id":17108,"n":"Brume d'eau pure Inell 150ml","p":1.25,"u":"8,33 €/L","img":"https://fd2-photos.leclercdrive.fr/image.ashx?id=2712980&use=l&cat=p&typeid=i","cat":290295},{"id":17112,"n":"Limonade Bio village Bio - 1L","p":0.96,"u":"0,96 €/L","img":"https://fd2-photos.leclercdrive.fr/image.ashx?id=2632900&use=l&cat=p&typeid=i","cat":284531},{"id":17113,"n":"Cidre bouché Bio village Bio 4% vol - 75cl","p":2.29,"u":"3,05 €/L","img":"https://fd2-photos.leclercdrive.fr/image.ashx?id=2907255&use=l&cat=p&typeid=i","cat":334880},{"id":17154,"n":"Croissants pur beurre        6x1p","p":2.95,"u":"0,49 €/P","img":"https://fd2-photos.leclercdrive.fr/image.ashx?id=597472&use=l&cat=p&typeid=i","cat":284984},{"id":17158,"n":"Mozzarella Bio  Bio village - 125g","p":1.21,"u":"9,68 €/KG","img":"https://fd2-photos.leclercdrive.fr/image.ashx?id=2856350&use=l&cat=p&typeid=i","cat":314026},{"id":17165,"n":"Poulet blanc Maître coq Eleveur de nos régions - 1,3kg","p":6.99,"u":"5,38 €/KG","img":"https://fd2-photos.leclercdrive.fr/image.ashx?id=2926359&use=l&cat=p&typeid=i","cat":284336},{"id":17167,"n":"Paupiettes de dinde Maître Coq Nature x4 - 520g","p":8.4,"u":"16,15 €/KG","img":"https://fd2-photos.leclercdrive.fr/image.ashx?id=2569482&use=l&cat=p&typeid=i","cat":284337},{"id":17189,"n":"Biscuit petit dej P'tit Déli Miel/pépites chocolat - 400g","p":2.15,"u":"5,38 €/KG","img":"https://fd2-photos.leclercdrive.fr/image.ashx?id=2999502&use=l&cat=p&typeid=i","cat":284491},{"id":17220,"n":"Nettoyant spray Clair Anti-calcaire 750ml","p":0.94,"u":"1,25 €/L","img":"https://fd2-photos.leclercdrive.fr/image.ashx?id=2882316&use=l&cat=p&typeid=i","cat":325362},{"id":17223,"n":"Mouchoirs blancs 3 plis Caresse Boîte déco décor aléatoire x70","p":1.52,"u":"0,02 €/P","img":"https://fd2-photos.leclercdrive.fr/image.ashx?id=2812548&use=l&cat=p&typeid=i","cat":284638},{"id":17290,"n":"Pâtes Alpina Avoine - 500g","p":1.64,"u":"3,28 €/KG","img":"https://fd2-photos.leclercdrive.fr/image.ashx?id=2789856&use=l&cat=p&typeid=i","cat":284427},{"id":17292,"n":"Polenta Alpina Semoule de maïs - 500g","p":1.36,"u":"2,72 €/KG","img":"https://fd2-photos.leclercdrive.fr/image.ashx?id=2834485&use=l&cat=p&typeid=i","cat":284431},{"id":17294,"n":"Pâtes crozets nature Alpina 400g","p":2.37,"u":"5,93 €/KG","img":"https://fd2-photos.leclercdrive.fr/image.ashx?id=2795072&use=l&cat=p&typeid=i","cat":284427},{"id":17295,"n":"Pâtes crozets Alpina Savoie Au sarrasin - 400g","p":2.37,"u":"5,93 €/KG","img":"https://fd2-photos.leclercdrive.fr/image.ashx?id=2795075&use=l&cat=p&typeid=i","cat":284427},{"id":17348,"n":"Lanières poivrons Notre Jardin 600g","p":2.15,"u":"3,58 €/KG","img":"https://fd2-photos.leclercdrive.fr/image.ashx?id=2996018&use=l&cat=p&typeid=i","cat":319805},{"id":17392,"n":"Mouchoirs blanc 4 plis Univert Etuis x15 - Ecolabel","p":1.95,"u":"0,13 €/P","img":"https://fd2-photos.leclercdrive.fr/image.ashx?id=2549951&use=l&cat=p&typeid=i","cat":284638},{"id":17413,"n":"Sacs congélation zip Elembal Petit modèle x25","p":1.45,"u":"0,06 €/P","img":"https://fd2-photos.leclercdrive.fr/image.ashx?id=2751883&use=l&cat=p&typeid=i","cat":334134},{"id":17414,"n":"Activateur de lavage Textil Spécial blanc 10 tablettes","p":2.1,"u":"9,33 €/KG","img":"https://fd2-photos.leclercdrive.fr/image.ashx?id=2964565&use=l&cat=p&typeid=i","cat":284651},{"id":17422,"n":"IGP Pays d'Oc Syrah vin rouge Vieux Carion -75 cl","p":2.25,"u":"3,00 €/L","img":"https://fd2-photos.leclercdrive.fr/image.ashx?id=2747749&use=l&cat=p&typeid=i","cat":289556},{"id":17425,"n":"Fromage blanc Délisse Vanille 2,5%MG - 8x100g","p":2.82,"u":"3,53 €/KG","img":"https://fd2-photos.leclercdrive.fr/image.ashx?id=3012827&use=l&cat=p&typeid=i","cat":284409},{"id":17469,"n":"Biscuits P'tit Déli Bâtonnets Chocolat blanc 150g","p":1.7,"u":"11,33 €/KG","img":"https://fd2-photos.leclercdrive.fr/image.ashx?id=2470195&use=l&cat=p&typeid=i","cat":284488},{"id":17476,"n":"Boudins noirs aux oignons Tradilège x3 - 375g","p":2.7,"u":"7,20 €/KG","img":"https://fd2-photos.leclercdrive.fr/image.ashx?id=2930754&use=l&cat=p&typeid=i","cat":316012},{"id":17571,"n":"Crème entière fluide UHT Délisse - Brique 30%mg - 1L","p":4.25,"u":"4,25 €/L","img":"https://fd2-photos.leclercdrive.fr/image.ashx?id=2509980&use=l&cat=p&typeid=i","cat":284381},{"id":17653,"n":"Fromage apéritif Apéricube Best of des saveurs 48 cubes","p":4.17,"u":"16,68 €/KG","img":"https://fd2-photos.leclercdrive.fr/image.ashx?id=2882662&use=l&cat=p&typeid=i","cat":314027},{"id":17694,"n":"Couches bébé Mots d'Enfants T4+ Ultra confort - 9/20kg - x144","p":20.5,"u":"0,14 €/P","img":"https://fd2-photos.leclercdrive.fr/image.ashx?id=2689426&use=l&cat=p&typeid=i","cat":284737},{"id":17710,"n":"Sauce Hollandaise Knorr Au jus de citron - 30cl","p":1.44,"u":"4,80 €/L","img":"https://fd2-photos.leclercdrive.fr/image.ashx?id=2985099&use=l&cat=p&typeid=i","cat":288381},{"id":17717,"n":"Blanc de poulet Tradilège x4 160g","p":1.42,"u":"8,88 €/KG","img":"https://fd2-photos.leclercdrive.fr/image.ashx?id=2925738&use=l&cat=p&typeid=i","cat":316010},{"id":17718,"n":"Blanc de dinde Tradilège 4 tranches 160g","p":1.61,"u":"10,06 €/KG","img":"https://fd2-photos.leclercdrive.fr/image.ashx?id=2925735&use=l&cat=p&typeid=i","cat":316010},{"id":17754,"n":"Flageolets Cassegrain - 2x265g","p":3.15,"u":"5,94 €/KG","img":"https://fd2-photos.leclercdrive.fr/image.ashx?id=2983090&use=l&cat=p&typeid=i","cat":312606},{"id":17767,"n":"Gambas entières Pêche Océan ASC - 400g","p":8.99,"u":"22,48 €/KG","img":"https://fd2-photos.leclercdrive.fr/image.ashx?id=1469051&use=l&cat=p&typeid=i","cat":319787},{"id":17768,"n":"Boudins blancs au porto Tradilège x3 - 375g","p":3.78,"u":"10,08 €/KG","img":"https://fd2-photos.leclercdrive.fr/image.ashx?id=2252040&use=l&cat=p&typeid=i","cat":316012},{"id":17845,"n":"Saumon crème fraîche Marie Fondue poireaux 400g","p":4.98,"u":"12,45 €/KG","img":"https://fd2-photos.leclercdrive.fr/image.ashx?id=2996785&use=l&cat=p&typeid=i","cat":319786},{"id":17899,"n":"Knacks pur porc Tradilège Fumées au bois x10 - 350g","p":1.55,"u":"4,43 €/KG","img":"https://fd2-photos.leclercdrive.fr/image.ashx?id=2448321&use=l&cat=p&typeid=i","cat":316012},{"id":17901,"n":"Macaroni d'Alsace NRT 250g","p":1.39,"u":"5,56 €/KG","img":"https://fd2-photos.leclercdrive.fr/image.ashx?id=2839989&use=l&cat=p&typeid=i","cat":284427},{"id":17917,"n":"Nettoyant canalisations Ouragan Fraîcheur mentholée - 1L","p":3.36,"u":"3,36 €/L","img":"https://fd2-photos.leclercdrive.fr/image.ashx?id=2367544&use=l&cat=p&typeid=i","cat":284662},{"id":17937,"n":"IGP Pruneaux d'agen Bio Village Bio - 250g","p":2.96,"u":"11,84 €/KG","img":"https://fd2-photos.leclercdrive.fr/image.ashx?id=2049211&use=l&cat=p&typeid=i","cat":284357},{"id":17938,"n":"Flan nappé caramel Bio Bio Village - 4x125g","p":1.99,"u":"3,98 €/KG","img":"https://fd2-photos.leclercdrive.fr/image.ashx?id=1079077&use=l&cat=p&typeid=i","cat":284420},{"id":18002,"n":"Lait céréales Blédidej 12 mois Biscuité vanille - 4x250ml","p":3.35,"u":"3,35 €/L","img":"https://fd2-photos.leclercdrive.fr/image.ashx?id=2921034&use=l&cat=p&typeid=i","cat":312226},{"id":18066,"n":"Nouilles chinoises Suzi Wan En nid - 250g","p":1.56,"u":"6,24 €/KG","img":"https://fd2-photos.leclercdrive.fr/image.ashx?id=2886253&use=l&cat=p&typeid=i","cat":288992},{"id":18070,"n":"Fromage frais bio Bio Village Fruits panachés - 12x50g","p":2.76,"u":"4,60 €/KG","img":"https://fd2-photos.leclercdrive.fr/image.ashx?id=2992630&use=l&cat=p&typeid=i","cat":284409},{"id":18100,"n":"Lait céréales bébé Blédiner 12m Légumes soir - 2x250ml","p":1.78,"u":"3,56 €/L","img":"https://fd2-photos.leclercdrive.fr/image.ashx?id=2960144&use=l&cat=p&typeid=i","cat":312239},{"id":18124,"n":"Pêche poire cerise  Douceur du Verger - 4x70g","p":2.79,"u":"9,96 €/KG","img":"https://fd2-photos.leclercdrive.fr/image.ashx?id=2149378&use=l&cat=p&typeid=i","cat":284507},{"id":18207,"n":"Lingettes démaquillantes Inell x25","p":1.34,"u":"0,05 €/P","img":"https://fd2-photos.leclercdrive.fr/image.ashx?id=2769579&use=l&cat=p&typeid=i","cat":284603},{"id":18208,"n":"Lingettes démaquillantes Inell x25","p":1.34,"u":"0,05 €/P","img":"https://fd2-photos.leclercdrive.fr/image.ashx?id=2752622&use=l&cat=p&typeid=i","cat":284603},{"id":18218,"n":"Chipolatas Férial x6 - 330g","p":3.49,"u":"10,58 €/KG","img":"https://fd2-photos.leclercdrive.fr/image.ashx?id=2837096&use=l&cat=p&typeid=i","cat":284334},{"id":18219,"n":"Merguez Férial x6 - 330g","p":4.19,"u":"12,70 €/KG","img":"https://fd2-photos.leclercdrive.fr/image.ashx?id=2840019&use=l&cat=p&typeid=i","cat":284334},{"id":18221,"n":"Lardons supérieurs Tradilège Nature - 2x100g","p":1.85,"u":"9,25 €/KG","img":"https://fd2-photos.leclercdrive.fr/image.ashx?id=2933340&use=l&cat=p&typeid=i","cat":316011},{"id":18222,"n":"Farce à légumes Férial 800g","p":7.19,"u":"8,99 €/KG","img":"https://fd2-photos.leclercdrive.fr/image.ashx?id=2922706&use=l&cat=p&typeid=i","cat":284332},{"id":18223,"n":"Lardons supérieurs Tradilège Fumés - 2x100g","p":1.85,"u":"9,25 €/KG","img":"https://fd2-photos.leclercdrive.fr/image.ashx?id=2933343&use=l&cat=p&typeid=i","cat":316011},{"id":18224,"n":"Allumettes Tradilège Nature - 2x100g","p":1.75,"u":"8,75 €/KG","img":"https://fd2-photos.leclercdrive.fr/image.ashx?id=2933349&use=l&cat=p&typeid=i","cat":316011},{"id":18225,"n":"Allumettes Tradilège Fumées - 2x100g","p":1.75,"u":"8,75 €/KG","img":"https://fd2-photos.leclercdrive.fr/image.ashx?id=2933346&use=l&cat=p&typeid=i","cat":316011},{"id":18227,"n":"Lardons supérieurs Tradilège Nature - 160g","p":1.48,"u":"9,25 €/KG","img":"https://fd2-photos.leclercdrive.fr/image.ashx?id=2751949&use=l&cat=p&typeid=i","cat":316011},{"id":18230,"n":"Lardons supérieurs Tradilège Fumés - 160g","p":1.48,"u":"9,25 €/KG","img":"https://fd2-photos.leclercdrive.fr/image.ashx?id=2816636&use=l&cat=p&typeid=i","cat":316011},{"id":18233,"n":"Poitrine Fumée Tradilège Tranches fines - 2x7T - 200g","p":2.48,"u":"12,40 €/KG","img":"https://fd2-photos.leclercdrive.fr/image.ashx?id=2852267&use=l&cat=p&typeid=i","cat":316011},{"id":18234,"n":"Jambon blanc Tradilège A l'italienne 4 tranches 120g","p":2.19,"u":"18,25 €/KG","img":"https://fd2-photos.leclercdrive.fr/image.ashx?id=2984182&use=l&cat=p&typeid=i","cat":316009},{"id":18235,"n":"Mousse de foie Tradilège Supérieure 180g","p":1.29,"u":"7,17 €/KG","img":"https://fd2-photos.leclercdrive.fr/image.ashx?id=2693147&use=l&cat=p&typeid=i","cat":316008},{"id":18238,"n":"Mousse de canard Tradilège 180g","p":1.15,"u":"6,39 €/KG","img":"https://fd2-photos.leclercdrive.fr/image.ashx?id=2994360&use=l&cat=p&typeid=i","cat":316008},{"id":18240,"n":"Mousse de canard Tradilège 2x50g","p":1.09,"u":"10,90 €/KG","img":"https://fd2-photos.leclercdrive.fr/image.ashx?id=2998886&use=l&cat=p&typeid=i","cat":316008},{"id":18241,"n":"Pâté de campagne Tradilège Supérieur 180g","p":1.29,"u":"7,17 €/KG","img":"https://fd2-photos.leclercdrive.fr/image.ashx?id=2844848&use=l&cat=p&typeid=i","cat":316008},{"id":18245,"n":"Rillettes du Mans Tradilège 220g","p":1.49,"u":"6,77 €/KG","img":"https://fd2-photos.leclercdrive.fr/image.ashx?id=2548124&use=l&cat=p&typeid=i","cat":316008},{"id":18246,"n":"Rillettes du Mans Tradilège 400g","p":2.32,"u":"5,80 €/KG","img":"https://fd2-photos.leclercdrive.fr/image.ashx?id=2580385&use=l&cat=p&typeid=i","cat":316008},{"id":18251,"n":"Knacks Tradilège Fumées au bois - x4 - 140g","p":1.05,"u":"7,50 €/KG","img":"https://fd2-photos.leclercdrive.fr/image.ashx?id=2930739&use=l&cat=p&typeid=i","cat":316012},{"id":18252,"n":"Knacks Tradilège Fumées au bois - x6 - 210g","p":1.39,"u":"6,62 €/KG","img":"https://fd2-photos.leclercdrive.fr/image.ashx?id=2448318&use=l&cat=p&typeid=i","cat":316012},{"id":18257,"n":"Saucisses Cocktail Tradilège 400g","p":2.82,"u":"7,05 €/KG","img":"https://fd2-photos.leclercdrive.fr/image.ashx?id=2659082&use=l&cat=p&typeid=i","cat":316012},{"id":18259,"n":"Saucisson à l'ail Tradilège Fumé - 300g","p":2.08,"u":"6,93 €/KG","img":"https://fd2-photos.leclercdrive.fr/image.ashx?id=2930742&use=l&cat=p&typeid=i","cat":316006},{"id":18262,"n":"Cervelas supérieur Tradilège 300g","p":2.03,"u":"6,77 €/KG","img":"https://fd2-photos.leclercdrive.fr/image.ashx?id=2421636&use=l&cat=p&typeid=i","cat":316012},{"id":18266,"n":"Dés de jambon Tradilège 2x75g","p":1.49,"u":"9,93 €/KG","img":"https://fd2-photos.leclercdrive.fr/image.ashx?id=2925732&use=l&cat=p&typeid=i","cat":316011},{"id":18267,"n":"Allumettes de jambon Tradilège 2x75g","p":1.06,"u":"7,07 €/KG","img":"https://fd2-photos.leclercdrive.fr/image.ashx?id=2925716&use=l&cat=p&typeid=i","cat":316011},{"id":18268,"n":"Rôti de porc Tradilège 4 tranches 160g","p":2.12,"u":"13,25 €/KG","img":"https://fd2-photos.leclercdrive.fr/image.ashx?id=2984173&use=l&cat=p&typeid=i","cat":316009},{"id":18287,"n":"Céréales Extra Kellogg's Chocolat au lait - 500g","p":3.16,"u":"6,32 €/KG","img":"https://fd2-photos.leclercdrive.fr/image.ashx?id=2692707&use=l&cat=p&typeid=i","cat":309512},{"id":18347,"n":"Porc : Paupiette Férial x6 780g","p":7.78,"u":"9,97 €/KG","img":"https://fd2-photos.leclercdrive.fr/image.ashx?id=2852291&use=l&cat=p&typeid=i","cat":284331},{"id":18351,"n":"Fromage à tartiner Les Croisés Nature - 25%mg - 150g","p":1.24,"u":"8,27 €/KG","img":"https://fd2-photos.leclercdrive.fr/image.ashx?id=1671226&use=l&cat=p&typeid=i","cat":314029},{"id":18353,"n":"Mini viennoiseries 12p","p":3.0,"u":"0,25 €/P","img":"https://fd2-photos.leclercdrive.fr/image.ashx?id=599241&use=l&cat=p&typeid=i","cat":284984},{"id":18362,"n":"Biscuit bébé Blédina 10 mois Boudoir - 120g","p":1.81,"u":"15,08 €/KG","img":"https://fd2-photos.leclercdrive.fr/image.ashx?id=2801114&use=l&cat=p&typeid=i","cat":312227},{"id":18363,"n":"Pots bébé bio Babybio Maïs poulet - 8 mois - 2x200g","p":2.76,"u":"6,90 €/KG","img":"https://fd2-photos.leclercdrive.fr/image.ashx?id=2827461&use=l&cat=p&typeid=i","cat":312236},{"id":18364,"n":"Haricots rouges D'aucy  250g","p":1.08,"u":"4,32 €/KG","img":"https://fd2-photos.leclercdrive.fr/image.ashx?id=2538434&use=l&cat=p&typeid=i","cat":312606},{"id":18375,"n":"Petits pois carottes d''Aucy Extra fins - 265g","p":1.06,"u":"4,00 €/KG","img":"https://fd2-photos.leclercdrive.fr/image.ashx?id=2475324&use=l&cat=p&typeid=i","cat":312607},{"id":18384,"n":"Fagot bouquet garni Ducros 17g","p":2.02,"u":"118,82 €/KG","img":"https://fd2-photos.leclercdrive.fr/image.ashx?id=2326667&use=l&cat=p&typeid=i","cat":298297},{"id":18387,"n":"Herbes de Provence Ducros Barbecue - 100g","p":1.34,"u":"13,40 €/KG","img":"https://fd2-photos.leclercdrive.fr/image.ashx?id=2414717&use=l&cat=p&typeid=i","cat":298297},{"id":18392,"n":"Paprika doux moulu Ducros 40g","p":1.67,"u":"41,75 €/KG","img":"https://fd2-photos.leclercdrive.fr/image.ashx?id=2854414&use=l&cat=p&typeid=i","cat":298297},{"id":18393,"n":"Persil Ducros 17g","p":1.67,"u":"98,24 €/KG","img":"https://fd2-photos.leclercdrive.fr/image.ashx?id=2559436&use=l&cat=p&typeid=i","cat":298297},{"id":18394,"n":"Persil Ducros 30g","p":3.49,"u":"116,33 €/KG","img":"https://fd2-photos.leclercdrive.fr/image.ashx?id=2486554&use=l&cat=p&typeid=i","cat":298297},{"id":18398,"n":"Piment doux moulu Ducros 40g","p":2.04,"u":"51,00 €/KG","img":"https://fd2-photos.leclercdrive.fr/image.ashx?id=2490494&use=l&cat=p&typeid=i","cat":298297},{"id":18399,"n":"Poivre gris moulu Ducros 2x18g","p":2.29,"u":"63,61 €/KG","img":"https://fd2-photos.leclercdrive.fr/image.ashx?id=2759454&use=l&cat=p&typeid=i","cat":298297},{"id":18403,"n":"Poivre saveur et épices Ducros Moulin - 30g","p":2.99,"u":"99,67 €/KG","img":"https://fd2-photos.leclercdrive.fr/image.ashx?id=2353698&use=l&cat=p&typeid=i","cat":284457},{"id":18404,"n":"Safran moulu Ducros 4 doses - 0.4g","p":4.15,"img":"https://fd2-photos.leclercdrive.fr/image.ashx?id=2580490&use=l&cat=p&typeid=i","cat":298297},{"id":18408,"n":"Thon entier Pêche Océan Naturel - 140g","p":1.9,"u":"13,57 €/KG","img":"https://fd2-photos.leclercdrive.fr/image.ashx?id=2943638&use=l&cat=p&typeid=i","cat":303867},{"id":18409,"n":"Thon entier Pêche Océan Naturel - 93g","p":1.39,"u":"14,95 €/KG","img":"https://fd2-photos.leclercdrive.fr/image.ashx?id=2943632&use=l&cat=p&typeid=i","cat":303867},{"id":18437,"n":"Allumettes Bacon Tradilège Fumées - 2x100g","p":1.74,"u":"8,70 €/KG","img":"https://fd2-photos.leclercdrive.fr/image.ashx?id=2905952&use=l&cat=p&typeid=i","cat":316011},{"id":18441,"n":"Pur jus de fruits Jafaden Mandarine - 1L","p":2.39,"u":"2,39 €/L","img":"https://fd2-photos.leclercdrive.fr/image.ashx?id=2956044&use=l&cat=p&typeid=i","cat":284915},{"id":18521,"n":"Papier toilette Mimosa Blanc double épaisseur - x12","p":2.85,"u":"0,24 €/P","img":"https://fd2-photos.leclercdrive.fr/image.ashx?id=2434230&use=l&cat=p&typeid=i","cat":284634},{"id":18577,"n":"Papier toilette Mimosa Blanc - Ultra doux - x24","p":4.33,"u":"0,18 €/P","img":"https://fd2-photos.leclercdrive.fr/image.ashx?id=2796488&use=l&cat=p&typeid=i","cat":284634},{"id":18598,"n":"Yaourts à la Grecque Délisse Mûre Framboise - 4x150g","p":1.99,"u":"3,32 €/KG","img":"https://fd2-photos.leclercdrive.fr/image.ashx?id=2699441&use=l&cat=p&typeid=i","cat":314999},{"id":18669,"n":"Snacks Tokapi 4 saveurs - 100g","p":0.87,"u":"8,70 €/KG","img":"https://fd2-photos.leclercdrive.fr/image.ashx?id=2884234&use=l&cat=p&typeid=i","cat":284449},{"id":18670,"n":"Tuiles Tokapi Bacon - 170g","p":1.39,"u":"8,18 €/KG","img":"https://fd2-photos.leclercdrive.fr/image.ashx?id=2657205&use=l&cat=p&typeid=i","cat":287899},{"id":18671,"n":"Tuiles Tokapi Paprika - 170g","p":1.35,"u":"7,94 €/KG","img":"https://fd2-photos.leclercdrive.fr/image.ashx?id=2632852&use=l&cat=p&typeid=i","cat":287899},{"id":18676,"n":"Allume-feu Silex cubes 18 sachets individuels","p":3.23,"img":"https://fd2-photos.leclercdrive.fr/image.ashx?id=2643584&use=l&cat=p&typeid=i","cat":300578},{"id":18723,"n":"Boulettes provençale Férial x12 - 300g","p":3.99,"u":"13,30 €/KG","img":"https://fd2-photos.leclercdrive.fr/image.ashx?id=2816627&use=l&cat=p&typeid=i","cat":284332},{"id":18746,"n":"Pavés de boeuf à l'échalote Férial x2 - 240g","p":4.79,"u":"19,96 €/KG","img":"https://fd2-photos.leclercdrive.fr/image.ashx?id=2854273&use=l&cat=p&typeid=i","cat":284328},{"id":18748,"n":"Pavés de boeuf marinés nature F x2 - 240g","p":4.99,"u":"20,79 €/KG","img":"https://fd2-photos.leclercdrive.fr/image.ashx?id=2854270&use=l&cat=p&typeid=i","cat":284328},{"id":18754,"n":"Boulettes nature Férial x12 - 300g","p":3.79,"u":"12,63 €/KG","img":"https://fd2-photos.leclercdrive.fr/image.ashx?id=2816624&use=l&cat=p&typeid=i","cat":284332},{"id":18953,"n":"Thon entier Pêche Océan Naturel - 186g","p":2.5,"u":"13,44 €/KG","img":"https://fd2-photos.leclercdrive.fr/image.ashx?id=2941429&use=l&cat=p&typeid=i","cat":303867},{"id":18968,"n":"Gâteaux mini marbrés P'tit Déli Chocolat x7 - 189g","p":1.59,"u":"8,41 €/KG","img":"https://fd2-photos.leclercdrive.fr/image.ashx?id=1947360&use=l&cat=p&typeid=i","cat":284495},{"id":18996,"n":"Confiture Bonne Maman 4 fruits rouges - 370g","p":2.47,"u":"6,68 €/KG","img":"https://fd2-photos.leclercdrive.fr/image.ashx?id=2547474&use=l&cat=p&typeid=i","cat":284480},{"id":19023,"n":"Sirop Frucci Citron - 1L","p":2.04,"u":"2,04 €/L","img":"https://fd2-photos.leclercdrive.fr/image.ashx?id=2955656&use=l&cat=p&typeid=i","cat":295020},{"id":19066,"n":"Vodka Poliakov 37,5%vol - 1L","p":15.82,"u":"15,82 €/L","img":"https://fd2-photos.leclercdrive.fr/image.ashx?id=2576916&use=l&cat=p&typeid=i","cat":284550},{"id":19098,"n":"Cookies gros éclats Granola Chocolat - 184g","p":1.76,"u":"9,57 €/KG","img":"https://fd2-photos.leclercdrive.fr/image.ashx?id=2996413&use=l&cat=p&typeid=i","cat":325066},{"id":19102,"n":"Croquettes chat Purina One Stérilisé-Saumon/Céréales-1,5kg","p":6.65,"u":"4,43 €/KG","img":"https://fd2-photos.leclercdrive.fr/image.ashx?id=2541268&use=l&cat=p&typeid=i","cat":284680},{"id":19110,"n":"Boeuf Bourguignon Côté Table 300g","p":2.04,"u":"6,80 €/KG","img":"https://fd2-photos.leclercdrive.fr/image.ashx?id=2517679&use=l&cat=p&typeid=i","cat":284953},{"id":19112,"n":"Thé vert Bio Ethiquable Gingembre Citron vert x20 - 36g","p":2.3,"u":"63,89 €/KG","img":"https://fd2-photos.leclercdrive.fr/image.ashx?id=2870842&use=l&cat=p&typeid=i","cat":293233},{"id":19119,"n":"Pains au lait La Boulangère Bio x8 - 280g","p":2.02,"u":"7,21 €/KG","img":"https://fd2-photos.leclercdrive.fr/image.ashx?id=2972460&use=l&cat=p&typeid=i","cat":293505},{"id":19138,"n":"Semoule Couscous Bio Village Semi complet Bio - 500g","p":1.95,"u":"3,90 €/KG","img":"https://fd2-photos.leclercdrive.fr/image.ashx?id=2814217&use=l&cat=p&typeid=i","cat":284429},{"id":19146,"n":"Cappelletti bio Céréal Bio tofu et Chèvre express-220g","p":1.89,"u":"8,59 €/KG","img":"https://fd2-photos.leclercdrive.fr/image.ashx?id=2642372&use=l&cat=p&typeid=i","cat":287600},{"id":19155,"n":"Farine de blé Bio Francine 1kg","p":1.79,"u":"1,79 €/KG","img":"https://fd2-photos.leclercdrive.fr/image.ashx?id=2989117&use=l&cat=p&typeid=i","cat":284503},{"id":19199,"n":"Pain de mie La Boulangère à la  Farine complète Bio - 500g","p":1.88,"u":"3,76 €/KG","img":"https://fd2-photos.leclercdrive.fr/image.ashx?id=2912386&use=l&cat=p&typeid=i","cat":284477},{"id":19204,"n":"Son d'avoine Bio Bjorg 500g","p":2.96,"u":"5,92 €/KG","img":"https://fd2-photos.leclercdrive.fr/image.ashx?id=2786045&use=l&cat=p&typeid=i","cat":309512},{"id":19208,"n":"Biscuits nappés Bio Village Chocolat noir Bio 200g","p":2.62,"u":"13,10 €/KG","img":"https://fd2-photos.leclercdrive.fr/image.ashx?id=1937510&use=l&cat=p&typeid=i","cat":284488},{"id":19210,"n":"Flageolets Préparés Cassegrain Extra Fins 265g","p":1.67,"u":"6,30 €/KG","img":"https://fd2-photos.leclercdrive.fr/image.ashx?id=2983084&use=l&cat=p&typeid=i","cat":312606},{"id":19211,"n":"Lentilles Préparées Cassegrain Tendres et Fondants 265g","p":1.63,"u":"6,15 €/KG","img":"https://fd2-photos.leclercdrive.fr/image.ashx?id=2952460&use=l&cat=p&typeid=i","cat":312609},{"id":19231,"n":"Petit Pois Cassegrain Tendres et Fondants 140g","p":1.25,"u":"8,93 €/KG","img":"https://fd2-photos.leclercdrive.fr/image.ashx?id=2912974&use=l&cat=p&typeid=i","cat":312607},{"id":19232,"n":"Printanière Cassegrain Carotte, Petit Pois, Champignon - 265g","p":2.0,"u":"7,55 €/KG","img":"https://fd2-photos.leclercdrive.fr/image.ashx?id=2913001&use=l&cat=p&typeid=i","cat":312612},{"id":19239,"n":"Fruits au sirop St Mamet Pêches - 475g","p":2.75,"u":"5,79 €/KG","img":"https://fd2-photos.leclercdrive.fr/image.ashx?id=2630217&use=l&cat=p&typeid=i","cat":284507},{"id":19255,"n":"Croquettes chat Purina One Light Adulte -Poulet/Blé -1,5kg","p":7.15,"u":"4,77 €/KG","img":"https://fd2-photos.leclercdrive.fr/image.ashx?id=2432010&use=l&cat=p&typeid=i","cat":284680},{"id":19256,"n":"Croquettes chat Purina One Adulte d'intérieur-Dinde -1,5kg","p":7.12,"u":"4,75 €/KG","img":"https://fd2-photos.leclercdrive.fr/image.ashx?id=2902271&use=l&cat=p&typeid=i","cat":284680},{"id":19257,"n":"Croquettes chat Purina One Sensible Adulte-Dinde/Riz-450g","p":2.52,"u":"5,60 €/KG","img":"https://fd2-photos.leclercdrive.fr/image.ashx?id=2459658&use=l&cat=p&typeid=i","cat":284680},{"id":19263,"n":"Filets de maquereaux Saupiquet A la moutarde - 169g","p":1.89,"u":"11,18 €/KG","img":"https://fd2-photos.leclercdrive.fr/image.ashx?id=2829961&use=l&cat=p&typeid=i","cat":303868},{"id":19279,"n":"Sucre de canne Daddy En morceaux - 1kg","p":2.23,"u":"2,23 €/KG","img":"https://fd2-photos.leclercdrive.fr/image.ashx?id=2908576&use=l&cat=p&typeid=i","cat":284502},{"id":19284,"n":"Huile pépins de raisin Cauvin 1l","p":6.79,"u":"6,79 €/L","img":"https://fd2-photos.leclercdrive.fr/image.ashx?id=2479234&use=l&cat=p&typeid=i","cat":284453},{"id":19285,"n":"Sauce crudités Rustica Fines herbes - 50cl","p":0.88,"u":"1,76 €/L","img":"https://fd2-photos.leclercdrive.fr/image.ashx?id=1972916&use=l&cat=p&typeid=i","cat":284456},{"id":19293,"n":"Lait céréales bébé Blédiner 12m Carotte pois soir - 2x250ml","p":1.73,"u":"3,46 €/L","img":"https://fd2-photos.leclercdrive.fr/image.ashx?id=2949856&use=l&cat=p&typeid=i","cat":312239},{"id":19296,"n":"Gressins Tokapi Sésame - 125g","p":1.17,"u":"9,36 €/KG","img":"https://fd2-photos.leclercdrive.fr/image.ashx?id=1993574&use=l&cat=p&typeid=i","cat":297000},{"id":19297,"n":"Lait céréales bébé Blédiner 6m Potiron soir - 2x250ml","p":1.75,"u":"3,50 €/L","img":"https://fd2-photos.leclercdrive.fr/image.ashx?id=2960141&use=l&cat=p&typeid=i","cat":312239},{"id":19301,"n":"Céréales Tipiak Méditerranéennes 2x200g","p":1.83,"u":"4,58 €/KG","img":"https://fd2-photos.leclercdrive.fr/image.ashx?id=2766253&use=l&cat=p&typeid=i","cat":284429},{"id":19303,"n":"Mini penne Turini 500g","p":0.98,"u":"1,96 €/KG","img":"https://fd2-photos.leclercdrive.fr/image.ashx?id=3015063&use=l&cat=p&typeid=i","cat":284427},{"id":19304,"n":"Mini farfalle Turini 500g","p":1.26,"u":"2,52 €/KG","img":"https://fd2-photos.leclercdrive.fr/image.ashx?id=2607494&use=l&cat=p&typeid=i","cat":284427},{"id":19305,"n":"Pâtes Spaghetti Panzani 3 Minutes - 500G","p":1.18,"u":"2,36 €/KG","img":"https://fd2-photos.leclercdrive.fr/image.ashx?id=3008035&use=l&cat=p&typeid=i","cat":284427},{"id":19308,"n":"Epices pour guacamole Old el paso - 20g","p":1.1,"u":"55,00 €/KG","img":"https://fd2-photos.leclercdrive.fr/image.ashx?id=2858168&use=l&cat=p&typeid=i","cat":288993},{"id":19313,"n":"Tartelettes Bonne Maman A la framboise étui 135g","p":1.34,"u":"9,93 €/KG","img":"https://fd2-photos.leclercdrive.fr/image.ashx?id=2984383&use=l&cat=p&typeid=i","cat":284489},{"id":19319,"n":"Cookies Eco+ Pépites de chocolat - 200g","p":0.92,"u":"4,60 €/KG","img":"https://fd2-photos.leclercdrive.fr/image.ashx?id=2821875&use=l&cat=p&typeid=i","cat":325066},{"id":19353,"n":"Mao Croqui Haribo Sachet bonbons - 250g","p":1.34,"u":"5,36 €/KG","img":"https://fd2-photos.leclercdrive.fr/image.ashx?id=2805192&use=l&cat=p&typeid=i","cat":304250},{"id":19364,"n":"Madeleines extra Ker Cadélac Coquilles moelleuses x24 - 600g","p":2.88,"u":"4,80 €/KG","img":"https://fd2-photos.leclercdrive.fr/image.ashx?id=2939511&use=l&cat=p&typeid=i","cat":284492},{"id":19366,"n":"Barres céréales Grany Chocolat - 125g","p":1.75,"u":"14,00 €/KG","img":"https://fd2-photos.leclercdrive.fr/image.ashx?id=2773613&use=l&cat=p&typeid=i","cat":285869},{"id":19367,"n":"Chocolat au lait Alter Eco  fondant Bio - 100g","p":2.84,"u":"28,40 €/KG","img":"https://fd2-photos.leclercdrive.fr/image.ashx?id=2912353&use=l&cat=p&typeid=i","cat":284497},{"id":19386,"n":"Méli mélo céréales lég Tipiak 330g","p":1.88,"u":"5,70 €/KG","img":"https://fd2-photos.leclercdrive.fr/image.ashx?id=2563715&use=l&cat=p&typeid=i","cat":284429},{"id":19407,"n":"Tablette chocolat Milka Chocolat lait/daim - 2x100g","p":2.98,"u":"14,90 €/KG","img":"https://fd2-photos.leclercdrive.fr/image.ashx?id=3009149&use=l&cat=p&typeid=i","cat":284497},{"id":19411,"n":"Compote Allégée en sucres Eco+ Coupelle pomme - 4x100g","p":0.55,"u":"1,38 €/KG","img":"https://fd2-photos.leclercdrive.fr/image.ashx?id=1961398&use=l&cat=p&typeid=i","cat":284508},{"id":19416,"n":"Dessert fruitier Andros Pomme allégé 730g","p":1.25,"u":"1,71 €/KG","img":"https://fd2-photos.leclercdrive.fr/image.ashx?id=2369930&use=l&cat=p&typeid=i","cat":284508},{"id":19420,"n":"Pâtes Torsades Turini Nature tomate épinard - 500g","p":1.1,"u":"2,20 €/KG","img":"https://fd2-photos.leclercdrive.fr/image.ashx?id=2607485&use=l&cat=p&typeid=i","cat":284427},{"id":19424,"n":"Spaghetti Turini Au blé complet - 500g","p":0.95,"u":"1,90 €/KG","img":"https://fd2-photos.leclercdrive.fr/image.ashx?id=2607497&use=l&cat=p&typeid=i","cat":284427},{"id":19426,"n":"Gâteaux L'Ourson Lulu LU Chocolat - 150g","p":1.27,"u":"8,47 €/KG","img":"https://fd2-photos.leclercdrive.fr/image.ashx?id=3014425&use=l&cat=p&typeid=i","cat":284495},{"id":19427,"n":"Pâtes penne Turini Blé complet - 500g","p":1.0,"u":"2,00 €/KG","img":"https://fd2-photos.leclercdrive.fr/image.ashx?id=2607500&use=l&cat=p&typeid=i","cat":284427},{"id":19432,"n":"Pains au chocolat Eco+ x10 - 450g","p":1.55,"u":"3,44 €/KG","img":"https://fd2-photos.leclercdrive.fr/image.ashx?id=2927833&use=l&cat=p&typeid=i","cat":296366},{"id":19433,"n":"Pain au lait Eco+ x10 - 400g","p":0.99,"u":"2,48 €/KG","img":"https://fd2-photos.leclercdrive.fr/image.ashx?id=2643578&use=l&cat=p&typeid=i","cat":293505},{"id":19435,"n":"Barres de céréales Special K Kellogg's Chocolat lait - 6x20g","p":2.09,"u":"17,42 €/KG","img":"https://fd2-photos.leclercdrive.fr/image.ashx?id=2306366&use=l&cat=p&typeid=i","cat":285869},{"id":19440,"n":"Flageolets d'aucy  Extra-fins - 530g","p":1.86,"u":"3,51 €/KG","img":"https://fd2-photos.leclercdrive.fr/image.ashx?id=2486152&use=l&cat=p&typeid=i","cat":312606},{"id":19463,"n":"Sticks dentaires Lydog Moyen chien - x7 - 180g","p":1.39,"u":"7,72 €/KG","img":"https://fd2-photos.leclercdrive.fr/image.ashx?id=1878598&use=l&cat=p&typeid=i","cat":294527},{"id":19471,"n":"Mélange Le Sélect Vico Graines variées - 100g","p":2.07,"u":"20,70 €/KG","img":"https://fd2-photos.leclercdrive.fr/image.ashx?id=2569839&use=l&cat=p&typeid=i","cat":284448},{"id":19473,"n":"Assiettes rondes Homeside Biodégradables 23cm x25","p":2.99,"img":"https://fd2-photos.leclercdrive.fr/image.ashx?id=1659687&use=l&cat=p&typeid=i","cat":334134},{"id":19491,"n":"Couscous tunisien Côté Table Kefta merguez - 300g","p":2.19,"u":"7,30 €/KG","img":"https://fd2-photos.leclercdrive.fr/image.ashx?id=2499498&use=l&cat=p&typeid=i","cat":284953},{"id":19493,"n":"Colin d'alaska Côté Table Barquette micro-ondable 300g","p":1.99,"u":"6,63 €/KG","img":"https://fd2-photos.leclercdrive.fr/image.ashx?id=2476134&use=l&cat=p&typeid=i","cat":284953},{"id":19535,"n":"Stick lèvres Inell Nourrissant - 2 pièces","p":1.99,"u":"1,00 €/P","img":"https://fd2-photos.leclercdrive.fr/image.ashx?id=2841622&use=l&cat=p&typeid=i","cat":285485},{"id":19542,"n":"Filets de saumon rose Findus Pacifique - MSC - x4 - 400g","p":11.34,"u":"28,35 €/KG","img":"https://fd2-photos.leclercdrive.fr/image.ashx?id=2735326&use=l&cat=p&typeid=i","cat":319786},{"id":19575,"n":"Lait démaquillant Inell Douceur 250ml","p":1.59,"u":"6,36 €/L","img":"https://fd2-photos.leclercdrive.fr/image.ashx?id=2691622&use=l&cat=p&typeid=i","cat":284603},{"id":19601,"n":"Gâteaux marbrés P'tit Déli x14 378g","p":2.97,"u":"7,86 €/KG","img":"https://fd2-photos.leclercdrive.fr/image.ashx?id=1947363&use=l&cat=p&typeid=i","cat":284495},{"id":19609,"n":"Tuiles Tokapi Fromage - 170g","p":1.39,"u":"8,18 €/KG","img":"https://fd2-photos.leclercdrive.fr/image.ashx?id=2647426&use=l&cat=p&typeid=i","cat":287899},{"id":19611,"n":"Soupe Velouté Régal Soupe Tomates - 2x30cl","p":1.49,"u":"2,48 €/L","img":"https://fd2-photos.leclercdrive.fr/image.ashx?id=2623007&use=l&cat=p&typeid=i","cat":284462},{"id":19625,"n":"Mini goûters P'tit Déli Fraise 168g","p":1.13,"u":"6,73 €/KG","img":"https://fd2-photos.leclercdrive.fr/image.ashx?id=2310498&use=l&cat=p&typeid=i","cat":284489},{"id":19660,"n":"Cordons bleus Pic'Express Au poulet 4x100g","p":3.63,"u":"9,08 €/KG","img":"https://fd2-photos.leclercdrive.fr/image.ashx?id=2852949&use=l&cat=p&typeid=i","cat":319780},{"id":19702,"n":"Sucre en poudre Béghin Say 750g","p":1.76,"u":"2,35 €/KG","img":"https://fd2-photos.leclercdrive.fr/image.ashx?id=2866352&use=l&cat=p&typeid=i","cat":284502},{"id":19704,"n":"Sardines NRT St-Gilles Label Rouge à l'huile - 115g","p":2.25,"u":"19,57 €/KG","img":"https://fd2-photos.leclercdrive.fr/image.ashx?id=2867922&use=l&cat=p&typeid=i","cat":305146},{"id":19719,"n":"Yaourts Lait entier Bio Village Bio Vanille - 4x125g","p":1.27,"u":"2,54 €/KG","img":"https://fd2-photos.leclercdrive.fr/image.ashx?id=2702336&use=l&cat=p&typeid=i","cat":286006},{"id":19723,"n":"Sacs congélation zip Elembal Grand x15","p":1.8,"u":"0,12 €/P","img":"https://fd2-photos.leclercdrive.fr/image.ashx?id=2751889&use=l&cat=p&typeid=i","cat":334134},{"id":19729,"n":"Biscuit P'tit Déli Palmiers Chocolat au lait 110g","p":1.25,"u":"11,36 €/KG","img":"https://fd2-photos.leclercdrive.fr/image.ashx?id=2573403&use=l&cat=p&typeid=i","cat":284488},{"id":19743,"n":"Déodorant atomiseur Carré Homme Musc 200ml","p":1.35,"u":"6,75 €/L","img":"https://fd2-photos.leclercdrive.fr/image.ashx?id=2375998&use=l&cat=p&typeid=i","cat":284618},{"id":19744,"n":"Déodorant atomiseur Carré Homme Marine 200ml","p":1.35,"u":"6,75 €/L","img":"https://fd2-photos.leclercdrive.fr/image.ashx?id=2390707&use=l&cat=p&typeid=i","cat":284618},{"id":19756,"n":"Gaufres fines du Nord NRT 300g","p":3.5,"u":"11,67 €/KG","img":"https://fd2-photos.leclercdrive.fr/image.ashx?id=2622320&use=l&cat=p&typeid=i","cat":284487},{"id":19758,"n":"Essuie-tout Bobine Uni Vert Compact - 500 feuilles x1","p":4.5,"img":"https://fd2-photos.leclercdrive.fr/image.ashx?id=2684826&use=l&cat=p&typeid=i","cat":284635},{"id":19788,"n":"Stick lèvres Inell Hydratant - 2 pièces","p":1.5,"u":"0,75 €/P","img":"https://fd2-photos.leclercdrive.fr/image.ashx?id=2776042&use=l&cat=p&typeid=i","cat":285485},{"id":19796,"n":"Papier aluminium Elembal 30m","p":2.76,"img":"https://fd2-photos.leclercdrive.fr/image.ashx?id=2854231&use=l&cat=p&typeid=i","cat":334134},{"id":19798,"n":"Dissolvant doux Inell Sans acétone - 150ml","p":1.42,"u":"9,47 €/L","img":"https://fd2-photos.leclercdrive.fr/image.ashx?id=2691640&use=l&cat=p&typeid=i","cat":325347},{"id":19814,"n":"Piles alcalines Foxter AA/LR6 1,5V - x8","p":1.69,"u":"0,21 €/P","img":"https://fd2-photos.leclercdrive.fr/image.ashx?id=2162174&use=l&cat=p&typeid=i","cat":300572},{"id":19815,"n":"Piles alcalines Foxter AAA/LR3 1,5V - x8","p":1.69,"img":"https://fd2-photos.leclercdrive.fr/image.ashx?id=2162153&use=l&cat=p&typeid=i","cat":300572},{"id":19856,"n":"Pâtes Barilla Coquillettes - 1kg","p":1.8,"u":"1,80 €/KG","img":"https://fd2-photos.leclercdrive.fr/image.ashx?id=2392230&use=l&cat=p&typeid=i","cat":284427},{"id":19869,"n":"Sirop d'agave Sunny Via 350g","p":2.77,"u":"7,91 €/KG","img":"https://fd2-photos.leclercdrive.fr/image.ashx?id=3004834&use=l&cat=p&typeid=i","cat":287643},{"id":19877,"n":"Mozzarella Spécial Cuisine Les Croisés - 400g","p":2.94,"u":"7,35 €/KG","img":"https://fd2-photos.leclercdrive.fr/image.ashx?id=2992531&use=l&cat=p&typeid=i","cat":314026},{"id":19881,"n":"Dés Salakis herbes de Provence Fromage brebis - 300g","p":3.26,"u":"10,87 €/KG","img":"https://fd2-photos.leclercdrive.fr/image.ashx?id=2729686&use=l&cat=p&typeid=i","cat":314026},{"id":19898,"n":"Oeufs frais Matines x12","p":2.7,"u":"0,23 €/P","img":"https://fd2-photos.leclercdrive.fr/image.ashx?id=2796231&use=l&cat=p&typeid=i","cat":284378},{"id":19901,"n":"Oeufs De Nos Villages Plein air, moyen  - x12","p":3.25,"u":"0,27 €/P","img":"https://fd2-photos.leclercdrive.fr/image.ashx?id=2153942&use=l&cat=p&typeid=i","cat":284378},{"id":19906,"n":"Yaourts brassés aux fruits Bio Bio village - 12x125g","p":4.49,"u":"2,99 €/KG","img":"https://fd2-photos.leclercdrive.fr/image.ashx?id=2841971&use=l&cat=p&typeid=i","cat":284410},{"id":19909,"n":"Yaourts Lait entier Bio Village Bio Vanille - 12x125g","p":3.27,"u":"2,18 €/KG","img":"https://fd2-photos.leclercdrive.fr/image.ashx?id=2032376&use=l&cat=p&typeid=i","cat":286006},{"id":19913,"n":"Mousse liégeoise Viennois  Chocolat - 4x90g","p":1.62,"u":"4,50 €/KG","img":"https://fd2-photos.leclercdrive.fr/image.ashx?id=2785172&use=l&cat=p&typeid=i","cat":285042},{"id":19933,"n":"Pizza Crousti-moelleuse Marie Royale - 3x400g","p":6.94,"u":"5,78 €/KG","img":"https://fd2-photos.leclercdrive.fr/image.ashx?id=2996800&use=l&cat=p&typeid=i","cat":284256},{"id":19935,"n":"Pizza Crousti-moelleuse Marie 4 fromages - 3x390g","p":6.58,"u":"5,62 €/KG","img":"https://fd2-photos.leclercdrive.fr/image.ashx?id=2996803&use=l&cat=p&typeid=i","cat":284256},{"id":19941,"n":"Pur jus d'orange Jafaden Avec pulpe - 1L","p":2.45,"u":"2,45 €/L","img":"https://fd2-photos.leclercdrive.fr/image.ashx?id=2395258&use=l&cat=p&typeid=i","cat":285435},{"id":19948,"n":"fromage blanc sous mousse gervita fraise melba - 4x100g","p":2.04,"u":"5,10 €/KG","img":"https://fd2-photos.leclercdrive.fr/image.ashx?id=2103400&use=l&cat=p&typeid=i","cat":284409},{"id":19957,"n":"Purée brocolis Notre Jardin Nature 750g","p":1.69,"u":"2,25 €/KG","img":"https://fd2-photos.leclercdrive.fr/image.ashx?id=2856163&use=l&cat=p&typeid=i","cat":319805},{"id":19960,"n":"Purée carottes Notre Jardin Nature 750g","p":2.43,"u":"3,24 €/KG","img":"https://fd2-photos.leclercdrive.fr/image.ashx?id=2856166&use=l&cat=p&typeid=i","cat":319805},{"id":19991,"n":"Fromage frais Délisse Fruits panachés - 6x100g","p":2.56,"u":"4,27 €/KG","img":"https://fd2-photos.leclercdrive.fr/image.ashx?id=2913669&use=l&cat=p&typeid=i","cat":284414},{"id":20008,"n":"Compote Andros Pomme nature - 12x100g","p":3.15,"u":"2,63 €/KG","img":"https://fd2-photos.leclercdrive.fr/image.ashx?id=2989114&use=l&cat=p&typeid=i","cat":284416},{"id":20010,"n":"Yaourts lait entier nature Bio  Bio village - 12x125g","p":2.46,"u":"1,64 €/KG","img":"https://fd2-photos.leclercdrive.fr/image.ashx?id=2102992&use=l&cat=p&typeid=i","cat":284409},{"id":20013,"n":"Compote Charles & Alice Pommes Abricots - 4x100g","p":1.38,"u":"3,45 €/KG","img":"https://fd2-photos.leclercdrive.fr/image.ashx?id=2757350&use=l&cat=p&typeid=i","cat":284416},{"id":20032,"n":"Whisky Jack Daniel's Old N°7 1L","p":28.5,"pp":25.65,"u":"25,65 €/L","img":"https://fd2-photos.leclercdrive.fr/image.ashx?id=2805189&use=l&cat=p&typeid=i","cat":284547},{"id":20033,"n":"Bière brune Leffe 6,5% - 75cl","p":3.06,"u":"4,08 €/L","img":"https://fd2-photos.leclercdrive.fr/image.ashx?id=2457482&use=l&cat=p&typeid=i","cat":334852},{"id":20038,"n":"Crème aux œufs La Laitière lit de caramel - 4x100g","p":1.76,"u":"4,40 €/KG","img":"https://fd2-photos.leclercdrive.fr/image.ashx?id=2744593&use=l&cat=p&typeid=i","cat":284419},{"id":20042,"n":"Bière blonde Leffe Rituel 9% - 75cl","p":3.29,"u":"4,39 €/L","img":"https://fd2-photos.leclercdrive.fr/image.ashx?id=1890052&use=l&cat=p&typeid=i","cat":334852},{"id":20044,"n":"Bière Leffe Ruby 5% - 75cl","p":2.89,"u":"3,85 €/L","img":"https://fd2-photos.leclercdrive.fr/image.ashx?id=1589629&use=l&cat=p&typeid=i","cat":334878},{"id":20050,"n":"Bière belge Duvel 8,5%vol. - 33cl","p":1.73,"u":"5,24 €/L","img":"https://fd2-photos.leclercdrive.fr/image.ashx?id=2389304&use=l&cat=p&typeid=i","cat":334872},{"id":20060,"n":"Biscuits Gouda Delacre Canasta  Fourrés fromage - 75g","p":1.53,"u":"20,40 €/KG","img":"https://fd2-photos.leclercdrive.fr/image.ashx?id=2661841&use=l&cat=p&typeid=i","cat":297000},{"id":20085,"n":"Bière bleue Chimay Brune - 9%vol. - 33cl","p":1.67,"u":"5,06 €/L","img":"https://fd2-photos.leclercdrive.fr/image.ashx?id=1758849&use=l&cat=p&typeid=i","cat":334872},{"id":20109,"n":"Whisky Bourbon John Davon's 40%vol. - 70cl","p":13.15,"u":"18,79 €/L","img":"https://fd2-photos.leclercdrive.fr/image.ashx?id=2907177&use=l&cat=p&typeid=i","cat":284547},{"id":20110,"n":"Jus d'orange Jafaden A base de concentré  - 6x1L","p":10.56,"u":"1,76 €/L","img":"https://fd2-photos.leclercdrive.fr/image.ashx?id=2842486&use=l&cat=p&typeid=i","cat":284521},{"id":20138,"n":"Chips Pom'Lisse Nature - 200g","p":1.19,"u":"5,95 €/KG","img":"https://fd2-photos.leclercdrive.fr/image.ashx?id=2494148&use=l&cat=p&typeid=i","cat":284447},{"id":20146,"n":"Brique de brebis Les Croisés 150g","p":2.45,"u":"16,33 €/KG","img":"https://fd2-photos.leclercdrive.fr/image.ashx?id=2645903&use=l&cat=p&typeid=i","cat":314031},{"id":20172,"n":"Petits pots bébé P'TIT SOUPER Aubergine pâtes 8M+ - 2x200g","p":2.0,"u":"5,00 €/KG","img":"https://fd2-photos.leclercdrive.fr/image.ashx?id=2526511&use=l&cat=p&typeid=i","cat":312239},{"id":20175,"n":"Petits pots bébé P'TIT SOUPER  7 légumes 8M+ - 2x200g","p":1.69,"u":"4,23 €/KG","img":"https://fd2-photos.leclercdrive.fr/image.ashx?id=2526508&use=l&cat=p&typeid=i","cat":312239},{"id":20180,"n":"Crème Fraîche Elle&Vire Epaisse Légère - 12% MG - 33cl","p":1.61,"u":"4,88 €/L","img":"https://fd2-photos.leclercdrive.fr/image.ashx?id=2871949&use=l&cat=p&typeid=i","cat":284381},{"id":20183,"n":"Emmental français Entremont 45%mg - 250g","p":2.79,"u":"11,16 €/KG","img":"https://fd2-photos.leclercdrive.fr/image.ashx?id=2983138&use=l&cat=p&typeid=i","cat":314034},{"id":20195,"n":"Camembert Isigny Ste Mère Au lait cru - 250g","p":3.31,"u":"13,24 €/KG","img":"https://fd2-photos.leclercdrive.fr/image.ashx?id=2284415&use=l&cat=p&typeid=i","cat":314033},{"id":20213,"n":"Camembert Cœur de Lion  8 portions - 240g","p":2.77,"u":"11,54 €/KG","img":"https://fd2-photos.leclercdrive.fr/image.ashx?id=2767962&use=l&cat=p&typeid=i","cat":314033},{"id":20218,"n":"Mozzarella vache Casa Azzurra Boule - 125g","p":0.99,"u":"7,92 €/KG","img":"https://fd2-photos.leclercdrive.fr/image.ashx?id=2904302&use=l&cat=p&typeid=i","cat":314026},{"id":20221,"n":"Mascarpone Casa Azzurra 250g","p":2.47,"u":"9,88 €/KG","img":"https://fd2-photos.leclercdrive.fr/image.ashx?id=2290266&use=l&cat=p&typeid=i","cat":314026},{"id":20239,"n":"Gâteaux fourrés P'tit Déli Chocolat x7 - 189g","p":2.18,"u":"11,53 €/KG","img":"https://fd2-photos.leclercdrive.fr/image.ashx?id=2554517&use=l&cat=p&typeid=i","cat":284495},{"id":20244,"n":"Compotes Pom'Potes Gourdes BIO  Pomme Nature - 12x90g","p":5.84,"u":"5,41 €/KG","img":"https://fd2-photos.leclercdrive.fr/image.ashx?id=2901608&use=l&cat=p&typeid=i","cat":284508},{"id":20288,"n":"Soufflés Snack's Tokapi Cacahuète - 55g","p":0.39,"u":"7,09 €/KG","img":"https://fd2-photos.leclercdrive.fr/image.ashx?id=2844517&use=l&cat=p&typeid=i","cat":284449},{"id":20299,"n":"AOC Saint Mont rouge  Marquis de Seillan - 75cl","p":4.99,"pp":3.29,"u":"4,39 €/L","img":"https://fd2-photos.leclercdrive.fr/image.ashx?id=2753982&use=l&cat=p&typeid=i","cat":289556},{"id":20300,"n":"Tarte Tomates Chèvre Courgette Côté Table - 400g","p":2.81,"u":"7,03 €/KG","img":"https://fd2-photos.leclercdrive.fr/image.ashx?id=2791767&use=l&cat=p&typeid=i","cat":284257},{"id":20309,"n":"Jambon supérieur Tradilège -25% de sel - Découenné x4-160g","p":1.95,"u":"12,19 €/KG","img":"https://fd2-photos.leclercdrive.fr/image.ashx?id=2153186&use=l&cat=p&typeid=i","cat":316009},{"id":20362,"n":"Coeurs filets merlu Pêche Océan MSC 4 à 5 pièces 400g","p":5.3,"u":"13,25 €/KG","img":"https://fd2-photos.leclercdrive.fr/image.ashx?id=2953725&use=l&cat=p&typeid=i","cat":319786},{"id":20380,"n":"Jambon cru 6 tranches Aoste sans conservateur - 165g","p":4.39,"u":"26,61 €/KG","img":"https://fd2-photos.leclercdrive.fr/image.ashx?id=2950285&use=l&cat=p&typeid=i","cat":316007},{"id":20397,"n":"Tagliatelles Weight Watchers Poulet champignons 300g","p":3.31,"u":"11,03 €/KG","img":"https://fd2-photos.leclercdrive.fr/image.ashx?id=2960759&use=l&cat=p&typeid=i","cat":333665},{"id":20414,"n":"Essuie-tout blanc Mimosa Super absorbant - x2","p":2.75,"u":"1,38 €/P","img":"https://fd2-photos.leclercdrive.fr/image.ashx?id=2752619&use=l&cat=p&typeid=i","cat":284635},{"id":20429,"n":"Clafoutis aux cerises Délisse 4x85g","p":2.25,"u":"6,62 €/KG","img":"https://fd2-photos.leclercdrive.fr/image.ashx?id=2891776&use=l&cat=p&typeid=i","cat":284419},{"id":20447,"n":"Chips Pom'lisse Nature - 350g","p":1.89,"u":"5,40 €/KG","img":"https://fd2-photos.leclercdrive.fr/image.ashx?id=2498596&use=l&cat=p&typeid=i","cat":284447},{"id":20452,"n":"Paëlla Valenciana Fleury Michon 400g","p":3.36,"u":"8,40 €/KG","img":"https://fd2-photos.leclercdrive.fr/image.ashx?id=2656739&use=l&cat=p&typeid=i","cat":333665},{"id":20455,"n":"Taboulé à la menthe Bonduelle 300g","p":1.49,"u":"4,97 €/KG","img":"https://fd2-photos.leclercdrive.fr/image.ashx?id=2907893&use=l&cat=p&typeid=i","cat":333657},{"id":20484,"n":"AOP Cabernet d'Anjou rosé Plessis-Duval - 75cl","p":4.6,"u":"6,13 €/L","img":"https://fd2-photos.leclercdrive.fr/image.ashx?id=2941035&use=l&cat=p&typeid=i","cat":289558},{"id":20495,"n":"Boisson Jafaden Cranberry Light - 1L","p":1.59,"u":"1,59 €/L","img":"https://fd2-photos.leclercdrive.fr/image.ashx?id=2584014&use=l&cat=p&typeid=i","cat":284915},{"id":20501,"n":"Yaourts aux fruits Délisse Fruits Jaunes - 8x125g","p":2.29,"u":"2,29 €/KG","img":"https://fd2-photos.leclercdrive.fr/image.ashx?id=2533319&use=l&cat=p&typeid=i","cat":284410},{"id":20545,"n":"Haricots verts Bio Bio Village 600g","p":1.46,"u":"2,43 €/KG","img":"https://fd2-photos.leclercdrive.fr/image.ashx?id=2891812&use=l&cat=p&typeid=i","cat":319805},{"id":20612,"n":"Thon Pêche Océan A la catalane - 2x135g","p":1.87,"u":"6,93 €/KG","img":"https://fd2-photos.leclercdrive.fr/image.ashx?id=2941432&use=l&cat=p&typeid=i","cat":303867},{"id":20627,"n":"Chipolatas Férial x12 - 660g","p":7.09,"u":"10,74 €/KG","img":"https://fd2-photos.leclercdrive.fr/image.ashx?id=2837099&use=l&cat=p&typeid=i","cat":284334},{"id":20635,"n":"Litière agglomérante Catsan  Pour chat - 5L","p":6.01,"u":"1,20 €/L","img":"https://fd2-photos.leclercdrive.fr/image.ashx?id=2681925&use=l&cat=p&typeid=i","cat":284683},{"id":20646,"n":"Filtre à thé Britley x30","p":1.64,"u":"0,05 €/P","img":"https://fd2-photos.leclercdrive.fr/image.ashx?id=2755058&use=l&cat=p&typeid=i","cat":293233},{"id":20648,"n":"Maquereaux Pêche Océan Moutarde à l'ancienne - 169g","p":1.66,"u":"9,82 €/KG","img":"https://fd2-photos.leclercdrive.fr/image.ashx?id=2515676&use=l&cat=p&typeid=i","cat":303868},{"id":20665,"n":"Saucisson sec Bio Village bio 200g","p":4.55,"u":"22,75 €/KG","img":"https://fd2-photos.leclercdrive.fr/image.ashx?id=2330511&use=l&cat=p&typeid=i","cat":316006},{"id":20684,"n":"Cordon bleu de poulet Eco+ 800g","p":3.9,"u":"4,88 €/KG","img":"https://fd2-photos.leclercdrive.fr/image.ashx?id=2779871&use=l&cat=p&typeid=i","cat":319780},{"id":20685,"n":"Purée 4 légumes Notre Jardin 750g","p":2.24,"u":"2,99 €/KG","img":"https://fd2-photos.leclercdrive.fr/image.ashx?id=2389518&use=l&cat=p&typeid=i","cat":319805},{"id":20688,"n":"Tagliatelles carbonara Marie 330g","p":3.12,"u":"9,45 €/KG","img":"https://fd2-photos.leclercdrive.fr/image.ashx?id=2980920&use=l&cat=p&typeid=i","cat":333665},{"id":20692,"n":"Filet de saumon Fleury Michon purée de brocolis - 300g","p":3.62,"u":"12,07 €/KG","img":"https://fd2-photos.leclercdrive.fr/image.ashx?id=3003278&use=l&cat=p&typeid=i","cat":333665},{"id":20697,"n":"Sandwich Suédois Sodebo Jambon Cheddar 135g","p":1.51,"u":"11,19 €/KG","img":"https://fd2-photos.leclercdrive.fr/image.ashx?id=2912095&use=l&cat=p&typeid=i","cat":333658},{"id":20699,"n":"Coquillettes jambon Marie Fromage 280g","p":2.21,"u":"7,89 €/KG","img":"https://fd2-photos.leclercdrive.fr/image.ashx?id=2980965&use=l&cat=p&typeid=i","cat":333665},{"id":20700,"n":"Macaroni sauce tomate Marie Boulettes de viande 280g","p":2.72,"u":"9,71 €/KG","img":"https://fd2-photos.leclercdrive.fr/image.ashx?id=2980968&use=l&cat=p&typeid=i","cat":333665},{"id":20705,"n":"Salade Notre Jardin Coeurs de laitue - 70g","p":0.89,"u":"12,71 €/KG","img":"https://fd2-photos.leclercdrive.fr/image.ashx?id=2720166&use=l&cat=p&typeid=i","cat":284353},{"id":20715,"n":"Betterave rouge Bio  Bio Village - 500g","p":1.25,"u":"2,50 €/KG","img":"https://fd2-photos.leclercdrive.fr/image.ashx?id=2888431&use=l&cat=p&typeid=i","cat":284352},{"id":20721,"n":"Epinards Bonduelle Feuilles préservées - 750g","p":2.27,"u":"3,03 €/KG","img":"https://fd2-photos.leclercdrive.fr/image.ashx?id=2910028&use=l&cat=p&typeid=i","cat":319805},{"id":20724,"n":"Cheeseburger Charal 6x140g - 840g","p":8.67,"u":"10,32 €/KG","img":"https://fd2-photos.leclercdrive.fr/image.ashx?id=2741952&use=l&cat=p&typeid=i","cat":319822},{"id":20744,"n":"Philadelphia Nature - 150g","p":1.58,"u":"10,53 €/KG","img":"https://fd2-photos.leclercdrive.fr/image.ashx?id=1586142&use=l&cat=p&typeid=i","cat":314029},{"id":20753,"n":"Mouchoirs The Original Kleenex® Etuis mini x24","p":2.91,"u":"0,12 €/P","img":"https://fd2-photos.leclercdrive.fr/image.ashx?id=2840301&use=l&cat=p&typeid=i","cat":284638},{"id":20758,"n":"Riz cantonais Tables du Monde 900g","p":3.99,"u":"4,43 €/KG","img":"https://fd2-photos.leclercdrive.fr/image.ashx?id=2903953&use=l&cat=p&typeid=i","cat":284254},{"id":20760,"n":"Légumes vapeurs Notre Jardin 2x200g","p":2.47,"u":"6,18 €/KG","img":"https://fd2-photos.leclercdrive.fr/image.ashx?id=2900106&use=l&cat=p&typeid=i","cat":319805},{"id":20762,"n":"Légumes vapeurs Notre Jardin Méditerranéens 2x200g","p":1.8,"u":"4,50 €/KG","img":"https://fd2-photos.leclercdrive.fr/image.ashx?id=2916689&use=l&cat=p&typeid=i","cat":319805},{"id":20775,"n":"Carottes râpées Menu Fraîcheur  1kg","p":1.98,"u":"1,98 €/KG","img":"https://fd2-photos.leclercdrive.fr/image.ashx?id=2850814&use=l&cat=p&typeid=i","cat":333657},{"id":20786,"n":"Lait Bio demi-écrémé Grandlait Candia Bouteille - 4x50cl","p":4.43,"u":"2,22 €/L","img":"https://fd2-photos.leclercdrive.fr/image.ashx?id=2947039&use=l&cat=p&typeid=i","cat":284377},{"id":20811,"n":"Couronne de crevettes Delpierre ASC Sauce cocktail - 130g","p":5.4,"u":"41,54 €/KG","img":"https://fd2-photos.leclercdrive.fr/image.ashx?id=2958851&use=l&cat=p&typeid=i","cat":327284},{"id":20818,"n":"Tomate cocktail en grappe Panier du Primeur - 500g","p":2.49,"u":"4,98 €/KG","img":"https://fd2-photos.leclercdrive.fr/image.ashx?id=2649897&use=l&cat=p&typeid=i","cat":284352},{"id":20834,"n":"AOP Saumur Champigny rouge Charles de Villeneuve - 75cl","p":5.95,"pp":4.46,"u":"5,95 €/L","img":"https://fd2-photos.leclercdrive.fr/image.ashx?id=2859275&use=l&cat=p&typeid=i","cat":289556},{"id":20858,"n":"Saucisses de Toulouse Férial x4 - 500g","p":4.16,"u":"8,32 €/KG","img":"https://fd2-photos.leclercdrive.fr/image.ashx?id=3004669&use=l&cat=p&typeid=i","cat":284334},{"id":20862,"n":"Sauce Provençale Turini 190g","p":0.59,"u":"3,11 €/KG","img":"https://fd2-photos.leclercdrive.fr/image.ashx?id=2386152&use=l&cat=p&typeid=i","cat":287599},{"id":20863,"n":"Allumettes de bacon Herta Fumées 200g","p":2.01,"u":"10,05 €/KG","img":"https://fd2-photos.leclercdrive.fr/image.ashx?id=2876242&use=l&cat=p&typeid=i","cat":316011},{"id":20872,"n":"Pains au chocolat pur beurre  6x1 p","p":2.95,"u":"0,49 €/P","img":"https://fd2-photos.leclercdrive.fr/image.ashx?id=2071001&use=l&cat=p&typeid=i","cat":284984},{"id":20880,"n":"Le Parmentier de saumon Maison Briau - 750g","p":6.39,"u":"8,52 €/KG","img":"https://fd2-photos.leclercdrive.fr/image.ashx?id=2850605&use=l&cat=p&typeid=i","cat":333666},{"id":20882,"n":"Colin pané Alaska Cité Marine MSC - 200g","p":2.39,"u":"11,95 €/KG","img":"https://fd2-photos.leclercdrive.fr/image.ashx?id=2844142&use=l&cat=p&typeid=i","cat":284344},{"id":20986,"n":"Sauce Napolitaine Turini 190g","p":0.85,"u":"4,47 €/KG","img":"https://fd2-photos.leclercdrive.fr/image.ashx?id=2552430&use=l&cat=p&typeid=i","cat":287599},{"id":20987,"n":"Liqueur Litchi Soho 15%vol. - 70cl","p":8.26,"u":"11,80 €/L","img":"https://fd2-photos.leclercdrive.fr/image.ashx?id=2971927&use=l&cat=p&typeid=i","cat":286032},{"id":21027,"n":"Sauce bolognaise Turini 190g","p":0.85,"u":"4,47 €/KG","img":"https://fd2-photos.leclercdrive.fr/image.ashx?id=2634869&use=l&cat=p&typeid=i","cat":287599},{"id":21040,"n":"Whisky Monkey Shoulder 40%vol - 70cl","p":24.56,"u":"35,09 €/L","img":"https://fd2-photos.leclercdrive.fr/image.ashx?id=2917528&use=l&cat=p&typeid=i","cat":284547},{"id":21077,"n":"Bière blonde La Goudale 7.2%vol. - 6x25cl","p":3.83,"u":"2,55 €/L","img":"https://fd2-photos.leclercdrive.fr/image.ashx?id=2789865&use=l&cat=p&typeid=i","cat":334852},{"id":21081,"n":"Bière blonde Rince Cochon 50cl","p":1.86,"u":"3,72 €/L","img":"https://fd2-photos.leclercdrive.fr/image.ashx?id=2021232&use=l&cat=p&typeid=i","cat":334853},{"id":21115,"n":"Lambrusco Rosato Vilaveroni 75cl","p":4.19,"u":"5,59 €/L","img":"https://fd2-photos.leclercdrive.fr/image.ashx?id=2333030&use=l&cat=p&typeid=i","cat":289558},{"id":21336,"n":"IGP Comte Tolasan Vin rouge Terreo Malbec - 75cl","p":3.7,"u":"4,93 €/L","img":"https://fd2-photos.leclercdrive.fr/image.ashx?id=2020116&use=l&cat=p&typeid=i","cat":289556},{"id":21373,"n":"Jambon fumé grill Petitgas À poêler 3 tranches 300g","p":4.78,"u":"15,93 €/KG","img":"https://fd2-photos.leclercdrive.fr/image.ashx?id=1730010&use=l&cat=p&typeid=i","cat":316009},{"id":21485,"n":"Eau gazeuse La Pétillante Naturelle - 6x1L","p":2.34,"u":"0,39 €/L","img":"https://fd2-photos.leclercdrive.fr/image.ashx?id=2452966&use=l&cat=p&typeid=i","cat":284536},{"id":21572,"n":"Baguette La Boulangère Viennoise fendue 340g","p":1.37,"u":"4,03 €/KG","img":"https://fd2-photos.leclercdrive.fr/image.ashx?id=2912392&use=l&cat=p&typeid=i","cat":284985},{"id":21592,"n":"Filets de cabillaud Findus MSC - x10 - 510g","p":7.36,"u":"14,43 €/KG","img":"https://fd2-photos.leclercdrive.fr/image.ashx?id=2735329&use=l&cat=p&typeid=i","cat":319788},{"id":21609,"n":"Cornichons Extra-Fins MAILLE 220g","p":2.22,"u":"10,09 €/KG","img":"https://fd2-photos.leclercdrive.fr/image.ashx?id=2945823&use=l&cat=p&typeid=i","cat":284458},{"id":21610,"n":"Lotion fraîcheur Inell Tonique - 250ml","p":1.53,"u":"6,12 €/L","img":"https://fd2-photos.leclercdrive.fr/image.ashx?id=2694172&use=l&cat=p&typeid=i","cat":284603},{"id":21612,"n":"Liquide vaisselle Eco+ Citron 1L","p":0.7,"u":"0,70 €/L","img":"https://fd2-photos.leclercdrive.fr/image.ashx?id=2874368&use=l&cat=p&typeid=i","cat":284655},{"id":21642,"n":"Brioche tressée La Boulangère 800g","p":5.03,"u":"6,29 €/KG","img":"https://fd2-photos.leclercdrive.fr/image.ashx?id=2926401&use=l&cat=p&typeid=i","cat":284478},{"id":21662,"n":"Boîte chiens Lydog Bouchées Poulet légumes - 1,2kg","p":1.98,"u":"1,65 €/KG","img":"https://fd2-photos.leclercdrive.fr/image.ashx?id=2548100&use=l&cat=p&typeid=i","cat":288578},{"id":21676,"n":"Bûche de chèvre Ste Maure Sélection Soignon - 200g","p":2.68,"u":"13,40 €/KG","img":"https://fd2-photos.leclercdrive.fr/image.ashx?id=2799925&use=l&cat=p&typeid=i","cat":314031},{"id":21685,"n":"Nuggets de poulet Côté Croc x20 - 400g","p":3.0,"u":"7,50 €/KG","img":"https://fd2-photos.leclercdrive.fr/image.ashx?id=2837045&use=l&cat=p&typeid=i","cat":333684},{"id":21686,"n":"Saucisson sec Saint Azay Spécialité 200g","p":2.99,"u":"14,95 €/KG","img":"https://fd2-photos.leclercdrive.fr/image.ashx?id=2472053&use=l&cat=p&typeid=i","cat":316006},{"id":21687,"n":"Fromage Cheddar Burger Les Croisés 10 Tranches - 200g","p":1.25,"u":"6,25 €/KG","img":"https://fd2-photos.leclercdrive.fr/image.ashx?id=2946835&use=l&cat=p&typeid=i","cat":314028},{"id":21688,"n":"Fromage Emmental Croque Les Croisés 10 Tranches - 200g","p":1.19,"u":"5,95 €/KG","img":"https://fd2-photos.leclercdrive.fr/image.ashx?id=2893316&use=l&cat=p&typeid=i","cat":314028},{"id":21694,"n":"Petit Pouligny St Pierre NRT AOP - Fromage de chèvre - 150g","p":4.35,"u":"29,00 €/KG","img":"https://fd2-photos.leclercdrive.fr/image.ashx?id=749342&use=l&cat=p&typeid=i","cat":314031},{"id":21699,"n":"Crème fraîche Eco  Epaisse - 30% MG - 50cl","p":1.89,"u":"3,78 €/L","img":"https://fd2-photos.leclercdrive.fr/image.ashx?id=2981445&use=l&cat=p&typeid=i","cat":284381},{"id":21702,"n":"Haricots verts Eco+ Très fins - 1kg","p":1.39,"u":"1,39 €/KG","img":"https://fd2-photos.leclercdrive.fr/image.ashx?id=2847934&use=l&cat=p&typeid=i","cat":319805},{"id":21711,"n":"Brandade de morue Pêcheries Basques parmentière - 900g","p":6.52,"u":"7,24 €/KG","img":"https://fd2-photos.leclercdrive.fr/image.ashx?id=2608259&use=l&cat=p&typeid=i","cat":285094},{"id":21809,"n":"Boules chocolat Jacquot Praliné noir - 1kg","p":10.28,"u":"10,28 €/KG","img":"https://fd2-photos.leclercdrive.fr/image.ashx?id=2303303&use=l&cat=p&typeid=i","cat":327595},{"id":21877,"n":"Purée surgelée Pom'lisse Pommes de terre 750g","p":2.04,"u":"2,72 €/KG","img":"https://fd2-photos.leclercdrive.fr/image.ashx?id=2759777&use=l&cat=p&typeid=i","cat":319793},{"id":21911,"n":"Tomato Ketchup Heinz - 342g","p":1.38,"u":"4,04 €/KG","img":"https://fd2-photos.leclercdrive.fr/image.ashx?id=2955288&use=l&cat=p&typeid=i","cat":284455},{"id":22033,"n":"Gin Brighton's London Dry 37.5%vol - 70cl","p":9.99,"u":"14,27 €/L","img":"https://fd2-photos.leclercdrive.fr/image.ashx?id=2907183&use=l&cat=p&typeid=i","cat":284550},{"id":22065,"n":"Filets de maquereaux Saupiquet A la moutarde - 3x169g","p":5.67,"u":"11,18 €/KG","img":"https://fd2-photos.leclercdrive.fr/image.ashx?id=2826972&use=l&cat=p&typeid=i","cat":303868},{"id":22066,"n":"Filets de maquereaux Saupiquet Tomate basilic - 3x169g","p":5.97,"u":"11,78 €/KG","img":"https://fd2-photos.leclercdrive.fr/image.ashx?id=2826975&use=l&cat=p&typeid=i","cat":303868},{"id":22074,"n":"Cornichons Maille Extra fins - 380g","p":3.2,"u":"8,42 €/KG","img":"https://fd2-photos.leclercdrive.fr/image.ashx?id=2403184&use=l&cat=p&typeid=i","cat":284458},{"id":22087,"n":"Sucettes Chupa Chups Mini Assortiment x30 180g","p":1.9,"u":"10,56 €/KG","img":"https://fd2-photos.leclercdrive.fr/image.ashx?id=2647606&use=l&cat=p&typeid=i","cat":304250},{"id":22112,"n":"Vodka Sobieski 37.5%vol - 70cl","p":10.74,"u":"15,34 €/L","img":"https://fd2-photos.leclercdrive.fr/image.ashx?id=2948474&use=l&cat=p&typeid=i","cat":284550},{"id":22115,"n":"Cidre brut Les Goelleries Bretagne 4.5%vol. - 1,5L","p":1.87,"u":"1,25 €/L","img":"https://fd2-photos.leclercdrive.fr/image.ashx?id=2842277&use=l&cat=p&typeid=i","cat":334880},{"id":22116,"n":"Pain de mie complet Epi d'Or Grandes tranches - 550g","p":1.22,"u":"2,22 €/KG","img":"https://fd2-photos.leclercdrive.fr/image.ashx?id=2861292&use=l&cat=p&typeid=i","cat":284477},{"id":22117,"n":"Pain de mie complet Epi d'Or Grandes tranches - 825g","p":1.78,"u":"2,16 €/KG","img":"https://fd2-photos.leclercdrive.fr/image.ashx?id=2860736&use=l&cat=p&typeid=i","cat":284477},{"id":22141,"n":"Riz Basmati Comptoir du grain Sélection Riz long - 5x90g","p":1.81,"u":"4,02 €/KG","img":"https://fd2-photos.leclercdrive.fr/image.ashx?id=2076685&use=l&cat=p&typeid=i","cat":284428},{"id":22207,"n":"Blanc de Poulet Tradilège -25% de sel - 4 Tranches - 160g","p":1.92,"u":"12,00 €/KG","img":"https://fd2-photos.leclercdrive.fr/image.ashx?id=2974969&use=l&cat=p&typeid=i","cat":316010},{"id":22208,"n":"Lait écrémé Bio Bio Village UHT - Bouteille : 6x1L","p":6.6,"u":"1,10 €/L","img":"https://fd2-photos.leclercdrive.fr/image.ashx?id=2970015&use=l&cat=p&typeid=i","cat":284949},{"id":22209,"n":"Lait entier UHT Bio Bio village Bouteille - 6x1L","p":8.94,"u":"1,49 €/L","img":"https://fd2-photos.leclercdrive.fr/image.ashx?id=2469926&use=l&cat=p&typeid=i","cat":285610},{"id":22249,"n":"Sandwich Baguette Mega Viennois  Sodebo Thon Oeuf - 270g","p":1.7,"u":"6,30 €/KG","img":"https://fd2-photos.leclercdrive.fr/image.ashx?id=2694596&use=l&cat=p&typeid=i","cat":333658},{"id":22373,"n":"Carré pour la vaisselle Mamison x5","p":1.35,"img":"https://fd2-photos.leclercdrive.fr/image.ashx?id=2622010&use=l&cat=p&typeid=i","cat":284667},{"id":22374,"n":"Chiffons secs Clair Dépouissiérants x20","p":1.97,"img":"https://fd2-photos.leclercdrive.fr/image.ashx?id=2819926&use=l&cat=p&typeid=i","cat":325364},{"id":22388,"n":"IGP Ile de Beauté vin rosé Terres Ocrées 11.5%vol - BIB 3L","p":12.99,"u":"4,33 €/L","img":"https://fd2-photos.leclercdrive.fr/image.ashx?id=2863036&use=l&cat=p&typeid=i","cat":289560},{"id":22477,"n":"Pignons de pin Couleurs Vives 125g","p":5.99,"u":"47,92 €/KG","img":"https://fd2-photos.leclercdrive.fr/image.ashx?id=2617201&use=l&cat=p&typeid=i","cat":284357},{"id":22487,"n":"IGP Pays d'Oc rosé Roche Mazet Grenache Cinsault - BIB 3L","p":10.06,"u":"3,35 €/L","img":"https://fd2-photos.leclercdrive.fr/image.ashx?id=2597118&use=l&cat=p&typeid=i","cat":289560},{"id":22488,"n":"IGP Pays d'Oc rouge Roche Mazet Cabernet Sauvignon 12.5% BIB 3L","p":10.45,"u":"3,48 €/L","img":"https://fd2-photos.leclercdrive.fr/image.ashx?id=2597121&use=l&cat=p&typeid=i","cat":289560},{"id":22489,"n":"IGP Pays d'oc blancRoche Mazet Sauvignon - BIB 3L","p":10.6,"u":"3,53 €/L","img":"https://fd2-photos.leclercdrive.fr/image.ashx?id=2597124&use=l&cat=p&typeid=i","cat":289557},{"id":22506,"n":"Yaourts aromatisés Délisse 4 saveurs - 8x125g","p":2.79,"u":"2,79 €/KG","img":"https://fd2-photos.leclercdrive.fr/image.ashx?id=2758713&use=l&cat=p&typeid=i","cat":286006},{"id":22512,"n":"Compote Douceur du Verger  Pomme Abricot - 4x100g","p":1.09,"u":"2,73 €/KG","img":"https://fd2-photos.leclercdrive.fr/image.ashx?id=762706&use=l&cat=p&typeid=i","cat":284416},{"id":22515,"n":"Boisson énergisante X-tense Canette - 6x25cl","p":2.34,"u":"1,56 €/L","img":"https://fd2-photos.leclercdrive.fr/image.ashx?id=2956062&use=l&cat=p&typeid=i","cat":284533},{"id":22584,"n":"AOC Bergerac vin rosé Terrasses d'Autan - BIB 3L","p":9.89,"u":"3,30 €/L","img":"https://fd2-photos.leclercdrive.fr/image.ashx?id=2878591&use=l&cat=p&typeid=i","cat":289560},{"id":22588,"n":"IGP Pays d'Oc Chardonnay Blanc Vieux Carion 12% vol BIB 3L","p":8.99,"u":"3,00 €/L","img":"https://fd2-photos.leclercdrive.fr/image.ashx?id=2591397&use=l&cat=p&typeid=i","cat":289560},{"id":22625,"n":"IGP Pays d'Oc Sauvignon Blanc Vieux Carion 12% vol - 4x25 cl","p":4.99,"u":"4,99 €/L","img":"https://fd2-photos.leclercdrive.fr/image.ashx?id=2896892&use=l&cat=p&typeid=i","cat":289557},{"id":22653,"n":"Crème entière fluide UHT Bio Bio Village 30% MG - 25cl","p":1.85,"u":"7,40 €/L","img":"https://fd2-photos.leclercdrive.fr/image.ashx?id=2801795&use=l&cat=p&typeid=i","cat":284381},{"id":22655,"n":"Valencay NRT  AOP - Fromage de chèvre - 220g","p":5.69,"u":"25,86 €/KG","img":"https://fd2-photos.leclercdrive.fr/image.ashx?id=749346&use=l&cat=p&typeid=i","cat":314031},{"id":22658,"n":"Fromage râpé fondue NRT Savoyarde - 400g","p":6.94,"u":"17,35 €/KG","img":"https://fd2-photos.leclercdrive.fr/image.ashx?id=2771076&use=l&cat=p&typeid=i","cat":314037},{"id":22659,"n":"Cancoillotte nature NRT IGP 250g","p":1.97,"u":"7,88 €/KG","img":"https://fd2-photos.leclercdrive.fr/image.ashx?id=2663845&use=l&cat=p&typeid=i","cat":314037},{"id":22660,"n":"Cancoillotte à l'ail NRT IGP 250g","p":1.97,"u":"7,88 €/KG","img":"https://fd2-photos.leclercdrive.fr/image.ashx?id=2663848&use=l&cat=p&typeid=i","cat":314037},{"id":22689,"n":"Confiture extra bio Bio Village Fraises - 370g","p":1.79,"u":"4,84 €/KG","img":"https://fd2-photos.leclercdrive.fr/image.ashx?id=2965626&use=l&cat=p&typeid=i","cat":284480},{"id":22690,"n":"Confiture extra bio Bio Village Abricots - 370g","p":1.79,"u":"4,84 €/KG","img":"https://fd2-photos.leclercdrive.fr/image.ashx?id=2965629&use=l&cat=p&typeid=i","cat":284480},{"id":22703,"n":"Chocolat au lait Bio Ethiquable  Riz soufflé - 100g","p":2.47,"u":"24,70 €/KG","img":"https://fd2-photos.leclercdrive.fr/image.ashx?id=2870869&use=l&cat=p&typeid=i","cat":284497},{"id":22754,"n":"Bière blonde Leffe 6,6% - format promo 24x25cl","p":13.99,"u":"2,33 €/L","img":"https://fd2-photos.leclercdrive.fr/image.ashx?id=2111076&use=l&cat=p&typeid=i","cat":334852},{"id":22776,"n":"Plateau charcuterie Petitgas 4 saisons, assortiment - 300g","p":5.88,"u":"19,60 €/KG","img":"https://fd2-photos.leclercdrive.fr/image.ashx?id=2589338&use=l&cat=p&typeid=i","cat":316007},{"id":22787,"n":"Saumon Ronde des Mers Petites tranches - 100g","p":3.69,"u":"36,90 €/KG","img":"https://fd2-photos.leclercdrive.fr/image.ashx?id=3004612&use=l&cat=p&typeid=i","cat":285188},{"id":22803,"n":"Brioche tranchée Epi d'Or Nature - 700g","p":2.22,"u":"3,17 €/KG","img":"https://fd2-photos.leclercdrive.fr/image.ashx?id=2860733&use=l&cat=p&typeid=i","cat":284478},{"id":22804,"n":"Boisson végétale Bio Village Soja nature bio - 1l","p":0.88,"u":"0,88 €/L","img":"https://fd2-photos.leclercdrive.fr/image.ashx?id=2372350&use=l&cat=p&typeid=i","cat":316067},{"id":22805,"n":"Boisson végétale Bio Village Soja vanille bio - 1l","p":1.42,"u":"1,42 €/L","img":"https://fd2-photos.leclercdrive.fr/image.ashx?id=2357707&use=l&cat=p&typeid=i","cat":316067},{"id":22835,"n":"Whisky single malt The Deveron 10 ans d'âge 40° - 70cl","p":24.26,"u":"34,66 €/L","img":"https://fd2-photos.leclercdrive.fr/image.ashx?id=2793710&use=l&cat=p&typeid=i","cat":284547},{"id":22893,"n":"Cidre doux Les Goelleries 2%vol. - 1,5L","p":2.09,"u":"1,39 €/L","img":"https://fd2-photos.leclercdrive.fr/image.ashx?id=2843791&use=l&cat=p&typeid=i","cat":334880},{"id":22894,"n":"Nettoyant spray Clair Ultra dégraissant - 750ml","p":1.18,"u":"1,57 €/L","img":"https://fd2-photos.leclercdrive.fr/image.ashx?id=2840386&use=l&cat=p&typeid=i","cat":325357},{"id":22895,"n":"Nettoyant spray Clair javel Salle de bains 750ml","p":1.46,"u":"1,95 €/L","img":"https://fd2-photos.leclercdrive.fr/image.ashx?id=2840473&use=l&cat=p&typeid=i","cat":325357},{"id":22898,"n":"Nettoyant Silex vitres d'insert Barbecue ultra décapante 750ml","p":3.99,"u":"5,32 €/L","img":"https://fd2-photos.leclercdrive.fr/image.ashx?id=2657087&use=l&cat=p&typeid=i","cat":325363},{"id":22906,"n":"Gel à raser Carré Homme Sensitive - 75ml","p":1.16,"u":"15,47 €/L","img":"https://fd2-photos.leclercdrive.fr/image.ashx?id=2762952&use=l&cat=p&typeid=i","cat":284617},{"id":22960,"n":"Gants de ménage Mamison Taille M 1 paire","p":1.01,"img":"https://fd2-photos.leclercdrive.fr/image.ashx?id=2635679&use=l&cat=p&typeid=i","cat":284668},{"id":22968,"n":"Eponges grattantes Mamison Surfaces délicates x2","p":1.49,"u":"0,75 €/P","img":"https://fd2-photos.leclercdrive.fr/image.ashx?id=2202392&use=l&cat=p&typeid=i","cat":284667},{"id":22996,"n":"Nettoyant détachant Clair Tapis moquettes 600ml","p":2.16,"u":"3,60 €/L","img":"https://fd2-photos.leclercdrive.fr/image.ashx?id=2242721&use=l&cat=p&typeid=i","cat":284907},{"id":23009,"n":"Liquide vaisselle Rainett Peau sensible écolabel 500ml","p":1.42,"u":"2,84 €/L","img":"https://fd2-photos.leclercdrive.fr/image.ashx?id=2293102&use=l&cat=p&typeid=i","cat":284655},{"id":23040,"n":"Café moulu Méo L'original Bio - 500g","p":8.42,"u":"16,84 €/KG","img":"https://fd2-photos.leclercdrive.fr/image.ashx?id=2571287&use=l&cat=p&typeid=i","cat":284750},{"id":23076,"n":"Paté Hénaff 3x78g","p":3.04,"u":"12,99 €/KG","img":"https://fd2-photos.leclercdrive.fr/image.ashx?id=2297989&use=l&cat=p&typeid=i","cat":305149},{"id":23132,"n":"Pâte feuilletée Tablier Blanc Epaisse - 280g","p":1.55,"u":"5,54 €/KG","img":"https://fd2-photos.leclercdrive.fr/image.ashx?id=2635910&use=l&cat=p&typeid=i","cat":333681},{"id":23147,"n":"AOP Crémant de Loire  Ackerman Vin blanc brut - 75cl","p":4.99,"u":"6,65 €/L","img":"https://fd2-photos.leclercdrive.fr/image.ashx?id=2928426&use=l&cat=p&typeid=i","cat":284545},{"id":23158,"n":"AOC Crémant de Bourgogne  Veuve Ambal Brut - 75cl","p":7.99,"pp":5.99,"u":"7,99 €/L","img":"https://fd2-photos.leclercdrive.fr/image.ashx?id=1737205&use=l&cat=p&typeid=i","cat":284545},{"id":23169,"n":"Papier toilette Mimosa Blanc - Ultra Moelleux - x6","p":3.29,"u":"0,55 €/P","img":"https://fd2-photos.leclercdrive.fr/image.ashx?id=2780674&use=l&cat=p&typeid=i","cat":284634},{"id":23176,"n":"Pur jus de tomate Bio Village Bio - 1L","p":2.77,"u":"2,77 €/L","img":"https://fd2-photos.leclercdrive.fr/image.ashx?id=2954115&use=l&cat=p&typeid=i","cat":284523},{"id":23177,"n":"Pur jus Bio Village Bio Carotte - 1L","p":2.87,"u":"2,87 €/L","img":"https://fd2-photos.leclercdrive.fr/image.ashx?id=2901533&use=l&cat=p&typeid=i","cat":284523},{"id":23179,"n":"Pur jus 7 fruits Bio Village Bio - 1L","p":2.78,"u":"2,78 €/L","img":"https://fd2-photos.leclercdrive.fr/image.ashx?id=2901530&use=l&cat=p&typeid=i","cat":284917},{"id":23180,"n":"Rasoirs jetables Carré Homme 3 lames - x4","p":2.65,"img":"https://fd2-photos.leclercdrive.fr/image.ashx?id=2953236&use=l&cat=p&typeid=i","cat":284616},{"id":23181,"n":"Lames de rasoir Carré Homme 5 lames - x4","p":4.94,"img":"https://fd2-photos.leclercdrive.fr/image.ashx?id=2704663&use=l&cat=p&typeid=i","cat":284616},{"id":23188,"n":"Tomato Ketchup Heinz - 250g","p":1.12,"u":"4,48 €/KG","img":"https://fd2-photos.leclercdrive.fr/image.ashx?id=2943801&use=l&cat=p&typeid=i","cat":284455},{"id":23190,"n":"Mayonnaise AMORA Recette Fouettée - 398g","p":2.35,"u":"5,90 €/KG","img":"https://fd2-photos.leclercdrive.fr/image.ashx?id=2598684&use=l&cat=p&typeid=i","cat":298295},{"id":23212,"n":"Compote Douceur du Verger Coupelle pomme framboise-4x100g","p":1.63,"u":"4,08 €/KG","img":"https://fd2-photos.leclercdrive.fr/image.ashx?id=2663494&use=l&cat=p&typeid=i","cat":284508},{"id":23215,"n":"Biscuits Cookies P'tit Déli Chocolat raisin cranberrie 200g","p":1.44,"u":"7,20 €/KG","img":"https://fd2-photos.leclercdrive.fr/image.ashx?id=2529593&use=l&cat=p&typeid=i","cat":325066},{"id":23216,"n":"Sauce Hollandaise Rustica 32g","p":0.64,"u":"20,00 €/KG","img":"https://fd2-photos.leclercdrive.fr/image.ashx?id=2865059&use=l&cat=p&typeid=i","cat":288381},{"id":23219,"n":"Sauce Pesto Turini Basilic - 185g","p":1.3,"u":"7,03 €/KG","img":"https://fd2-photos.leclercdrive.fr/image.ashx?id=2546248&use=l&cat=p&typeid=i","cat":287599},{"id":23220,"n":"Chips Pom'Lisse Légumes - 100g","p":1.99,"u":"19,90 €/KG","img":"https://fd2-photos.leclercdrive.fr/image.ashx?id=2919610&use=l&cat=p&typeid=i","cat":284447},{"id":23221,"n":"Sauce Tomates Turini Basilic - 420g","p":1.15,"u":"2,74 €/KG","img":"https://fd2-photos.leclercdrive.fr/image.ashx?id=2487458&use=l&cat=p&typeid=i","cat":287599},{"id":23227,"n":"Chips Bio Village Bio - Nature - 125g","p":1.99,"u":"15,92 €/KG","img":"https://fd2-photos.leclercdrive.fr/image.ashx?id=2743834&use=l&cat=p&typeid=i","cat":284447},{"id":23235,"n":"Papillotes Préparation Maggi Côtes de porc au barbecue - 18g","p":0.69,"u":"38,33 €/KG","img":"https://fd2-photos.leclercdrive.fr/image.ashx?id=2953971&use=l&cat=p&typeid=i","cat":288380},{"id":23254,"n":"Baume après-rasage Carré Homme Apaisant px sensibles 100ml","p":2.69,"u":"26,90 €/L","img":"https://fd2-photos.leclercdrive.fr/image.ashx?id=2854237&use=l&cat=p&typeid=i","cat":288147},{"id":23271,"n":"Vin mousseux de France blanc Muscador doux 11.5% Vol 75cl","p":2.58,"u":"3,44 €/L","img":"https://fd2-photos.leclercdrive.fr/image.ashx?id=2157052&use=l&cat=p&typeid=i","cat":284544},{"id":23336,"n":"Soufflés Grignot' Tokapi Bacon - 90g","p":0.89,"u":"9,89 €/KG","img":"https://fd2-photos.leclercdrive.fr/image.ashx?id=1034682&use=l&cat=p&typeid=i","cat":284449},{"id":23371,"n":"Mozzarella Maxi Les Croisés - 250g","p":1.86,"u":"7,44 €/KG","img":"https://fd2-photos.leclercdrive.fr/image.ashx?id=2992534&use=l&cat=p&typeid=i","cat":314026},{"id":23372,"n":"Ricotta Les Croisés - 250g","p":1.29,"u":"5,16 €/KG","img":"https://fd2-photos.leclercdrive.fr/image.ashx?id=2133294&use=l&cat=p&typeid=i","cat":314026},{"id":23393,"n":"Biscuits Cuillers Cantreau 6 sachets 225g","p":2.3,"u":"10,22 €/KG","img":"https://fd2-photos.leclercdrive.fr/image.ashx?id=2731333&use=l&cat=p&typeid=i","cat":284487},{"id":23411,"n":"Petits pains grillés Epi d'Or Froment - 400g","p":1.39,"u":"3,48 €/KG","img":"https://fd2-photos.leclercdrive.fr/image.ashx?id=2496413&use=l&cat=p&typeid=i","cat":284479},{"id":23412,"n":"Vermicelles Tables du Monde Haricot mungo - 100g","p":1.23,"u":"12,30 €/KG","img":"https://fd2-photos.leclercdrive.fr/image.ashx?id=2679723&use=l&cat=p&typeid=i","cat":288992},{"id":23430,"n":"Croquettes chat Tous mes amis Lapin/volailles - 2kg","p":3.99,"u":"2,00 €/KG","img":"https://fd2-photos.leclercdrive.fr/image.ashx?id=2301605&use=l&cat=p&typeid=i","cat":284680},{"id":23439,"n":"Crème dessert Délisse Choco Billes bicompartiment 4x117g","p":1.99,"u":"4,25 €/KG","img":"https://fd2-photos.leclercdrive.fr/image.ashx?id=2965482&use=l&cat=p&typeid=i","cat":285041},{"id":23449,"n":"Dessert fruitier pomme mangue Douceur du Verger s/sucre4x100g","p":1.23,"u":"3,08 €/KG","img":"https://fd2-photos.leclercdrive.fr/image.ashx?id=1957081&use=l&cat=p&typeid=i","cat":284416},{"id":23450,"n":"Yaourts aux fruits Délisse Fruits rouges - 8x125g","p":2.29,"u":"2,29 €/KG","img":"https://fd2-photos.leclercdrive.fr/image.ashx?id=2616736&use=l&cat=p&typeid=i","cat":284410},{"id":23500,"n":"Bouillon de légumes Bio Village Bio - 8x10g","p":1.69,"u":"21,13 €/KG","img":"https://fd2-photos.leclercdrive.fr/image.ashx?id=1943409&use=l&cat=p&typeid=i","cat":288379},{"id":23520,"n":"Bloc de fromage Leerdammer L'Original - 500g","p":5.45,"u":"10,90 €/KG","img":"https://fd2-photos.leclercdrive.fr/image.ashx?id=2699035&use=l&cat=p&typeid=i","cat":314034},{"id":23522,"n":"Bûche de chèvre Les Croisés Format famililal 25%mg 300g","p":2.95,"u":"9,83 €/KG","img":"https://fd2-photos.leclercdrive.fr/image.ashx?id=2949415&use=l&cat=p&typeid=i","cat":314031},{"id":23543,"n":"Bière blonde Leffe 6,6% - 12x33cl","p":12.54,"u":"3,17 €/L","img":"https://fd2-photos.leclercdrive.fr/image.ashx?id=2811578&use=l&cat=p&typeid=i","cat":334852},{"id":23545,"n":"Rösti McCain 800g","p":2.17,"u":"2,71 €/KG","img":"https://fd2-photos.leclercdrive.fr/image.ashx?id=2988728&use=l&cat=p&typeid=i","cat":319792},{"id":23554,"n":"Vin de l'Union Européenne rosé La Villageoise 12%vol. 1,5L","p":3.35,"u":"2,23 €/L","img":"https://fd2-photos.leclercdrive.fr/image.ashx?id=2104768&use=l&cat=p&typeid=i","cat":289558},{"id":23583,"n":"Crème Fraîche Elle&Vire Epaisse Entière - 30% MG - 33cl","p":1.84,"u":"5,58 €/L","img":"https://fd2-photos.leclercdrive.fr/image.ashx?id=3003333&use=l&cat=p&typeid=i","cat":284381},{"id":23597,"n":"Fromage raclette Les Croisés Entier 29%mg 350g","p":3.97,"u":"11,34 €/KG","img":"https://fd2-photos.leclercdrive.fr/image.ashx?id=1061492&use=l&cat=p&typeid=i","cat":314037},{"id":23598,"n":"Fromage raclette Les Croisés Sans croûte - 28%mg - 400g","p":3.95,"u":"9,88 €/KG","img":"https://fd2-photos.leclercdrive.fr/image.ashx?id=2969752&use=l&cat=p&typeid=i","cat":314037},{"id":23618,"n":"Couscous Weight Watchers Oriental 300g","p":3.13,"u":"10,43 €/KG","img":"https://fd2-photos.leclercdrive.fr/image.ashx?id=2610915&use=l&cat=p&typeid=i","cat":333665},{"id":23630,"n":"Mouliné de carottes Régal Soupe Poireaux pommes de terre 1L","p":2.16,"u":"2,16 €/L","img":"https://fd2-photos.leclercdrive.fr/image.ashx?id=2607506&use=l&cat=p&typeid=i","cat":284462},{"id":23636,"n":"Bouillon de volaille Rustica Dégraissé - Tablettes 12x10g","p":0.79,"u":"6,58 €/KG","img":"https://fd2-photos.leclercdrive.fr/image.ashx?id=1880033&use=l&cat=p&typeid=i","cat":288379},{"id":23712,"n":"Saumon fumé Eco+ Atlantique - 200g","p":4.67,"u":"23,35 €/KG","img":"https://fd2-photos.leclercdrive.fr/image.ashx?id=2981798&use=l&cat=p&typeid=i","cat":285188},{"id":23715,"n":"Samoussa Tables du Monde Au boeuf - x4 - 220g","p":3.29,"u":"14,95 €/KG","img":"https://fd2-photos.leclercdrive.fr/image.ashx?id=2807190&use=l&cat=p&typeid=i","cat":333673},{"id":23717,"n":"Nem au poulet Traditions d'Asie Sauce nuoc mam - x4 - 280g","p":2.91,"u":"10,39 €/KG","img":"https://fd2-photos.leclercdrive.fr/image.ashx?id=2985222&use=l&cat=p&typeid=i","cat":333673},{"id":23725,"n":"Liquide vaisselle Eco+ Pomme - 1L","p":0.74,"u":"0,74 €/L","img":"https://fd2-photos.leclercdrive.fr/image.ashx?id=2949161&use=l&cat=p&typeid=i","cat":284655},{"id":23726,"n":"Aluminium Eco+ 30m","p":1.89,"u":"0,06 €/MT","img":"https://fd2-photos.leclercdrive.fr/image.ashx?id=2880216&use=l&cat=p&typeid=i","cat":334134},{"id":23728,"n":"Huile de tournesol Eco+ 1L","p":1.63,"u":"1,63 €/L","img":"https://fd2-photos.leclercdrive.fr/image.ashx?id=2913636&use=l&cat=p&typeid=i","cat":284453},{"id":23729,"n":"Tomato Ketchup Eco+ 560g","p":0.88,"u":"1,57 €/KG","img":"https://fd2-photos.leclercdrive.fr/image.ashx?id=2954328&use=l&cat=p&typeid=i","cat":284455},{"id":23753,"n":"Alcool modifié Primoplast 70° 250ml","p":2.2,"u":"8,80 €/L","img":"https://fd2-photos.leclercdrive.fr/image.ashx?id=2856498&use=l&cat=p&typeid=i","cat":284630},{"id":23759,"n":"Vin de l'Union Européenne La Villageoise  11% Vol. - 1.5L","p":3.44,"u":"2,29 €/L","img":"https://fd2-photos.leclercdrive.fr/image.ashx?id=2153492&use=l&cat=p&typeid=i","cat":289556},{"id":23780,"n":"Fromage raclette Eco+ Tranché 2x400g","p":6.64,"u":"8,30 €/KG","img":"https://fd2-photos.leclercdrive.fr/image.ashx?id=2712861&use=l&cat=p&typeid=i","cat":314037},{"id":23791,"n":"Tartines craquantes Epi d'Or Au blé complet - 250g","p":1.29,"u":"5,16 €/KG","img":"https://fd2-photos.leclercdrive.fr/image.ashx?id=2843788&use=l&cat=p&typeid=i","cat":284479},{"id":23794,"n":"Pain grillé Epi d'Or Blé complet x24 - 500g","p":1.72,"u":"3,44 €/KG","img":"https://fd2-photos.leclercdrive.fr/image.ashx?id=2680545&use=l&cat=p&typeid=i","cat":284479},{"id":23797,"n":"Lentilles vertes Bio Village Bio 500g","p":2.15,"u":"4,30 €/KG","img":"https://fd2-photos.leclercdrive.fr/image.ashx?id=3002656&use=l&cat=p&typeid=i","cat":284430},{"id":23798,"n":"Riz Risotto Comptoir du Grain 500g","p":1.42,"u":"2,84 €/KG","img":"https://fd2-photos.leclercdrive.fr/image.ashx?id=2363283&use=l&cat=p&typeid=i","cat":284428},{"id":23799,"n":"Riz rond Comptoir du Grain Dessert - 1kg","p":1.94,"u":"1,94 €/KG","img":"https://fd2-photos.leclercdrive.fr/image.ashx?id=776471&use=l&cat=p&typeid=i","cat":284428},{"id":23827,"n":"Cordon Bleu poulet Père Dodu  Les Bons plans x10 - 1kg","p":7.03,"u":"7,03 €/KG","img":"https://fd2-photos.leclercdrive.fr/image.ashx?id=2971095&use=l&cat=p&typeid=i","cat":333683},{"id":23936,"n":"Fromage blanc jockey Stracciatella - 4x120g","p":1.98,"u":"4,13 €/KG","img":"https://fd2-photos.leclercdrive.fr/image.ashx?id=2280011&use=l&cat=p&typeid=i","cat":314999},{"id":23937,"n":"Boisson aux fruits Oasis Pomme framboise cassis 4x2L","p":10.46,"u":"1,31 €/L","img":"https://fd2-photos.leclercdrive.fr/image.ashx?id=2118734&use=l&cat=p&typeid=i","cat":295018},{"id":23963,"n":"Beurre Tendre Les Croisés Demi-sel Allegé - 40% MG - 250g","p":2.25,"u":"9,00 €/KG","img":"https://fd2-photos.leclercdrive.fr/image.ashx?id=2839912&use=l&cat=p&typeid=i","cat":284379},{"id":23967,"n":"Lait demi-écrémé Grandlait Candia Bouteille - 6x50cl","p":4.9,"u":"1,63 €/L","img":"https://fd2-photos.leclercdrive.fr/image.ashx?id=2916195&use=l&cat=p&typeid=i","cat":284377},{"id":23968,"n":"Roquefort AOP Les Croisés Tranché 150g","p":2.29,"u":"15,27 €/KG","img":"https://fd2-photos.leclercdrive.fr/image.ashx?id=2676537&use=l&cat=p&typeid=i","cat":314032},{"id":23972,"n":"Fusili Côté Snack Pâtes Bolognaise - 300g","p":1.89,"u":"6,30 €/KG","img":"https://fd2-photos.leclercdrive.fr/image.ashx?id=2650898&use=l&cat=p&typeid=i","cat":334983},{"id":23973,"n":"Fusili Côté Snack Pâtes Carbonara - 300g","p":1.89,"u":"6,30 €/KG","img":"https://fd2-photos.leclercdrive.fr/image.ashx?id=2517682&use=l&cat=p&typeid=i","cat":334983},{"id":24035,"n":"Echalotes semoule Rustica 36g","p":1.29,"u":"35,83 €/KG","img":"https://fd2-photos.leclercdrive.fr/image.ashx?id=2772951&use=l&cat=p&typeid=i","cat":298297},{"id":24043,"n":"Thé vert Britley Menthe x25 sachets - 40g","p":0.79,"u":"19,75 €/KG","img":"https://fd2-photos.leclercdrive.fr/image.ashx?id=2672930&use=l&cat=p&typeid=i","cat":293233},{"id":24047,"n":"Yaourts aromatisés Délisse Vanille - 4x125g","p":1.29,"u":"2,58 €/KG","img":"https://fd2-photos.leclercdrive.fr/image.ashx?id=2758710&use=l&cat=p&typeid=i","cat":286006},{"id":24049,"n":"Pâtée chats Tous mes amis Thon en sauce - 80g","p":0.99,"u":"12,38 €/KG","img":"https://fd2-photos.leclercdrive.fr/image.ashx?id=2450306&use=l&cat=p&typeid=i","cat":285601},{"id":24050,"n":"Pâtée chats Tous mes amis Poulet en sauce - 80g","p":0.99,"u":"12,38 €/KG","img":"https://fd2-photos.leclercdrive.fr/image.ashx?id=2450309&use=l&cat=p&typeid=i","cat":285601},{"id":24051,"n":"Pâtée pour chats Tous mes amis Thon aux crevettes - 80g","p":0.99,"u":"12,38 €/KG","img":"https://fd2-photos.leclercdrive.fr/image.ashx?id=1971897&use=l&cat=p&typeid=i","cat":285601},{"id":24081,"n":"Mayonnaise Fins Gourmets MAILLE Bocal - 320g","p":2.35,"u":"7,34 €/KG","img":"https://fd2-photos.leclercdrive.fr/image.ashx?id=2812750&use=l&cat=p&typeid=i","cat":298295},{"id":24082,"n":"Mayonnaise Fine MAILLE Qualité Traiteur Bocal - 320g","p":2.35,"u":"7,34 €/KG","img":"https://fd2-photos.leclercdrive.fr/image.ashx?id=2908369&use=l&cat=p&typeid=i","cat":298295},{"id":24094,"n":"Jus de pommes pressées Andros 1,5L","p":3.78,"u":"2,52 €/L","img":"https://fd2-photos.leclercdrive.fr/image.ashx?id=2902981&use=l&cat=p&typeid=i","cat":285435},{"id":24095,"n":"Jus de clémentines préssées Andros - 1,5L","p":4.07,"u":"2,71 €/L","img":"https://fd2-photos.leclercdrive.fr/image.ashx?id=2902984&use=l&cat=p&typeid=i","cat":285435},{"id":24162,"n":"Vinaigre balsamique Bio Village Bio 50cl","p":3.49,"u":"6,98 €/L","img":"https://fd2-photos.leclercdrive.fr/image.ashx?id=2865206&use=l&cat=p&typeid=i","cat":298543},{"id":24164,"n":"Thé vert Briley 32.5g","p":0.79,"u":"24,69 €/KG","img":"https://fd2-photos.leclercdrive.fr/image.ashx?id=2645939&use=l&cat=p&typeid=i","cat":293233},{"id":24258,"n":"Philadelphia Nature - 300g","p":2.71,"u":"9,03 €/KG","img":"https://fd2-photos.leclercdrive.fr/image.ashx?id=2787863&use=l&cat=p&typeid=i","cat":314029},{"id":24293,"n":"Céréales Extra Kellogg's Chocolat Noir Noisettes - 500g","p":3.16,"u":"6,32 €/KG","img":"https://fd2-photos.leclercdrive.fr/image.ashx?id=2692284&use=l&cat=p&typeid=i","cat":309512},{"id":24296,"n":"Sauce apéritif Old El Paso Salsa doux - 312g","p":2.32,"u":"7,44 €/KG","img":"https://fd2-photos.leclercdrive.fr/image.ashx?id=2859944&use=l&cat=p&typeid=i","cat":288993},{"id":24363,"n":"Boisson lactée Délisse Chocolat - 6x20cl","p":2.17,"u":"1,81 €/L","img":"https://fd2-photos.leclercdrive.fr/image.ashx?id=3015245&use=l&cat=p&typeid=i","cat":295246},{"id":24390,"n":"Pétales de blé Eco+ Chocolat - 750g","p":2.03,"u":"2,71 €/KG","img":"https://fd2-photos.leclercdrive.fr/image.ashx?id=2927836&use=l&cat=p&typeid=i","cat":309513},{"id":24403,"n":"Vodka Novotna Pure grain 37.5%vol - 1L","p":14.99,"u":"14,99 €/L","img":"https://fd2-photos.leclercdrive.fr/image.ashx?id=784848&use=l&cat=p&typeid=i","cat":284550},{"id":24410,"n":"Bonbons Copains Copines Tendres fruits - 360 g","p":2.05,"u":"5,69 €/KG","img":"https://fd2-photos.leclercdrive.fr/image.ashx?id=2934694&use=l&cat=p&typeid=i","cat":304250},{"id":24420,"n":"Galettes Bretonnes NRT 100g","p":1.68,"u":"16,80 €/KG","img":"https://fd2-photos.leclercdrive.fr/image.ashx?id=2909419&use=l&cat=p&typeid=i","cat":284487},{"id":24474,"n":"Petites crevettes roses Pêche Océan - 125g","p":2.49,"u":"19,92 €/KG","img":"https://fd2-photos.leclercdrive.fr/image.ashx?id=2953635&use=l&cat=p&typeid=i","cat":284343},{"id":24492,"n":"Blanc de poulet Tradilège Doré à la broche - 120g","p":1.4,"u":"11,67 €/KG","img":"https://fd2-photos.leclercdrive.fr/image.ashx?id=2765858&use=l&cat=p&typeid=i","cat":316010},{"id":24495,"n":"Capsules Nescafé Dolce Gusto  Nesquik - x16","p":4.47,"u":"17,46 €/KG","img":"https://fd2-photos.leclercdrive.fr/image.ashx?id=2946634&use=l&cat=p&typeid=i","cat":293239},{"id":24500,"n":"Pain de mie nature Epi d'Or Sans croute - 500g","p":1.39,"u":"2,78 €/KG","img":"https://fd2-photos.leclercdrive.fr/image.ashx?id=2209282&use=l&cat=p&typeid=i","cat":284477},{"id":24652,"n":"Déodorant Stick Rexona Anti- Transpirant CleanScent 96H 45ml","p":3.44,"u":"76,44 €/L","img":"https://fd2-photos.leclercdrive.fr/image.ashx?id=2895101&use=l&cat=p&typeid=i","cat":284595},{"id":24659,"n":"Secret de mousse la Laitière Chocolat au lait - 8x59g","p":2.94,"u":"6,23 €/KG","img":"https://fd2-photos.leclercdrive.fr/image.ashx?id=3007984&use=l&cat=p&typeid=i","cat":284417},{"id":24662,"n":"Mozzarella maxi Galbani 250g","p":2.31,"u":"9,24 €/KG","img":"https://fd2-photos.leclercdrive.fr/image.ashx?id=2953392&use=l&cat=p&typeid=i","cat":314026},{"id":24666,"n":"Roquefort AOP Société Fromage de brebis - 100g","p":2.63,"u":"26,30 €/KG","img":"https://fd2-photos.leclercdrive.fr/image.ashx?id=2729683&use=l&cat=p&typeid=i","cat":314032},{"id":24672,"n":"Lait Matin Léger Lactel Sans lactose écrémé - 6x1l","p":11.58,"u":"1,93 €/L","img":"https://fd2-photos.leclercdrive.fr/image.ashx?id=2883546&use=l&cat=p&typeid=i","cat":317169},{"id":24694,"n":"Brosses à dent souple Dentamyl x4","p":0.99,"u":"0,25 €/P","img":"https://fd2-photos.leclercdrive.fr/image.ashx?id=2790946&use=l&cat=p&typeid=i","cat":284614},{"id":24759,"n":"Mini nems Tables du Monde porc x5/poulet x5 +sauce - 220g","p":2.99,"u":"13,59 €/KG","img":"https://fd2-photos.leclercdrive.fr/image.ashx?id=2613276&use=l&cat=p&typeid=i","cat":333673},{"id":24847,"n":"Gâche tranchée ovale NRT Beurre - 450g","p":2.48,"u":"5,51 €/KG","img":"https://fd2-photos.leclercdrive.fr/image.ashx?id=2670443&use=l&cat=p&typeid=i","cat":284478},{"id":24879,"n":"Boisson apéritif Voltano Base de vin Rosato 14.4%vol 1L","p":4.99,"u":"4,99 €/L","img":"https://fd2-photos.leclercdrive.fr/image.ashx?id=3007040&use=l&cat=p&typeid=i","cat":284913},{"id":24886,"n":"Bâtonnets Trium Vanille Spéculoos x4 - 280g","p":3.19,"u":"11,39 €/KG","img":"https://fd2-photos.leclercdrive.fr/image.ashx?id=2920770&use=l&cat=p&typeid=i","cat":284265},{"id":24906,"n":"Mozzarella mini billes  Les Croisés - 150g","p":1.7,"u":"11,33 €/KG","img":"https://fd2-photos.leclercdrive.fr/image.ashx?id=2463468&use=l&cat=p&typeid=i","cat":314026},{"id":24961,"n":"Soin de jour L'Oréal Paris Age Perfect anti-âge - 50ml","p":11.97,"pp":7.9,"u":"158,00 €/L","img":"https://fd2-photos.leclercdrive.fr/image.ashx?id=2868047&use=l&cat=p&typeid=i","cat":325345},{"id":24967,"n":"Fondue Savoyarde RichesMonts  3 fromages - 450g","p":5.73,"u":"12,73 €/KG","img":"https://fd2-photos.leclercdrive.fr/image.ashx?id=2986239&use=l&cat=p&typeid=i","cat":314037},{"id":24968,"n":"Fromage de chèvre Petit Billy 45%mg - 200g","p":2.59,"u":"12,95 €/KG","img":"https://fd2-photos.leclercdrive.fr/image.ashx?id=2543136&use=l&cat=p&typeid=i","cat":314031},{"id":24972,"n":"Chèvre à dorer Les Croisés x4 - 100g","p":1.77,"u":"17,70 €/KG","img":"https://fd2-photos.leclercdrive.fr/image.ashx?id=2978528&use=l&cat=p&typeid=i","cat":314027},{"id":24977,"n":"Pain hot dog Jacquet x4 -  240g","p":1.67,"u":"6,96 €/KG","img":"https://fd2-photos.leclercdrive.fr/image.ashx?id=2799293&use=l&cat=p&typeid=i","cat":284985},{"id":25005,"n":"Préparation Papillotes Maggi Rôti thym et fines herbes - 30g","p":0.72,"u":"24,00 €/KG","img":"https://fd2-photos.leclercdrive.fr/image.ashx?id=2963964&use=l&cat=p&typeid=i","cat":288380},{"id":25006,"n":"Sauce béchamel Maggi Saveur à l'ancienne sachet -60g","p":0.56,"u":"9,33 €/KG","img":"https://fd2-photos.leclercdrive.fr/image.ashx?id=2697297&use=l&cat=p&typeid=i","cat":288381},{"id":25010,"n":"Barres Chocolatées KINDER Maxi Chocolat au Lait x10 - 210g","p":3.03,"u":"14,43 €/KG","img":"https://fd2-photos.leclercdrive.fr/image.ashx?id=2679609&use=l&cat=p&typeid=i","cat":284498},{"id":25027,"n":"Pots soir bébé bio Babybio Légumes riz - 6 mois - 2x200g","p":2.64,"u":"6,60 €/KG","img":"https://fd2-photos.leclercdrive.fr/image.ashx?id=2833474&use=l&cat=p&typeid=i","cat":312239},{"id":25028,"n":"Assiette Babybio Bio 12 mois Panais carotte polenta - 230g","p":1.91,"u":"8,30 €/KG","img":"https://fd2-photos.leclercdrive.fr/image.ashx?id=2875390&use=l&cat=p&typeid=i","cat":312239},{"id":25029,"n":"Assiette bébé bio Babybio Légumes agneau - 12 mois - 230g","p":2.17,"u":"9,43 €/KG","img":"https://fd2-photos.leclercdrive.fr/image.ashx?id=2855909&use=l&cat=p&typeid=i","cat":312237},{"id":25030,"n":"Petits pots Babynat Petits pois Cabillaud - 8mois 2x200g","p":3.34,"u":"8,35 €/KG","img":"https://fd2-photos.leclercdrive.fr/image.ashx?id=2825742&use=l&cat=p&typeid=i","cat":312236},{"id":25035,"n":"Salade Menu Fraîcheur Concombre au fromage blanc 300g","p":1.64,"u":"5,47 €/KG","img":"https://fd2-photos.leclercdrive.fr/image.ashx?id=3005679&use=l&cat=p&typeid=i","cat":333657},{"id":25044,"n":"Nettoyant spray Clair Salle de bain - Mousse - 600ml","p":1.99,"u":"3,32 €/L","img":"https://fd2-photos.leclercdrive.fr/image.ashx?id=2856678&use=l&cat=p&typeid=i","cat":325357},{"id":25051,"n":"Boulettes de boeuf Férial x30 - 900g","p":7.39,"u":"8,21 €/KG","img":"https://fd2-photos.leclercdrive.fr/image.ashx?id=2966520&use=l&cat=p&typeid=i","cat":319779},{"id":25061,"n":"Cornichons Rustica Vinaigre - 360g","p":1.65,"u":"4,58 €/KG","img":"https://fd2-photos.leclercdrive.fr/image.ashx?id=2799763&use=l&cat=p&typeid=i","cat":284458},{"id":25064,"n":"Film étirable Alfapac Extensible auto-adhérent 50m","p":2.23,"img":"https://fd2-photos.leclercdrive.fr/image.ashx?id=2918271&use=l&cat=p&typeid=i","cat":334134},{"id":25067,"n":"Oeufs frais De Nos Régions Plein Air - Label Rouge - x12","p":3.58,"u":"0,30 €/P","img":"https://fd2-photos.leclercdrive.fr/image.ashx?id=2969743&use=l&cat=p&typeid=i","cat":284378},{"id":25068,"n":"Oeufs frais De Nos Régions Plein Air - Label rouge - x6","p":1.79,"u":"0,30 €/P","img":"https://fd2-photos.leclercdrive.fr/image.ashx?id=2969725&use=l&cat=p&typeid=i","cat":284378},{"id":25069,"n":"Fromage à Tartiner St Môret  Nature Léger - 9 portions 180g","p":2.32,"u":"12,89 €/KG","img":"https://fd2-photos.leclercdrive.fr/image.ashx?id=2755453&use=l&cat=p&typeid=i","cat":314029},{"id":25079,"n":"Mozzarella bufala Casa Azzurra Boule - 125g","p":2.08,"u":"16,64 €/KG","img":"https://fd2-photos.leclercdrive.fr/image.ashx?id=2899533&use=l&cat=p&typeid=i","cat":314026},{"id":25080,"n":"Parmigiano Reggiano AOP Les Croisés - 200G","p":4.99,"u":"24,95 €/KG","img":"https://fd2-photos.leclercdrive.fr/image.ashx?id=2909389&use=l&cat=p&typeid=i","cat":314034},{"id":25085,"n":"Lait bio Bio Village Bouteille  Demi-écrémé UHT -  6x50cl","p":5.22,"u":"1,74 €/L","img":"https://fd2-photos.leclercdrive.fr/image.ashx?id=2970006&use=l&cat=p&typeid=i","cat":284377},{"id":25093,"n":"Yaourts brassés Délisse Fruits jaunes - 8x125 g","p":2.28,"u":"2,28 €/KG","img":"https://fd2-photos.leclercdrive.fr/image.ashx?id=2495536&use=l&cat=p&typeid=i","cat":284410},{"id":25095,"n":"Yaourts brassés Délisse Fruits rouges - 8X125g","p":2.27,"u":"2,27 €/KG","img":"https://fd2-photos.leclercdrive.fr/image.ashx?id=2494217&use=l&cat=p&typeid=i","cat":284410},{"id":25124,"n":"Pur jus Multifruits Bio Village Bio - 6x20cl","p":3.11,"u":"2,59 €/L","img":"https://fd2-photos.leclercdrive.fr/image.ashx?id=2843626&use=l&cat=p&typeid=i","cat":284524},{"id":25164,"n":"Crème dessert Délisse Chocolat noir 4x125g","p":1.05,"u":"2,10 €/KG","img":"https://fd2-photos.leclercdrive.fr/image.ashx?id=2694283&use=l&cat=p&typeid=i","cat":285041},{"id":25172,"n":"Sacs poubelle 30L Alfapac Ultra résistant Coulissac - x20","p":3.24,"u":"0,16 €/P","img":"https://fd2-photos.leclercdrive.fr/image.ashx?id=2732359&use=l&cat=p&typeid=i","cat":285168},{"id":25203,"n":"Queues de crevettes Pêche Océan Décortiquées cuites 300g","p":6.58,"u":"21,93 €/KG","img":"https://fd2-photos.leclercdrive.fr/image.ashx?id=2955878&use=l&cat=p&typeid=i","cat":319787},{"id":25204,"n":"Petits pois d'aucy  Tendres et fondants - 560g","p":1.65,"u":"2,95 €/KG","img":"https://fd2-photos.leclercdrive.fr/image.ashx?id=2438126&use=l&cat=p&typeid=i","cat":312607},{"id":25283,"n":"Barres céréales Grany Pommes - 125g","p":1.8,"u":"14,40 €/KG","img":"https://fd2-photos.leclercdrive.fr/image.ashx?id=3002093&use=l&cat=p&typeid=i","cat":285869},{"id":25342,"n":"Céréales Trésor Kellogg's Chocolat au lait - 1kg","p":6.32,"u":"6,32 €/KG","img":"https://fd2-photos.leclercdrive.fr/image.ashx?id=2598319&use=l&cat=p&typeid=i","cat":309513},{"id":25343,"n":"Céréales Trésor de Kellogg's Chocolat Noisettes - 1kg","p":6.32,"u":"6,32 €/KG","img":"https://fd2-photos.leclercdrive.fr/image.ashx?id=2598316&use=l&cat=p&typeid=i","cat":309513},{"id":25359,"n":"Tablette chocolat blanc Lindt Vanille - 100g","p":2.43,"u":"24,30 €/KG","img":"https://fd2-photos.leclercdrive.fr/image.ashx?id=2755318&use=l&cat=p&typeid=i","cat":284957},{"id":25361,"n":"Chocolat Pâtissier Nestlé Dessert : Caramel - 170g","p":3.03,"u":"17,82 €/KG","img":"https://fd2-photos.leclercdrive.fr/image.ashx?id=2902346&use=l&cat=p&typeid=i","cat":285562},{"id":25366,"n":"Tablette de chocolat noir Lindt 90% cacao - 100g","p":2.23,"u":"22,30 €/KG","img":"https://fd2-photos.leclercdrive.fr/image.ashx?id=2689502&use=l&cat=p&typeid=i","cat":284956},{"id":25385,"n":"Tablette chocolat Côte d'Or Chocolat lait/praliné - 200g","p":3.35,"u":"16,75 €/KG","img":"https://fd2-photos.leclercdrive.fr/image.ashx?id=2938076&use=l&cat=p&typeid=i","cat":284497},{"id":25393,"n":"Pâte à pizza Bio Bio village - 260g","p":1.82,"u":"7,00 €/KG","img":"https://fd2-photos.leclercdrive.fr/image.ashx?id=2879955&use=l&cat=p&typeid=i","cat":333681},{"id":25424,"n":"Pâtes Farfalle Panzani 1kg","p":1.99,"u":"1,99 €/KG","img":"https://fd2-photos.leclercdrive.fr/image.ashx?id=2876047&use=l&cat=p&typeid=i","cat":284427},{"id":25425,"n":"Biscuits apéritif Lay's 3D's Goût Cacahuetes - 85g","p":0.78,"u":"9,18 €/KG","img":"https://fd2-photos.leclercdrive.fr/image.ashx?id=2916824&use=l&cat=p&typeid=i","cat":284449},{"id":25432,"n":"Herbes de provence Ducros Boîte ménagère 40g","p":1.93,"u":"48,25 €/KG","img":"https://fd2-photos.leclercdrive.fr/image.ashx?id=2486548&use=l&cat=p&typeid=i","cat":298297},{"id":25445,"n":"Lait poudre Croissance Modilac  De 12 mois à 36 mois - 800g","p":12.94,"u":"16,18 €/KG","img":"https://fd2-photos.leclercdrive.fr/image.ashx?id=2873390&use=l&cat=p&typeid=i","cat":290219},{"id":25446,"n":"Lait croissance Nidal Nestlé Dès 12 mois - 800g","p":8.96,"u":"11,20 €/KG","img":"https://fd2-photos.leclercdrive.fr/image.ashx?id=2806405&use=l&cat=p&typeid=i","cat":290219},{"id":25452,"n":"Sucettes au lait Chupa Chups Sachet - 192g","p":2.33,"u":"12,14 €/KG","img":"https://fd2-photos.leclercdrive.fr/image.ashx?id=2647648&use=l&cat=p&typeid=i","cat":304252},{"id":25485,"n":"Miel de fleurs Lune de Miel Spécialités 500g","p":4.32,"u":"8,64 €/KG","img":"https://fd2-photos.leclercdrive.fr/image.ashx?id=2972409&use=l&cat=p&typeid=i","cat":287643},{"id":25492,"n":"Confiture Bonne Maman Fraise & fraises des bois 370g","p":2.49,"u":"6,73 €/KG","img":"https://fd2-photos.leclercdrive.fr/image.ashx?id=2999841&use=l&cat=p&typeid=i","cat":284480},{"id":25515,"n":"Eau minérale naturelle Vittel 6x1L","p":2.44,"u":"0,41 €/L","img":"https://fd2-photos.leclercdrive.fr/image.ashx?id=2276654&use=l&cat=p&typeid=i","cat":284535},{"id":25516,"n":"Eau de source Cristaline 12x50cl","p":1.79,"u":"0,30 €/L","img":"https://fd2-photos.leclercdrive.fr/image.ashx?id=2872874&use=l&cat=p&typeid=i","cat":284535},{"id":25525,"n":"Boisson aux fruits Oasis Tropical - 4x50cl","p":4.36,"u":"2,18 €/L","img":"https://fd2-photos.leclercdrive.fr/image.ashx?id=3014446&use=l&cat=p&typeid=i","cat":295018},{"id":25540,"n":"Soda à l'orange Orangina 4x50cl","p":4.42,"u":"2,21 €/L","img":"https://fd2-photos.leclercdrive.fr/image.ashx?id=2574952&use=l&cat=p&typeid=i","cat":284532},{"id":25541,"n":"Soda à l'orange Orangina 6x25cl","p":4.06,"u":"2,71 €/L","img":"https://fd2-photos.leclercdrive.fr/image.ashx?id=2495653&use=l&cat=p&typeid=i","cat":284532},{"id":25552,"n":"Soda Schweppes Indian Tonic - 4x50cl","p":3.69,"u":"1,85 €/L","img":"https://fd2-photos.leclercdrive.fr/image.ashx?id=2852405&use=l&cat=p&typeid=i","cat":284531},{"id":25553,"n":"Soda Schweppes Saveur Agrumes - 4x50cl","p":3.91,"u":"1,96 €/L","img":"https://fd2-photos.leclercdrive.fr/image.ashx?id=2852402&use=l&cat=p&typeid=i","cat":284532},{"id":25567,"n":"Jus d'orange Jafaden A base de concentré  - 2L","p":3.51,"u":"1,76 €/L","img":"https://fd2-photos.leclercdrive.fr/image.ashx?id=2751892&use=l&cat=p&typeid=i","cat":284521},{"id":25575,"n":"Limonade artisanale Lorina Bouteille - 1L","p":2.95,"u":"2,95 €/L","img":"https://fd2-photos.leclercdrive.fr/image.ashx?id=2735137&use=l&cat=p&typeid=i","cat":284531},{"id":25576,"n":"Limonade Cristal Lorina 1,25L","p":2.24,"u":"1,79 €/L","img":"https://fd2-photos.leclercdrive.fr/image.ashx?id=2575555&use=l&cat=p&typeid=i","cat":284531},{"id":25586,"n":"Apéritif à base de vin Martini Rosato 14,4° - 100cl","p":9.18,"u":"9,18 €/L","img":"https://fd2-photos.leclercdrive.fr/image.ashx?id=2842537&use=l&cat=p&typeid=i","cat":284913},{"id":25587,"n":"Vin mousseux de France Kriter Blanc Brut - 75cl","p":4.75,"u":"6,33 €/L","img":"https://fd2-photos.leclercdrive.fr/image.ashx?id=2840868&use=l&cat=p&typeid=i","cat":284544},{"id":25589,"n":"Nectar Bio Pressade Orange pêche abricot - 1,5L","p":2.54,"u":"1,69 €/L","img":"https://fd2-photos.leclercdrive.fr/image.ashx?id=2732503&use=l&cat=p&typeid=i","cat":284521},{"id":25593,"n":"Boisson aux fruits Capri Sun Multivitaminé - 10x20cl","p":3.36,"u":"1,68 €/L","img":"https://fd2-photos.leclercdrive.fr/image.ashx?id=2447067&use=l&cat=p&typeid=i","cat":295018},{"id":25596,"n":"Nectar Bio Pressade Multifruits - 6x20cl","p":2.61,"u":"2,18 €/L","img":"https://fd2-photos.leclercdrive.fr/image.ashx?id=2732518&use=l&cat=p&typeid=i","cat":284524},{"id":25605,"n":"Gâche maison 500g","p":3.3,"u":"6,60 €/KG","img":"https://fd2-photos.leclercdrive.fr/image.ashx?id=610075&use=l&cat=p&typeid=i","cat":284984},{"id":25607,"n":"Eau minérale gazeuse Perrier  Naturelle  - 6x50cl","p":3.36,"u":"1,12 €/L","img":"https://fd2-photos.leclercdrive.fr/image.ashx?id=2493916&use=l&cat=p&typeid=i","cat":284536},{"id":25609,"n":"Saucisses aux lentilles  William Saurin- 840g","p":3.42,"u":"4,07 €/KG","img":"https://fd2-photos.leclercdrive.fr/image.ashx?id=2890070&use=l&cat=p&typeid=i","cat":284441},{"id":25614,"n":"Boisson Citronnade Pulco Citron - 1,5L","p":2.13,"u":"1,42 €/L","img":"https://fd2-photos.leclercdrive.fr/image.ashx?id=2941526&use=l&cat=p&typeid=i","cat":295018},{"id":25619,"n":"Pastis Ricard Anisé 45% vol - 1,5L","p":29.5,"u":"19,67 €/L","img":"https://fd2-photos.leclercdrive.fr/image.ashx?id=2839115&use=l&cat=p&typeid=i","cat":284548},{"id":25630,"n":"Taboulé Menu Fraîcheur Poulet - 500g","p":2.11,"u":"4,22 €/KG","img":"https://fd2-photos.leclercdrive.fr/image.ashx?id=2901449&use=l&cat=p&typeid=i","cat":333657},{"id":25632,"n":"Vodka Absolut 40% vol - 70cl","p":16.99,"u":"24,27 €/L","img":"https://fd2-photos.leclercdrive.fr/image.ashx?id=2887239&use=l&cat=p&typeid=i","cat":284550},{"id":25663,"n":"Chips à l'ancienne Pom'Lisse Nature - 270g","p":1.85,"u":"6,85 €/KG","img":"https://fd2-photos.leclercdrive.fr/image.ashx?id=2724835&use=l&cat=p&typeid=i","cat":284447},{"id":25669,"n":"Pâtes de fruits rouges NRT   De Provence - 180g","p":3.55,"u":"19,72 €/KG","img":"https://fd2-photos.leclercdrive.fr/image.ashx?id=2771049&use=l&cat=p&typeid=i","cat":284499},{"id":25670,"n":"Pâtes de fruits jaunes NRT De Provence - 180g","p":3.55,"u":"19,72 €/KG","img":"https://fd2-photos.leclercdrive.fr/image.ashx?id=2771052&use=l&cat=p&typeid=i","cat":284499},{"id":25685,"n":"Bouillon Cube Maggi Boeuf - 180g","p":1.5,"u":"8,33 €/KG","img":"https://fd2-photos.leclercdrive.fr/image.ashx?id=2882896&use=l&cat=p&typeid=i","cat":288379},{"id":25729,"n":"Vinaigrette balsamique Puget Tomate séchée - 33cl","p":2.39,"u":"7,24 €/L","img":"https://fd2-photos.leclercdrive.fr/image.ashx?id=2912143&use=l&cat=p&typeid=i","cat":284456},{"id":25738,"n":"Blanc de poulet Fleury Michon -25% de sel x4 - 160g","p":2.03,"u":"12,69 €/KG","img":"https://fd2-photos.leclercdrive.fr/image.ashx?id=2885974&use=l&cat=p&typeid=i","cat":316010},{"id":25739,"n":"Bûche de chèvre Les Croisés Fondante 22%mg - 180g","p":1.84,"u":"10,22 €/KG","img":"https://fd2-photos.leclercdrive.fr/image.ashx?id=2894725&use=l&cat=p&typeid=i","cat":314031},{"id":25741,"n":"Grana Padano AOP Les Croisés - 200g","p":3.35,"u":"16,75 €/KG","img":"https://fd2-photos.leclercdrive.fr/image.ashx?id=2954091&use=l&cat=p&typeid=i","cat":314034},{"id":25742,"n":"Macédoine Menu Fraîcheur  Légumes - 300g","p":1.59,"u":"5,30 €/KG","img":"https://fd2-photos.leclercdrive.fr/image.ashx?id=2901446&use=l&cat=p&typeid=i","cat":333657},{"id":25743,"n":"Mascarpone Les Croisés - 500g","p":3.08,"u":"6,16 €/KG","img":"https://fd2-photos.leclercdrive.fr/image.ashx?id=2123626&use=l&cat=p&typeid=i","cat":314026},{"id":25744,"n":"Nems au Poulet Tables du Monde  x4  - 280g","p":1.79,"u":"6,39 €/KG","img":"https://fd2-photos.leclercdrive.fr/image.ashx?id=2953338&use=l&cat=p&typeid=i","cat":333673},{"id":25746,"n":"Saucisse de volaille Tradilège  x10 350g","p":1.58,"u":"4,51 €/KG","img":"https://fd2-photos.leclercdrive.fr/image.ashx?id=2625110&use=l&cat=p&typeid=i","cat":316012},{"id":25748,"n":"Hachés au colin d'Alaska Pêche Océan - 200g","p":2.24,"u":"11,20 €/KG","img":"https://fd2-photos.leclercdrive.fr/image.ashx?id=2953623&use=l&cat=p&typeid=i","cat":284344},{"id":25749,"n":"Hachés au saumon Pêche Océan à la ciboulette - 200g","p":2.25,"u":"11,25 €/KG","img":"https://fd2-photos.leclercdrive.fr/image.ashx?id=2953632&use=l&cat=p&typeid=i","cat":284344},{"id":25751,"n":"Barres céréales moelleux Grany Fruits des bois - 192g","p":1.88,"u":"9,79 €/KG","img":"https://fd2-photos.leclercdrive.fr/image.ashx?id=2963916&use=l&cat=p&typeid=i","cat":285869},{"id":25759,"n":"Barquettes chats Gourmet Gold Double délice luxe mix - 12x85g","p":5.67,"u":"5,56 €/KG","img":"https://fd2-photos.leclercdrive.fr/image.ashx?id=2857096&use=l&cat=p&typeid=i","cat":285286},{"id":25762,"n":"Bâtonnets Dentastix Pedigree Grand chien x28 - 1080g","p":8.44,"u":"7,81 €/KG","img":"https://fd2-photos.leclercdrive.fr/image.ashx?id=2924776&use=l&cat=p&typeid=i","cat":294527},{"id":25764,"n":"Olives noires Tramier Dénoyautées - 150g","p":1.47,"u":"9,80 €/KG","img":"https://fd2-photos.leclercdrive.fr/image.ashx?id=2840814&use=l&cat=p&typeid=i","cat":284458},{"id":25765,"n":"Céréales Nestlé Mix Chocapic, Lion, Nesquik x6","p":2.26,"u":"11,89 €/KG","img":"https://fd2-photos.leclercdrive.fr/image.ashx?id=2981364&use=l&cat=p&typeid=i","cat":309513},{"id":25779,"n":"Yaourts Lait de chèvre Soignon Nature - 4x125g","p":2.18,"u":"4,36 €/KG","img":"https://fd2-photos.leclercdrive.fr/image.ashx?id=2518250&use=l&cat=p&typeid=i","cat":314998},{"id":25790,"n":"Sucre pure canne Bio Village En morceaux bio - 500g","p":2.09,"u":"4,18 €/KG","img":"https://fd2-photos.leclercdrive.fr/image.ashx?id=3010440&use=l&cat=p&typeid=i","cat":284502},{"id":25793,"n":"AOP Côtes du Rhône rouge Cellier des Dauphins - BIB 3L","p":11.2,"u":"3,73 €/L","img":"https://fd2-photos.leclercdrive.fr/image.ashx?id=2830006&use=l&cat=p&typeid=i","cat":289560},{"id":25806,"n":"Lingettes bébé H2O Biolane Epaisses - x72","p":1.87,"u":"0,03 €/P","img":"https://fd2-photos.leclercdrive.fr/image.ashx?id=2877910&use=l&cat=p&typeid=i","cat":284738},{"id":25811,"n":"Salade Coleslaw Menu Fraîcheur  500g","p":1.83,"u":"3,66 €/KG","img":"https://fd2-photos.leclercdrive.fr/image.ashx?id=2645930&use=l&cat=p&typeid=i","cat":333657},{"id":25817,"n":"Emincés de saumon fumé ASC Ronde des mers - 100g","p":4.49,"u":"44,90 €/KG","img":"https://fd2-photos.leclercdrive.fr/image.ashx?id=2953620&use=l&cat=p&typeid=i","cat":285188},{"id":25818,"n":"Émincés de saumon fumé ASC Ronde de mers - 100g","p":4.49,"u":"44,90 €/KG","img":"https://fd2-photos.leclercdrive.fr/image.ashx?id=2953617&use=l&cat=p&typeid=i","cat":285188},{"id":25822,"n":"Fromage à tartiner Les Croisés Nature - 24%mg - 300g","p":1.84,"u":"6,13 €/KG","img":"https://fd2-photos.leclercdrive.fr/image.ashx?id=1630699&use=l&cat=p&typeid=i","cat":314029},{"id":25839,"n":"Couscous parfumé Tipiak Prêt en 5 min  - 500g","p":1.93,"u":"3,86 €/KG","img":"https://fd2-photos.leclercdrive.fr/image.ashx?id=2946937&use=l&cat=p&typeid=i","cat":284429},{"id":25841,"n":"Couscous Tipiak  Prêt en 1 min 30 s - 500g","p":1.26,"u":"2,52 €/KG","img":"https://fd2-photos.leclercdrive.fr/image.ashx?id=2640431&use=l&cat=p&typeid=i","cat":284429},{"id":25848,"n":"Lait de coco Suzi Wan 500ml","p":2.49,"u":"4,98 €/L","img":"https://fd2-photos.leclercdrive.fr/image.ashx?id=2892934&use=l&cat=p&typeid=i","cat":288992},{"id":25854,"n":"Mignonnettes Côte d'Or Chocolat noir /orange - 24x10g","p":5.34,"u":"22,25 €/KG","img":"https://fd2-photos.leclercdrive.fr/image.ashx?id=3009152&use=l&cat=p&typeid=i","cat":284499},{"id":25856,"n":"Olives vertes La Ciota Farcies anchois - 120g","p":1.88,"u":"15,67 €/KG","img":"https://fd2-photos.leclercdrive.fr/image.ashx?id=2296575&use=l&cat=p&typeid=i","cat":284458},{"id":25860,"n":"Pain au chocolat La Boulangère Pur beurre - x8 - 400g","p":2.57,"u":"6,43 €/KG","img":"https://fd2-photos.leclercdrive.fr/image.ashx?id=2912182&use=l&cat=p&typeid=i","cat":296366},{"id":25868,"n":"Flocons d'avoine Quaker Oats Classic - 800g","p":2.24,"u":"2,80 €/KG","img":"https://fd2-photos.leclercdrive.fr/image.ashx?id=2344498&use=l&cat=p&typeid=i","cat":309512},{"id":25879,"n":"Bâtonnets Dentastix Pedigree Petit chien x28 - 440g","p":5.35,"u":"12,16 €/KG","img":"https://fd2-photos.leclercdrive.fr/image.ashx?id=2877106&use=l&cat=p&typeid=i","cat":294527},{"id":25889,"n":"Mignonnettes Côte d'Or Chocolat au lait - 24x10g","p":5.14,"u":"21,42 €/KG","img":"https://fd2-photos.leclercdrive.fr/image.ashx?id=3002210&use=l&cat=p&typeid=i","cat":284499},{"id":25898,"n":"Chocolat Nougatti Côte d'Or Nougat/chocolat au lait -270g","p":4.54,"u":"16,81 €/KG","img":"https://fd2-photos.leclercdrive.fr/image.ashx?id=2612388&use=l&cat=p&typeid=i","cat":284498},{"id":25914,"n":"Tablette chocolat Côte d'Or Chocolat noir praliné - 200g","p":3.35,"u":"16,75 €/KG","img":"https://fd2-photos.leclercdrive.fr/image.ashx?id=2941943&use=l&cat=p&typeid=i","cat":284956},{"id":26014,"n":"Colin d'Alaska Marie Petites St Jacques Hisseo 900g","p":5.71,"u":"6,34 €/KG","img":"https://fd2-photos.leclercdrive.fr/image.ashx?id=2996758&use=l&cat=p&typeid=i","cat":319786},{"id":26026,"n":"Gel douche Eco+ Amande - 500ml","p":0.65,"u":"1,30 €/L","img":"https://fd2-photos.leclercdrive.fr/image.ashx?id=2979328&use=l&cat=p&typeid=i","cat":284594},{"id":26027,"n":"Gel douche Eco  Senteur vanille - 500ml","p":0.65,"u":"1,30 €/L","img":"https://fd2-photos.leclercdrive.fr/image.ashx?id=2965789&use=l&cat=p&typeid=i","cat":284594},{"id":26035,"n":"Bain de bouche Dentamyl Fraîcheur menthe - 500ml","p":1.89,"u":"3,78 €/L","img":"https://fd2-photos.leclercdrive.fr/image.ashx?id=2526604&use=l&cat=p&typeid=i","cat":284613},{"id":26038,"n":"Recharge savon mains Manava Crème Lait et miel - 250ml","p":0.57,"u":"2,28 €/L","img":"https://fd2-photos.leclercdrive.fr/image.ashx?id=2935489&use=l&cat=p&typeid=i","cat":284597},{"id":26040,"n":"Recharge savon mains Manava Gel spécial cuisine - 250ml","p":0.66,"u":"2,64 €/L","img":"https://fd2-photos.leclercdrive.fr/image.ashx?id=2935492&use=l&cat=p&typeid=i","cat":284597},{"id":26056,"n":"Merguez véritables Socopa Façon charcutières - x4  - 220g","p":3.27,"u":"14,86 €/KG","img":"https://fd2-photos.leclercdrive.fr/image.ashx?id=2628377&use=l&cat=p&typeid=i","cat":284334},{"id":26065,"n":"Saucisson Petit Justin Bridou  Bâton de Berger Nature - 100g","p":2.16,"u":"21,60 €/KG","img":"https://fd2-photos.leclercdrive.fr/image.ashx?id=2851036&use=l&cat=p&typeid=i","cat":316006},{"id":26087,"n":"Fromage blanc sous mousse  gervita nature - 8x100g","p":3.5,"u":"4,38 €/KG","img":"https://fd2-photos.leclercdrive.fr/image.ashx?id=2265768&use=l&cat=p&typeid=i","cat":284409},{"id":26093,"n":"Viande Bovine hachée Socopa  15% - 500g","p":8.1,"u":"16,20 €/KG","img":"https://fd2-photos.leclercdrive.fr/image.ashx?id=2453271&use=l&cat=p&typeid=i","cat":284332},{"id":26094,"n":"Chipolatas façon charcutière Socopa x4 - 220g","p":2.64,"u":"12,00 €/KG","img":"https://fd2-photos.leclercdrive.fr/image.ashx?id=2414684&use=l&cat=p&typeid=i","cat":284334},{"id":26151,"n":"Sucre Eco+  En poudre - 1kg","p":0.95,"u":"0,95 €/KG","img":"https://fd2-photos.leclercdrive.fr/image.ashx?id=2702277&use=l&cat=p&typeid=i","cat":284502},{"id":26152,"n":"Salade Mexicaine Eco+ Au thon - 280g","p":1.12,"u":"4,00 €/KG","img":"https://fd2-photos.leclercdrive.fr/image.ashx?id=2884201&use=l&cat=p&typeid=i","cat":284437},{"id":26153,"n":"Salade Americaine Eco+ Au thon - 280g","p":1.12,"u":"4,00 €/KG","img":"https://fd2-photos.leclercdrive.fr/image.ashx?id=2873649&use=l&cat=p&typeid=i","cat":284437},{"id":26154,"n":"Salade Niçoise Eco+ Au thon - 280g","p":1.12,"u":"4,00 €/KG","img":"https://fd2-photos.leclercdrive.fr/image.ashx?id=2896012&use=l&cat=p&typeid=i","cat":284437},{"id":26183,"n":"Adoucissant Hyperdou Rêve de fraîcheur - 3x250ml","p":1.23,"u":"1,64 €/L","img":"https://fd2-photos.leclercdrive.fr/image.ashx?id=2643318&use=l&cat=p&typeid=i","cat":284650},{"id":26185,"n":"Lingettes désinfectante Sanytol Multi-usage Eucalyptus - x72","p":1.47,"u":"0,03 €/P","img":"https://fd2-photos.leclercdrive.fr/image.ashx?id=2899353&use=l&cat=p&typeid=i","cat":325358},{"id":26223,"n":"Sauce Sacla'Italia Arrabbiata - 190g","p":1.96,"u":"10,32 €/KG","img":"https://fd2-photos.leclercdrive.fr/image.ashx?id=2971413&use=l&cat=p&typeid=i","cat":287599},{"id":26258,"n":"Madeleines coquilles P'tit déli Sachet 600g","p":2.39,"u":"3,98 €/KG","img":"https://fd2-photos.leclercdrive.fr/image.ashx?id=2540948&use=l&cat=p&typeid=i","cat":284492},{"id":26271,"n":"Rôti de porc Tradilège 6 tranches VPF 180g","p":2.38,"u":"13,22 €/KG","img":"https://fd2-photos.leclercdrive.fr/image.ashx?id=2675786&use=l&cat=p&typeid=i","cat":316009},{"id":26278,"n":"Mélange chili mexicain Ducros Sachet malin - 20g","p":1.4,"u":"70,00 €/KG","img":"https://fd2-photos.leclercdrive.fr/image.ashx?id=2326661&use=l&cat=p&typeid=i","cat":298297},{"id":26279,"n":"Mélange couscous royal Ducros Sachet malin - 20g","p":1.97,"u":"98,50 €/KG","img":"https://fd2-photos.leclercdrive.fr/image.ashx?id=2490491&use=l&cat=p&typeid=i","cat":298297},{"id":26281,"n":"Mélange malin Ducros Pour plats Mexicains - 40g","p":1.92,"u":"48,00 €/KG","img":"https://fd2-photos.leclercdrive.fr/image.ashx?id=2559445&use=l&cat=p&typeid=i","cat":298297},{"id":26286,"n":"Soupe instantanée Royco  Crème de Champignons - 4x200ml","p":1.33,"u":"22,17 €/KG","img":"https://fd2-photos.leclercdrive.fr/image.ashx?id=2650979&use=l&cat=p&typeid=i","cat":293527},{"id":26302,"n":"AOP Crémant de Loire Mlle Ladubay Blanc brut - 75cl","p":5.84,"u":"7,79 €/L","img":"https://fd2-photos.leclercdrive.fr/image.ashx?id=2246653&use=l&cat=p&typeid=i","cat":284545},{"id":26308,"n":"Boisson énergisante Red Bull 355ml","p":1.55,"u":"4,37 €/L","img":"https://fd2-photos.leclercdrive.fr/image.ashx?id=3011980&use=l&cat=p&typeid=i","cat":284533},{"id":26309,"n":"Boîte chat Whiskas  Gelée mer & campagne - 8x400g","p":8.98,"u":"2,88 €/KG","img":"https://fd2-photos.leclercdrive.fr/image.ashx?id=2759628&use=l&cat=p&typeid=i","cat":285601},{"id":26310,"n":"Cornichons Kühne Aigre doux - 360g","p":2.18,"u":"6,06 €/KG","img":"https://fd2-photos.leclercdrive.fr/image.ashx?id=2550925&use=l&cat=p&typeid=i","cat":284458},{"id":26319,"n":"Noix de cajou Tokapi Sans sel ajouté - 125g","p":1.79,"u":"14,32 €/KG","img":"https://fd2-photos.leclercdrive.fr/image.ashx?id=2965479&use=l&cat=p&typeid=i","cat":284448},{"id":26320,"n":"Oignons frits snack Kühne Boîte -  100g","p":1.29,"u":"12,90 €/KG","img":"https://fd2-photos.leclercdrive.fr/image.ashx?id=2447079&use=l&cat=p&typeid=i","cat":298297},{"id":26323,"n":"Soda Jean's Cola Canette - 12x15cl","p":3.75,"u":"2,08 €/L","img":"https://fd2-photos.leclercdrive.fr/image.ashx?id=2637895&use=l&cat=p&typeid=i","cat":284530},{"id":26376,"n":"Pepites de chocolat au lait Vahiné - 100g","p":2.25,"u":"22,50 €/KG","img":"https://fd2-photos.leclercdrive.fr/image.ashx?id=2983243&use=l&cat=p&typeid=i","cat":284504},{"id":26377,"n":"Pépites Vahiné Chocolat chunks - 100g","p":2.77,"u":"27,70 €/KG","img":"https://fd2-photos.leclercdrive.fr/image.ashx?id=2606262&use=l&cat=p&typeid=i","cat":284504},{"id":26384,"n":"Pépites Vahiné Chocolat noir 200g","p":3.89,"u":"19,45 €/KG","img":"https://fd2-photos.leclercdrive.fr/image.ashx?id=2606265&use=l&cat=p&typeid=i","cat":284504},{"id":26449,"n":"Vin mousseux supérieur Opéra Brut 11%vol 75cl","p":2.97,"u":"3,96 €/L","img":"https://fd2-photos.leclercdrive.fr/image.ashx?id=2971999&use=l&cat=p&typeid=i","cat":284544},{"id":26460,"n":"Oignon rose de Roscoff AOP NRT - 1kg","p":3.99,"u":"3,99 €/KG","img":"https://fd2-photos.leclercdrive.fr/image.ashx?id=2726433&use=l&cat=p&typeid=i","cat":284352},{"id":26464,"n":"Steak haché 5% MG Bio Village Bio 2x100g","p":4.59,"u":"22,95 €/KG","img":"https://fd2-photos.leclercdrive.fr/image.ashx?id=2951338&use=l&cat=p&typeid=i","cat":284332},{"id":26465,"n":"Steak haché 15% MG Bio Village Bio 2x100g","p":4.19,"u":"20,95 €/KG","img":"https://fd2-photos.leclercdrive.fr/image.ashx?id=2951341&use=l&cat=p&typeid=i","cat":284332},{"id":26484,"n":"Croquette chat stérilisé Ultima  Poulet - 3kg","p":11.14,"u":"3,71 €/KG","img":"https://fd2-photos.leclercdrive.fr/image.ashx?id=2918886&use=l&cat=p&typeid=i","cat":284680},{"id":26513,"n":"Poulet entier Maître Coq Graine de Lin - 1,4kg","p":8.7,"u":"6,21 €/KG","img":"https://fd2-photos.leclercdrive.fr/image.ashx?id=2881338&use=l&cat=p&typeid=i","cat":284336},{"id":26565,"n":"Lait Croissance Bio Village bio 10 à 36 mois - 6x1L","p":9.99,"u":"1,67 €/L","img":"https://fd2-photos.leclercdrive.fr/image.ashx?id=2802032&use=l&cat=p&typeid=i","cat":284728},{"id":26569,"n":"Filet de poulet blanc Le Gaulois 720g","p":9.5,"u":"13,19 €/KG","img":"https://fd2-photos.leclercdrive.fr/image.ashx?id=3003212&use=l&cat=p&typeid=i","cat":284336},{"id":26570,"n":"Filet de poulet jaune Le Gaulois 720g","p":10.15,"u":"14,10 €/KG","img":"https://fd2-photos.leclercdrive.fr/image.ashx?id=3003209&use=l&cat=p&typeid=i","cat":284336},{"id":26586,"n":"Fromage blanc Déli'light Vanille 0%MG - 8x100g","p":2.66,"u":"3,33 €/KG","img":"https://fd2-photos.leclercdrive.fr/image.ashx?id=2043352&use=l&cat=p&typeid=i","cat":315000},{"id":26599,"n":"Soupe de poissons Gastromer Vendéenne - 800g","p":2.36,"u":"2,95 €/KG","img":"https://fd2-photos.leclercdrive.fr/image.ashx?id=1713900&use=l&cat=p&typeid=i","cat":285192},{"id":26600,"n":"Mogettes Recettes d'Autrefois Naturel - 830g","p":2.87,"u":"3,46 €/KG","img":"https://fd2-photos.leclercdrive.fr/image.ashx?id=1793292&use=l&cat=p&typeid=i","cat":312606},{"id":26601,"n":"Mogettes de Vendée Naturel - 420g","p":1.77,"u":"4,21 €/KG","img":"https://fd2-photos.leclercdrive.fr/image.ashx?id=1953825&use=l&cat=p&typeid=i","cat":312606},{"id":26602,"n":"Mogettes Recettes d'Autrefois Aux tomates - 830g","p":3.03,"u":"3,65 €/KG","img":"https://fd2-photos.leclercdrive.fr/image.ashx?id=1793301&use=l&cat=p&typeid=i","cat":312606},{"id":26643,"n":"Viande Bovine Rumsteack Socopa Aux trois poivres - x2 - 240g","p":6.04,"u":"25,17 €/KG","img":"https://fd2-photos.leclercdrive.fr/image.ashx?id=2413492&use=l&cat=p&typeid=i","cat":284328},{"id":26646,"n":"AOP Champagne Brut Nicolas Feuillatte Grande Réserve 75cl","p":22.35,"pp":20.11,"u":"26,81 €/L","img":"https://fd2-photos.leclercdrive.fr/image.ashx?id=2733184&use=l&cat=p&typeid=i","cat":284542},{"id":26647,"n":"Chair à saucisses porc Férial 400g","p":3.72,"u":"9,30 €/KG","img":"https://fd2-photos.leclercdrive.fr/image.ashx?id=2953308&use=l&cat=p&typeid=i","cat":284332},{"id":26649,"n":"Cacahuètes Benenuts-Twinuts Nature Sel - 150g","p":1.07,"u":"7,13 €/KG","img":"https://fd2-photos.leclercdrive.fr/image.ashx?id=2967735&use=l&cat=p&typeid=i","cat":284448},{"id":26659,"n":"Fonds d'artichauts Notre Jardin 210g","p":2.75,"u":"13,10 €/KG","img":"https://fd2-photos.leclercdrive.fr/image.ashx?id=2607921&use=l&cat=p&typeid=i","cat":312611},{"id":26663,"n":"Farine de sarrasin Treblec 1kg","p":2.76,"u":"2,76 €/KG","img":"https://fd2-photos.leclercdrive.fr/image.ashx?id=2734843&use=l&cat=p&typeid=i","cat":284503},{"id":26708,"n":"Cacahuètes Benenuts-Twinuts Bacon Grillé - 150g","p":1.09,"u":"7,27 €/KG","img":"https://fd2-photos.leclercdrive.fr/image.ashx?id=2967738&use=l&cat=p&typeid=i","cat":284448},{"id":26720,"n":"Lentilles Préparées Cassegrain Tendres et Fondantes 130g","p":1.06,"u":"8,15 €/KG","img":"https://fd2-photos.leclercdrive.fr/image.ashx?id=2912992&use=l&cat=p&typeid=i","cat":312609},{"id":26722,"n":"Ratatouille Cuisinée Cassegrain à la Provençale 660g","p":3.59,"u":"5,44 €/KG","img":"https://fd2-photos.leclercdrive.fr/image.ashx?id=2902660&use=l&cat=p&typeid=i","cat":312612},{"id":26765,"n":"Mayonnaise Rustica A la moutarde de Dijon - 470g","p":1.6,"u":"3,40 €/KG","img":"https://fd2-photos.leclercdrive.fr/image.ashx?id=2954361&use=l&cat=p&typeid=i","cat":298295},{"id":26797,"n":"Compote Douceur du Verger Coupelle pomme fraise - 4x100g","p":1.15,"u":"2,88 €/KG","img":"https://fd2-photos.leclercdrive.fr/image.ashx?id=2663503&use=l&cat=p&typeid=i","cat":284508},{"id":26801,"n":"Langue de boeuf Hénaff Sauce Madère 410g","p":5.33,"u":"13,00 €/KG","img":"https://fd2-photos.leclercdrive.fr/image.ashx?id=2334359&use=l&cat=p&typeid=i","cat":284441},{"id":26805,"n":"Crêpes dentelle Gavottes Nature étui 125g","p":1.98,"u":"15,84 €/KG","img":"https://fd2-photos.leclercdrive.fr/image.ashx?id=2664473&use=l&cat=p&typeid=i","cat":284487},{"id":26809,"n":"AOP Chevergny blanc L'Excellence - 75cl","p":5.09,"u":"6,79 €/L","img":"https://fd2-photos.leclercdrive.fr/image.ashx?id=969477&use=l&cat=p&typeid=i","cat":289557},{"id":26813,"n":"Vin mousseux Opéra Supérieur demi-sec 11%vol 75cl","p":2.97,"u":"3,96 €/L","img":"https://fd2-photos.leclercdrive.fr/image.ashx?id=2911378&use=l&cat=p&typeid=i","cat":284544},{"id":26818,"n":"Boisson base vin rosée Very Pamp Pamplemousse - 75cl","p":2.97,"u":"3,96 €/L","img":"https://fd2-photos.leclercdrive.fr/image.ashx?id=2446629&use=l&cat=p&typeid=i","cat":304569},{"id":26819,"n":"Boisson aromatisée Vin rosé Pamplemousse 7.5%,vol BIB 3L","p":9.5,"u":"3,17 €/L","img":"https://fd2-photos.leclercdrive.fr/image.ashx?id=2470024&use=l&cat=p&typeid=i","cat":304569},{"id":26820,"n":"IGP Pays d'Oc rouge Roche Mazet Merlot - BIB 3L","p":10.45,"u":"3,48 €/L","img":"https://fd2-photos.leclercdrive.fr/image.ashx?id=2597387&use=l&cat=p&typeid=i","cat":289560},{"id":26840,"n":"Spray Détachant Vanish  Avant-lavage - 750ml","p":4.27,"u":"5,69 €/L","img":"https://fd2-photos.leclercdrive.fr/image.ashx?id=2963913&use=l&cat=p&typeid=i","cat":284651},{"id":26877,"n":"Crackers Mini pizza Tokapi 85g","p":0.69,"u":"8,12 €/KG","img":"https://fd2-photos.leclercdrive.fr/image.ashx?id=2351232&use=l&cat=p&typeid=i","cat":297000},{"id":26926,"n":"Couches bébé Mots d'Enfants -T3 Ultra confort - 4/9kg - x162","p":19.7,"u":"0,12 €/P","img":"https://fd2-photos.leclercdrive.fr/image.ashx?id=2573987&use=l&cat=p&typeid=i","cat":284737},{"id":26945,"n":"Bâtonnets Trium Noix de coco x4 - 292g","p":2.69,"u":"9,21 €/KG","img":"https://fd2-photos.leclercdrive.fr/image.ashx?id=2767501&use=l&cat=p&typeid=i","cat":284265},{"id":26978,"n":"Chewing-gum menthol Airwaves Eucalyptus s/sucre 5x10","p":2.15,"img":"https://fd2-photos.leclercdrive.fr/image.ashx?id=2355902&use=l&cat=p&typeid=i","cat":304251},{"id":26979,"n":"Chewing-gum Airwaves Cool cassis s/sucre 5x10","p":2.06,"img":"https://fd2-photos.leclercdrive.fr/image.ashx?id=2355905&use=l&cat=p&typeid=i","cat":304251},{"id":26980,"n":"Chewing-gum Airwaves Black menthol sans sucre 5x10","p":2.27,"img":"https://fd2-photos.leclercdrive.fr/image.ashx?id=2355908&use=l&cat=p&typeid=i","cat":304251},{"id":26988,"n":"Courgette Eco+ 1kg","p":2.49,"u":"2,49 €/KG","img":"https://fd2-photos.leclercdrive.fr/image.ashx?id=2625692&use=l&cat=p&typeid=i","cat":284352},{"id":26998,"n":"Sachet repas chats Gourmet Les filettines en sauce -12x85g","p":5.44,"u":"5,33 €/KG","img":"https://fd2-photos.leclercdrive.fr/image.ashx?id=2902277&use=l&cat=p&typeid=i","cat":285286},{"id":27026,"n":"Huggies® Little Swimmers® Maxipack Taille 3-4 x20","p":11.56,"u":"0,58 €/P","img":"https://fd2-photos.leclercdrive.fr/image.ashx?id=2844703&use=l&cat=p&typeid=i","cat":290634},{"id":27069,"n":"Sorbet Oasis Multifruits x10 - 400g","p":2.64,"u":"6,60 €/KG","img":"https://fd2-photos.leclercdrive.fr/image.ashx?id=2831924&use=l&cat=p&typeid=i","cat":285250},{"id":27070,"n":"Bâtonnets Oasis Tropical x10 - 400g","p":2.61,"u":"6,53 €/KG","img":"https://fd2-photos.leclercdrive.fr/image.ashx?id=2877829&use=l&cat=p&typeid=i","cat":285250},{"id":27086,"n":"Crème légère fluide UHT Bio Bio Village 15%mg - 3x20cl","p":3.65,"u":"6,08 €/L","img":"https://fd2-photos.leclercdrive.fr/image.ashx?id=2694434&use=l&cat=p&typeid=i","cat":284381},{"id":27087,"n":"Crème entière fluide UHT Bio Bio Village 30% MG - 3x20cl","p":3.96,"u":"6,60 €/L","img":"https://fd2-photos.leclercdrive.fr/image.ashx?id=2496899&use=l&cat=p&typeid=i","cat":284381},{"id":27093,"n":"Compote Douceur du Verger Coupelle pomme abricot - 4x100g","p":1.19,"u":"2,98 €/KG","img":"https://fd2-photos.leclercdrive.fr/image.ashx?id=2663500&use=l&cat=p&typeid=i","cat":284508},{"id":27096,"n":"Mayonnaise allégée Rustica 450g","p":1.13,"u":"2,51 €/KG","img":"https://fd2-photos.leclercdrive.fr/image.ashx?id=1026709&use=l&cat=p&typeid=i","cat":298295},{"id":27098,"n":"Café moulu Plantation Brésil - 250g","p":3.71,"u":"14,84 €/KG","img":"https://fd2-photos.leclercdrive.fr/image.ashx?id=2607512&use=l&cat=p&typeid=i","cat":284750},{"id":27105,"n":"Corned Beef Hereford 7 Oz  - 200g","p":2.16,"u":"10,80 €/KG","img":"https://fd2-photos.leclercdrive.fr/image.ashx?id=2896943&use=l&cat=p&typeid=i","cat":305149},{"id":27106,"n":"Couches bébé Mots d'Enfants Mini - T2 : 3/6kg - x35 changes","p":5.18,"u":"0,15 €/P","img":"https://fd2-photos.leclercdrive.fr/image.ashx?id=2904568&use=l&cat=p&typeid=i","cat":284737},{"id":27108,"n":"Steak haché 5%mg Férial façon bouchère - 250g","p":4.59,"u":"18,36 €/KG","img":"https://fd2-photos.leclercdrive.fr/image.ashx?id=2903989&use=l&cat=p&typeid=i","cat":284332},{"id":27109,"n":"Steak haché 15mg Férial Façon bouchère - 250g","p":3.99,"u":"15,96 €/KG","img":"https://fd2-photos.leclercdrive.fr/image.ashx?id=2903992&use=l&cat=p&typeid=i","cat":284332},{"id":27129,"n":"Papillotes Préparation Maggi Poulet ail et oignons - 36g","p":0.66,"u":"18,33 €/KG","img":"https://fd2-photos.leclercdrive.fr/image.ashx?id=2965295&use=l&cat=p&typeid=i","cat":288380},{"id":27139,"n":"Viande hachée tradition Charal 15%MG - 600g","p":8.9,"u":"14,83 €/KG","img":"https://fd2-photos.leclercdrive.fr/image.ashx?id=2014373&use=l&cat=p&typeid=i","cat":284332},{"id":27149,"n":"Bonbons Croibleu Sève de pin - 250g","p":2.07,"u":"8,28 €/KG","img":"https://fd2-photos.leclercdrive.fr/image.ashx?id=1640045&use=l&cat=p&typeid=i","cat":304252},{"id":27158,"n":"Mini Barre Chocolat Lait KitKat x21 barres - 350g","p":4.5,"u":"12,86 €/KG","img":"https://fd2-photos.leclercdrive.fr/image.ashx?id=2762611&use=l&cat=p&typeid=i","cat":284498},{"id":27172,"n":"Boisson lactée allégé Candy'UP Chocolat - 6x20cl","p":2.77,"u":"2,31 €/L","img":"https://fd2-photos.leclercdrive.fr/image.ashx?id=2492148&use=l&cat=p&typeid=i","cat":295246},{"id":27174,"n":"Bière blonde Tripel Karmeliet 8,4% - 75cl","p":4.6,"u":"6,13 €/L","img":"https://fd2-photos.leclercdrive.fr/image.ashx?id=2861180&use=l&cat=p&typeid=i","cat":334872},{"id":27178,"n":"Friandises Fun Tastix Fido Jambon fromage - 150g","p":1.53,"u":"10,20 €/KG","img":"https://fd2-photos.leclercdrive.fr/image.ashx?id=2681212&use=l&cat=p&typeid=i","cat":294527},{"id":27186,"n":"Bière blonde Leffe Triple 8,5% - 75cl","p":3.43,"u":"4,57 €/L","img":"https://fd2-photos.leclercdrive.fr/image.ashx?id=1890049&use=l&cat=p&typeid=i","cat":334852},{"id":27229,"n":"Couches bébé Mots d'Enfants Ecologique - T4 : 7/18kg - x32","p":8.99,"u":"0,28 €/P","img":"https://fd2-photos.leclercdrive.fr/image.ashx?id=2904562&use=l&cat=p&typeid=i","cat":284737},{"id":27325,"n":"Baguette Le Rétro  300g","p":0.95,"u":"3,17 €/KG","img":"https://fd2-photos.leclercdrive.fr/image.ashx?id=2062972&use=l&cat=p&typeid=i","cat":284359},{"id":27367,"n":"Vin d'Union Européenne blanc François D'Aubigné - 75 cl","p":1.49,"u":"1,99 €/L","img":"https://fd2-photos.leclercdrive.fr/image.ashx?id=2939043&use=l&cat=p&typeid=i","cat":289557},{"id":27377,"n":"Cordons bleus Isla Délice Halal - x4 400g","p":3.83,"u":"9,58 €/KG","img":"https://fd2-photos.leclercdrive.fr/image.ashx?id=2249689&use=l&cat=p&typeid=i","cat":319780},{"id":27382,"n":"Nuggets Isla Délice Halal - 400g","p":3.21,"u":"8,03 €/KG","img":"https://fd2-photos.leclercdrive.fr/image.ashx?id=2256104&use=l&cat=p&typeid=i","cat":319780},{"id":27434,"n":"Coupelles Pêches DDV Sirop léger - 4x70 g","p":2.49,"u":"8,89 €/KG","img":"https://fd2-photos.leclercdrive.fr/image.ashx?id=2100784&use=l&cat=p&typeid=i","cat":284507},{"id":27454,"n":"Maïs Notre Jardin Croquant - 3x140g","p":1.83,"u":"4,36 €/KG","img":"https://fd2-photos.leclercdrive.fr/image.ashx?id=2988051&use=l&cat=p&typeid=i","cat":312611},{"id":27487,"n":"Dés Salakis basilic Fromage brebis - 300g","p":3.32,"u":"11,07 €/KG","img":"https://fd2-photos.leclercdrive.fr/image.ashx?id=2729695&use=l&cat=p&typeid=i","cat":314026},{"id":27523,"n":"Colin d'Alaska Pêche Océan À la parisienne - MSC - 400g","p":2.79,"u":"6,98 €/KG","img":"https://fd2-photos.leclercdrive.fr/image.ashx?id=2930120&use=l&cat=p&typeid=i","cat":319786},{"id":27524,"n":"Colin d'Alaska Côté Table A la provençale - MSC - 400g","p":2.79,"u":"6,98 €/KG","img":"https://fd2-photos.leclercdrive.fr/image.ashx?id=2930123&use=l&cat=p&typeid=i","cat":319786},{"id":27531,"n":"Assortiment exotique Tables du Monde 470g","p":4.79,"u":"10,19 €/KG","img":"https://fd2-photos.leclercdrive.fr/image.ashx?id=1735978&use=l&cat=p&typeid=i","cat":333673},{"id":27576,"n":"Barres céréales Special K Kellogg's Fruits rouges 6x21,5g","p":2.07,"u":"16,05 €/KG","img":"https://fd2-photos.leclercdrive.fr/image.ashx?id=3003176&use=l&cat=p&typeid=i","cat":285869},{"id":27721,"n":"Emmental Les Croisés En tranches - 200g","p":1.94,"u":"9,70 €/KG","img":"https://fd2-photos.leclercdrive.fr/image.ashx?id=2436317&use=l&cat=p&typeid=i","cat":314028},{"id":27798,"n":"Bière ambrée corse Pietra 6° - 75cl","p":3.71,"u":"4,95 €/L","img":"https://fd2-photos.leclercdrive.fr/image.ashx?id=2992921&use=l&cat=p&typeid=i","cat":334872},{"id":27836,"n":"Pizza Crousti-moelleuse Marie Poulet kebab - 530g","p":3.98,"u":"7,51 €/KG","img":"https://fd2-photos.leclercdrive.fr/image.ashx?id=2996752&use=l&cat=p&typeid=i","cat":284256},{"id":27941,"n":"Cotons Duo Démaquillants Inell Disques x110","p":0.97,"img":"https://fd2-photos.leclercdrive.fr/image.ashx?id=1709588&use=l&cat=p&typeid=i","cat":285593},{"id":27961,"n":"Poulet basquaise Marie Riz à la tomate - 900g","p":4.88,"u":"5,42 €/KG","img":"https://fd2-photos.leclercdrive.fr/image.ashx?id=2996779&use=l&cat=p&typeid=i","cat":284254},{"id":27976,"n":"Eau minérale naturelle Vittel 8x33cl","p":2.57,"u":"0,97 €/L","img":"https://fd2-photos.leclercdrive.fr/image.ashx?id=3000423&use=l&cat=p&typeid=i","cat":284535},{"id":27977,"n":"Eau minérale naturelle Vittel 6x50cl","p":2.38,"u":"0,79 €/L","img":"https://fd2-photos.leclercdrive.fr/image.ashx?id=2999850&use=l&cat=p&typeid=i","cat":284535},{"id":28023,"n":"Duo céréales Comptoir du Grain  Quinoa et Boulgour - 400g","p":2.05,"u":"5,13 €/KG","img":"https://fd2-photos.leclercdrive.fr/image.ashx?id=3012830&use=l&cat=p&typeid=i","cat":284429},{"id":28078,"n":"Coton bébé Mots d'Enfants Duo maxi carrés - x80","p":1.79,"u":"0,02 €/P","img":"https://fd2-photos.leclercdrive.fr/image.ashx?id=3014206&use=l&cat=p&typeid=i","cat":284739},{"id":28083,"n":"Maïs Notre Jardin Tendre  - 2x300g","p":1.88,"u":"3,13 €/KG","img":"https://fd2-photos.leclercdrive.fr/image.ashx?id=3005661&use=l&cat=p&typeid=i","cat":312611},{"id":28099,"n":"Eau minérale gazeuse St Diery Naturelle - 6x1,25L","p":2.16,"u":"0,29 €/L","img":"https://fd2-photos.leclercdrive.fr/image.ashx?id=2863075&use=l&cat=p&typeid=i","cat":284536},{"id":28104,"n":"IGP Pays d'Oc Merlot vin rosé Vieux Carion 12.5% vol -75 cl","p":2.25,"u":"3,00 €/L","img":"https://fd2-photos.leclercdrive.fr/image.ashx?id=2903962&use=l&cat=p&typeid=i","cat":289558},{"id":28203,"n":"Fromage : Le Carré Les Croisés 23%mg - 230g","p":1.92,"u":"8,35 €/KG","img":"https://fd2-photos.leclercdrive.fr/image.ashx?id=2974801&use=l&cat=p&typeid=i","cat":314033},{"id":28209,"n":"Noix de cajou grillées Tokapi Salées - 125g","p":1.48,"u":"11,84 €/KG","img":"https://fd2-photos.leclercdrive.fr/image.ashx?id=2839821&use=l&cat=p&typeid=i","cat":284448},{"id":28211,"n":"Pistaches Tokapi Grillées et salées - 125g","p":1.85,"u":"14,80 €/KG","img":"https://fd2-photos.leclercdrive.fr/image.ashx?id=2795550&use=l&cat=p&typeid=i","cat":284448},{"id":28216,"n":"Café en grains Bio Village Bio 100% arabica - 250g","p":4.51,"u":"18,04 €/KG","img":"https://fd2-photos.leclercdrive.fr/image.ashx?id=1470434&use=l&cat=p&typeid=i","cat":293237},{"id":28217,"n":"Pain d'épices bio Bio Village Miel - Pré-tranché - 300g","p":1.65,"u":"5,50 €/KG","img":"https://fd2-photos.leclercdrive.fr/image.ashx?id=769642&use=l&cat=p&typeid=i","cat":284493},{"id":28226,"n":"Cotons Duo Démaquillants Inell Duo ovale - Disques x70","p":1.56,"img":"https://fd2-photos.leclercdrive.fr/image.ashx?id=1709940&use=l&cat=p&typeid=i","cat":285593},{"id":28228,"n":"Chocolat Pâtissier Bio Village Bio - Noir  52% cacao - 200g","p":2.75,"u":"13,75 €/KG","img":"https://fd2-photos.leclercdrive.fr/image.ashx?id=2802305&use=l&cat=p&typeid=i","cat":285562},{"id":28241,"n":"Savon mains en crème Manava Lait et miel - 300ml","p":1.05,"u":"3,50 €/L","img":"https://fd2-photos.leclercdrive.fr/image.ashx?id=2935486&use=l&cat=p&typeid=i","cat":284597},{"id":28308,"n":"Paëlla Royale Côté Table Poulet, moule et chorizo 940g","p":3.69,"u":"3,93 €/KG","img":"https://fd2-photos.leclercdrive.fr/image.ashx?id=2977873&use=l&cat=p&typeid=i","cat":325094},{"id":28311,"n":"Liqueur Grand Marnier Orange & Cognac - 40%vol - 70cl","p":20.5,"u":"29,29 €/L","img":"https://fd2-photos.leclercdrive.fr/image.ashx?id=3007909&use=l&cat=p&typeid=i","cat":286032},{"id":28353,"n":"AOP Reblochon de Savoie Pochat 45%mg - 450g","p":6.88,"u":"15,29 €/KG","img":"https://fd2-photos.leclercdrive.fr/image.ashx?id=2102761&use=l&cat=p&typeid=i","cat":314037},{"id":28368,"n":"Tablette de chocolat Equador Noir fleur de sel 100g","p":1.42,"u":"14,20 €/KG","img":"https://fd2-photos.leclercdrive.fr/image.ashx?id=2660565&use=l&cat=p&typeid=i","cat":284956},{"id":28384,"n":"Patate douce Sachet 1kg","p":2.99,"u":"2,99 €/KG","img":"https://fd2-photos.leclercdrive.fr/image.ashx?id=1632578&use=l&cat=p&typeid=i","cat":284352},{"id":28419,"n":"Lingettes anti-transfert Texil Tous textiles x25","p":2.32,"u":"0,09 €/P","img":"https://fd2-photos.leclercdrive.fr/image.ashx?id=2964571&use=l&cat=p&typeid=i","cat":290450},{"id":28432,"n":"Jus d'ananas Eco + Brique 1L","p":1.57,"u":"1,57 €/L","img":"https://fd2-photos.leclercdrive.fr/image.ashx?id=2595074&use=l&cat=p&typeid=i","cat":284916},{"id":28594,"n":"Soupe instantanée Royco  Crème d'asperges - 4x200ml","p":1.51,"u":"1,89 €/L","img":"https://fd2-photos.leclercdrive.fr/image.ashx?id=2650982&use=l&cat=p&typeid=i","cat":293527},{"id":28596,"n":"Soupe instantanée Royco  Crème de volaille - 4x200ml","p":1.66,"u":"2,08 €/L","img":"https://fd2-photos.leclercdrive.fr/image.ashx?id=2376413&use=l&cat=p&typeid=i","cat":293527},{"id":28613,"n":"Nectar multifruits  1L","p":0.98,"u":"0,98 €/L","img":"https://fd2-photos.leclercdrive.fr/image.ashx?id=2869263&use=l&cat=p&typeid=i","cat":284917},{"id":28614,"n":"Pur jus d'orange Eco+ Brique - 1L","p":1.87,"u":"1,87 €/L","img":"https://fd2-photos.leclercdrive.fr/image.ashx?id=2275712&use=l&cat=p&typeid=i","cat":284521},{"id":28715,"n":"Gel Toilette Intime Fraîcheur Intima Natural Aloe Vera 200ml","p":2.96,"u":"14,80 €/L","img":"https://fd2-photos.leclercdrive.fr/image.ashx?id=2959862&use=l&cat=p&typeid=i","cat":284627},{"id":28724,"n":"Nettoyant écologique Uni Vert Spécial Vitres - 750ml","p":1.79,"u":"2,39 €/L","img":"https://fd2-photos.leclercdrive.fr/image.ashx?id=2370993&use=l&cat=p&typeid=i","cat":325363},{"id":28725,"n":"Nettoyant écologique Uni Vert Spécial Vitres - 750ml","p":1.47,"u":"1,96 €/L","img":"https://fd2-photos.leclercdrive.fr/image.ashx?id=2372341&use=l&cat=p&typeid=i","cat":325363},{"id":28727,"n":"Tablettes anti-calcaire Calgon  4 en 1 - x48","p":9.41,"u":"15,08 €/KG","img":"https://fd2-photos.leclercdrive.fr/image.ashx?id=2954881&use=l&cat=p&typeid=i","cat":284653},{"id":28730,"n":"Bain moussant Manava Vanille et ambre 500ml","p":2.14,"u":"4,28 €/L","img":"https://fd2-photos.leclercdrive.fr/image.ashx?id=2618326&use=l&cat=p&typeid=i","cat":284594},{"id":28809,"n":"Pain burger géant Epi d'Or Nature x4 - 330g","p":0.87,"u":"2,64 €/KG","img":"https://fd2-photos.leclercdrive.fr/image.ashx?id=1861089&use=l&cat=p&typeid=i","cat":325067},{"id":28827,"n":"Chili con carne Côté Table Au piment de Cayenne - 820g","p":3.24,"u":"3,95 €/KG","img":"https://fd2-photos.leclercdrive.fr/image.ashx?id=2977156&use=l&cat=p&typeid=i","cat":325094},{"id":28828,"n":"Pâtes fraîches Turini Gnocchi 380g","p":1.09,"u":"2,87 €/KG","img":"https://fd2-photos.leclercdrive.fr/image.ashx?id=2254526&use=l&cat=p&typeid=i","cat":333682},{"id":28832,"n":"Cookies Méga pépites P'tit Déli Chocolat 184g","p":1.51,"u":"8,21 €/KG","img":"https://fd2-photos.leclercdrive.fr/image.ashx?id=2722814&use=l&cat=p&typeid=i","cat":325066},{"id":28848,"n":"Pennes au saumon Marie A la crème - 900g","p":5.78,"u":"6,42 €/KG","img":"https://fd2-photos.leclercdrive.fr/image.ashx?id=2996761&use=l&cat=p&typeid=i","cat":284254},{"id":28856,"n":"Pain burger Epi d'Or Géant complet x4 - 330g","p":0.97,"u":"2,94 €/KG","img":"https://fd2-photos.leclercdrive.fr/image.ashx?id=2984661&use=l&cat=p&typeid=i","cat":325067},{"id":28860,"n":"Pain de mie Epi d'or Complet - Spécial mie - 500g","p":1.47,"u":"2,94 €/KG","img":"https://fd2-photos.leclercdrive.fr/image.ashx?id=2807291&use=l&cat=p&typeid=i","cat":284477},{"id":28866,"n":"Coq au vin et ses torsades NRT 300g","p":2.61,"u":"8,70 €/KG","img":"https://fd2-photos.leclercdrive.fr/image.ashx?id=2723240&use=l&cat=p&typeid=i","cat":284953},{"id":28869,"n":"Parmentier canard Sud Ouest NRT - 300g","p":2.99,"u":"9,97 €/KG","img":"https://fd2-photos.leclercdrive.fr/image.ashx?id=2925210&use=l&cat=p&typeid=i","cat":284953},{"id":28872,"n":"Saucisses de Toulouse lentilles NRT - 300g","p":2.36,"u":"7,87 €/KG","img":"https://fd2-photos.leclercdrive.fr/image.ashx?id=2723234&use=l&cat=p&typeid=i","cat":284953},{"id":28873,"n":"Thon blanc Bretagne NRT huile d'olive - 160g","p":2.88,"u":"18,00 €/KG","img":"https://fd2-photos.leclercdrive.fr/image.ashx?id=2791099&use=l&cat=p&typeid=i","cat":303867},{"id":28874,"n":"Thon blanc Bretagne NRT Nature - 160g","p":2.69,"u":"16,81 €/KG","img":"https://fd2-photos.leclercdrive.fr/image.ashx?id=2775445&use=l&cat=p&typeid=i","cat":303867},{"id":28913,"n":"IGP Filet de poulet blanc fermier Label rouge x2 - 240g","p":5.73,"u":"23,88 €/KG","img":"https://fd2-photos.leclercdrive.fr/image.ashx?id=1617450&use=l&cat=p&typeid=i","cat":284336},{"id":28937,"n":"Pain Polka 400g","p":0.75,"u":"1,88 €/KG","img":"https://fd2-photos.leclercdrive.fr/image.ashx?id=614787&use=l&cat=p&typeid=i","cat":284359},{"id":28938,"n":"Velouté bio Bio Village Légumes variés  - 1L","p":2.06,"u":"2,06 €/L","img":"https://fd2-photos.leclercdrive.fr/image.ashx?id=2133954&use=l&cat=p&typeid=i","cat":284462},{"id":28961,"n":"AOP Beaujolais Nouveau Vin Rouge - Georges Duboeuf - 75cl","p":7.25,"u":"9,67 €/L","img":"https://fd2-photos.leclercdrive.fr/image.ashx?id=2966029&use=l&cat=p&typeid=i","cat":289556},{"id":28966,"n":"Liqueur Malibu Coco 18% vol - 70cl","p":10.07,"u":"14,39 €/L","img":"https://fd2-photos.leclercdrive.fr/image.ashx?id=2993481&use=l&cat=p&typeid=i","cat":284551},{"id":28996,"n":"Mayonnaise de Dijon AMORA 235g","p":1.79,"u":"7,62 €/KG","img":"https://fd2-photos.leclercdrive.fr/image.ashx?id=2946649&use=l&cat=p&typeid=i","cat":298295},{"id":28999,"n":"Mayonnaise de Dijon Amora Sans conservateur  - 415g","p":2.19,"u":"5,28 €/KG","img":"https://fd2-photos.leclercdrive.fr/image.ashx?id=2964207&use=l&cat=p&typeid=i","cat":298295},{"id":29000,"n":"Mayonnaise de Dijon Amora 710g","p":3.26,"u":"4,59 €/KG","img":"https://fd2-photos.leclercdrive.fr/image.ashx?id=2598672&use=l&cat=p&typeid=i","cat":298295},{"id":29006,"n":"Escargots préparés Eco+ Recette bourguignonne - 89g","p":2.99,"u":"33,60 €/KG","img":"https://fd2-photos.leclercdrive.fr/image.ashx?id=2794758&use=l&cat=p&typeid=i","cat":319775},{"id":29011,"n":"Foie gras canard IGP Landes Nos Régions ont du Talent 200g","p":16.95,"u":"84,75 €/KG","img":"https://fd2-photos.leclercdrive.fr/image.ashx?id=2743873&use=l&cat=p&typeid=i","cat":316008},{"id":29013,"n":"Foie gras canard IGP Périgord Entier NRT - 125g","p":12.5,"u":"100,00 €/KG","img":"https://fd2-photos.leclercdrive.fr/image.ashx?id=2743876&use=l&cat=p&typeid=i","cat":316008},{"id":29014,"n":"Bloc de foie gras de canard Pierre de Chaumeyrac 300g","p":19.75,"u":"65,83 €/KG","img":"https://fd2-photos.leclercdrive.fr/image.ashx?id=2074422&use=l&cat=p&typeid=i","cat":316008},{"id":29015,"n":"Foie gras de canard entier Bocal - 180g","p":12.9,"u":"71,67 €/KG","img":"https://fd2-photos.leclercdrive.fr/image.ashx?id=2801031&use=l&cat=p&typeid=i","cat":316008},{"id":29017,"n":"Bloc de Foie gras canard 200g","p":9.49,"u":"47,45 €/KG","img":"https://fd2-photos.leclercdrive.fr/image.ashx?id=2422686&use=l&cat=p&typeid=i","cat":316008},{"id":29032,"n":"Chips Bret's Poulet braisé - 125g","p":1.08,"u":"8,64 €/KG","img":"https://fd2-photos.leclercdrive.fr/image.ashx?id=1927788&use=l&cat=p&typeid=i","cat":284447},{"id":29044,"n":"Cerneaux de noix Tablier Blanc 50g","p":1.3,"u":"26,00 €/KG","img":"https://fd2-photos.leclercdrive.fr/image.ashx?id=2460607&use=l&cat=p&typeid=i","cat":323809},{"id":29047,"n":"Pignons de pin Tablier Blanc 50g","p":2.39,"u":"47,80 €/KG","img":"https://fd2-photos.leclercdrive.fr/image.ashx?id=2867907&use=l&cat=p&typeid=i","cat":323809},{"id":29075,"n":"Sauce Tzatziki Tables du Monde 100g","p":0.9,"u":"9,00 €/KG","img":"https://fd2-photos.leclercdrive.fr/image.ashx?id=2872445&use=l&cat=p&typeid=i","cat":315999},{"id":29095,"n":"Yaourts brassés Délisse Vanille - 8x125g","p":2.65,"u":"2,65 €/KG","img":"https://fd2-photos.leclercdrive.fr/image.ashx?id=2372338&use=l&cat=p&typeid=i","cat":284410},{"id":29117,"n":"Bonbons sans sucres Confiséo Menthe - 150g","p":1.98,"u":"13,20 €/KG","img":"https://fd2-photos.leclercdrive.fr/image.ashx?id=2934697&use=l&cat=p&typeid=i","cat":304252},{"id":29119,"n":"Potage gourmand Régal Soupe 8 légumes à la crème - 1L","p":1.69,"u":"1,69 €/L","img":"https://fd2-photos.leclercdrive.fr/image.ashx?id=2607521&use=l&cat=p&typeid=i","cat":284462},{"id":29133,"n":"Sacs poubelle Haute 50L Elembal Poignées coulissantes - x15","p":1.94,"u":"0,13 €/P","img":"https://fd2-photos.leclercdrive.fr/image.ashx?id=2958726&use=l&cat=p&typeid=i","cat":285168},{"id":29134,"n":"Mousse coiffante Vitanove Effet boucles - 200ml","p":1.48,"u":"7,40 €/L","img":"https://fd2-photos.leclercdrive.fr/image.ashx?id=2490040&use=l&cat=p&typeid=i","cat":284609},{"id":29174,"n":"Lait de douche Manava Pêche de vigne - 250ml","p":0.94,"u":"3,76 €/L","img":"https://fd2-photos.leclercdrive.fr/image.ashx?id=1636779&use=l&cat=p&typeid=i","cat":284594},{"id":29187,"n":"Langue de boeuf Larzul Sauce Madère 274g","p":4.98,"u":"18,18 €/KG","img":"https://fd2-photos.leclercdrive.fr/image.ashx?id=2228786&use=l&cat=p&typeid=i","cat":284441},{"id":29189,"n":"Bûche de chèvre Bio Bio Village 180g","p":2.66,"u":"14,78 €/KG","img":"https://fd2-photos.leclercdrive.fr/image.ashx?id=2070437&use=l&cat=p&typeid=i","cat":314031},{"id":29358,"n":"Pur jus pamplemousse Jafaden Rose - 1L","p":1.67,"u":"1,67 €/L","img":"https://fd2-photos.leclercdrive.fr/image.ashx?id=2869269&use=l&cat=p&typeid=i","cat":284914},{"id":29360,"n":"AOP Cabernet d'Anjou vin rosé Les Caractères - BIB 5L","p":21.49,"u":"4,30 €/L","img":"https://fd2-photos.leclercdrive.fr/image.ashx?id=2913672&use=l&cat=p&typeid=i","cat":289560},{"id":29361,"n":"Sacs poubelle haute 30L Elembal Poignées coulissantes - x25","p":3.23,"u":"0,13 €/P","img":"https://fd2-photos.leclercdrive.fr/image.ashx?id=2958723&use=l&cat=p&typeid=i","cat":285168},{"id":29364,"n":"Boisson base vin rosé Festalie Pamplemousse - 7.5% - 75 cl","p":1.89,"u":"2,52 €/L","img":"https://fd2-photos.leclercdrive.fr/image.ashx?id=2774891&use=l&cat=p&typeid=i","cat":304569},{"id":29389,"n":"AOC Coteaux d'Aix-en-Provence vin rosé Terres Ocrées - BIB 3L","p":15.99,"u":"5,33 €/L","img":"https://fd2-photos.leclercdrive.fr/image.ashx?id=2704487&use=l&cat=p&typeid=i","cat":289560},{"id":29419,"n":"Tortillas chips Tokapi Nature - 150g","p":0.55,"u":"3,67 €/KG","img":"https://fd2-photos.leclercdrive.fr/image.ashx?id=2647955&use=l&cat=p&typeid=i","cat":287899},{"id":29535,"n":"Croûtons Epi d'Or Ail - 2x90g","p":1.19,"u":"6,61 €/KG","img":"https://fd2-photos.leclercdrive.fr/image.ashx?id=2606049&use=l&cat=p&typeid=i","cat":284464},{"id":29570,"n":"Saucisson Petit Justin Bridou  Bâton de Berger Nature - 160g","p":3.36,"u":"21,00 €/KG","img":"https://fd2-photos.leclercdrive.fr/image.ashx?id=2894893&use=l&cat=p&typeid=i","cat":316006},{"id":29718,"n":"La Belle Escalope de Dinde  Le Gaulois x2 - 240g","p":4.12,"u":"17,17 €/KG","img":"https://fd2-photos.leclercdrive.fr/image.ashx?id=2259646&use=l&cat=p&typeid=i","cat":284337},{"id":29724,"n":"Escalope de dinde Le Gaulois Milanaise x2 - 240g","p":4.26,"u":"17,75 €/KG","img":"https://fd2-photos.leclercdrive.fr/image.ashx?id=2259652&use=l&cat=p&typeid=i","cat":284337},{"id":29729,"n":"Escalope de dinde Le Gaulois Extra tendre x2 - 250g","p":4.11,"u":"16,44 €/KG","img":"https://fd2-photos.leclercdrive.fr/image.ashx?id=2259649&use=l&cat=p&typeid=i","cat":284337},{"id":29745,"n":"Steak haché Burger Tendre&Plus 15%MG x4 - 320g","p":5.79,"u":"18,09 €/KG","img":"https://fd2-photos.leclercdrive.fr/image.ashx?id=2786381&use=l&cat=p&typeid=i","cat":284332},{"id":29753,"n":"Eau gazeuse La Pétillante Citron vert sans sucre - 1L","p":0.4,"u":"0,40 €/L","img":"https://fd2-photos.leclercdrive.fr/image.ashx?id=2669738&use=l&cat=p&typeid=i","cat":284536},{"id":29754,"n":"Eau gazeuse La Pétillante Citron sans sucre - 1L","p":0.4,"u":"0,40 €/L","img":"https://fd2-photos.leclercdrive.fr/image.ashx?id=2590442&use=l&cat=p&typeid=i","cat":284536},{"id":29761,"n":"Taboulé Pierre Martinet Au poulet 500g","p":2.18,"u":"4,36 €/KG","img":"https://fd2-photos.leclercdrive.fr/image.ashx?id=2990526&use=l&cat=p&typeid=i","cat":333657},{"id":29764,"n":"Galettes blé noir Bio village Bio x4 - 200g","p":1.83,"u":"9,15 €/KG","img":"https://fd2-photos.leclercdrive.fr/image.ashx?id=2907258&use=l&cat=p&typeid=i","cat":333672},{"id":29765,"n":"Eau gazeuse aromatisée Badoit citron sans sucres - 1l","p":0.88,"u":"0,88 €/L","img":"https://fd2-photos.leclercdrive.fr/image.ashx?id=2730634&use=l&cat=p&typeid=i","cat":284537},{"id":29767,"n":"Eau gazeuse aromatisée Badoit citron vert sans sucres- 1L","p":0.85,"u":"0,85 €/L","img":"https://fd2-photos.leclercdrive.fr/image.ashx?id=3011044&use=l&cat=p&typeid=i","cat":284537},{"id":29794,"n":"Triangolo Fromage enfants vache Les Croisés 24 portions - 400g","p":2.67,"u":"6,68 €/KG","img":"https://fd2-photos.leclercdrive.fr/image.ashx?id=2791779&use=l&cat=p&typeid=i","cat":314030},{"id":29795,"n":"Fromage à tartiner Les Croisés Ail et fines herbes 24%mg 250g","p":2.09,"u":"8,36 €/KG","img":"https://fd2-photos.leclercdrive.fr/image.ashx?id=2476143&use=l&cat=p&typeid=i","cat":314029},{"id":29802,"n":"Kit Pâte à pizza Tablier Blanc 600g","p":2.59,"u":"4,32 €/KG","img":"https://fd2-photos.leclercdrive.fr/image.ashx?id=1731167&use=l&cat=p&typeid=i","cat":333681},{"id":29803,"n":"Jambon de Vendée IGP NRT X4 - 120g","p":3.92,"u":"32,67 €/KG","img":"https://fd2-photos.leclercdrive.fr/image.ashx?id=2670446&use=l&cat=p&typeid=i","cat":316007},{"id":29816,"n":"Bicarbonate alimentaire La Baleine - 800g","p":2.13,"u":"2,66 €/KG","img":"https://fd2-photos.leclercdrive.fr/image.ashx?id=2468335&use=l&cat=p&typeid=i","cat":284457},{"id":29845,"n":"Moulin saveur Ducros Assaisonnement steak - 35g","p":3.32,"u":"94,86 €/KG","img":"https://fd2-photos.leclercdrive.fr/image.ashx?id=2559448&use=l&cat=p&typeid=i","cat":298297},{"id":29854,"n":"Beurre de Bretagne Les Croisés Doux - 82% MG - 250g","p":2.61,"u":"10,44 €/KG","img":"https://fd2-photos.leclercdrive.fr/image.ashx?id=2778045&use=l&cat=p&typeid=i","cat":284379},{"id":29855,"n":"Beurre de Bretagne Les Croisés Demi-sel - 80% MG - 250g","p":2.61,"u":"10,44 €/KG","img":"https://fd2-photos.leclercdrive.fr/image.ashx?id=2943644&use=l&cat=p&typeid=i","cat":284379},{"id":29857,"n":"Beurre Les Croisés 80% MG  Demi-sel Extra fin - 125g","p":1.49,"u":"11,92 €/KG","img":"https://fd2-photos.leclercdrive.fr/image.ashx?id=2778066&use=l&cat=p&typeid=i","cat":284379},{"id":29864,"n":"Crème fraîche entière Délisse Fleurette - 30% MG - 40cl","p":1.72,"u":"4,30 €/L","img":"https://fd2-photos.leclercdrive.fr/image.ashx?id=3002575&use=l&cat=p&typeid=i","cat":284381},{"id":29865,"n":"Crème fraîche légère Délisse Fleurette - 12% MG - 40cl","p":1.62,"u":"4,05 €/L","img":"https://fd2-photos.leclercdrive.fr/image.ashx?id=3002578&use=l&cat=p&typeid=i","cat":284381},{"id":29866,"n":"Crème légère fluide UHT Délisse Brique 12%mg - 1L","p":3.39,"u":"3,39 €/L","img":"https://fd2-photos.leclercdrive.fr/image.ashx?id=3015248&use=l&cat=p&typeid=i","cat":284381},{"id":29869,"n":"Crème anglaise Délisse 1L","p":2.49,"u":"2,49 €/L","img":"https://fd2-photos.leclercdrive.fr/image.ashx?id=3002596&use=l&cat=p&typeid=i","cat":284382},{"id":29872,"n":"Crème semi-épaisse légère UHT Délisse 18%mg - 2x25cl","p":2.34,"u":"4,68 €/L","img":"https://fd2-photos.leclercdrive.fr/image.ashx?id=3002593&use=l&cat=p&typeid=i","cat":284381},{"id":29874,"n":"Emincés poireaux Notre Jardin A la crème 750g","p":2.55,"u":"3,40 €/KG","img":"https://fd2-photos.leclercdrive.fr/image.ashx?id=2873144&use=l&cat=p&typeid=i","cat":319805},{"id":29897,"n":"Liqueur pomme verte Manzella 17%vol. - 70cl","p":6.5,"u":"9,29 €/L","img":"https://fd2-photos.leclercdrive.fr/image.ashx?id=2715997&use=l&cat=p&typeid=i","cat":286032},{"id":29900,"n":"Bière belge Rince Cochon Blonde - 8.5%vol. - 33cl","p":1.93,"u":"5,85 €/L","img":"https://fd2-photos.leclercdrive.fr/image.ashx?id=2694695&use=l&cat=p&typeid=i","cat":334872},{"id":29913,"n":"Bière belge Rince Cochon Fruits rouges - 7.5%vol. - 33cl","p":2.24,"u":"6,79 €/L","img":"https://fd2-photos.leclercdrive.fr/image.ashx?id=2694698&use=l&cat=p&typeid=i","cat":334872},{"id":29927,"n":"Bière belge Rince Cochon Blonde - 8.5%vol. - 75cl","p":3.31,"u":"4,41 €/L","img":"https://fd2-photos.leclercdrive.fr/image.ashx?id=1741463&use=l&cat=p&typeid=i","cat":334872},{"id":29982,"n":"Oeufs frais Matines  x20","p":4.43,"u":"0,22 €/P","img":"https://fd2-photos.leclercdrive.fr/image.ashx?id=2796234&use=l&cat=p&typeid=i","cat":284378},{"id":30042,"n":"Lait frais demi-écrémé Délisse Bouteille - 1L","p":1.12,"u":"1,12 €/L","img":"https://fd2-photos.leclercdrive.fr/image.ashx?id=2970581&use=l&cat=p&typeid=i","cat":285609},{"id":30043,"n":"Lait frais Délisse Entier Bouteille - 1L","p":1.33,"u":"1,33 €/L","img":"https://fd2-photos.leclercdrive.fr/image.ashx?id=2970584&use=l&cat=p&typeid=i","cat":285609},{"id":30051,"n":"Mini gratins Côté Table Choux fleurs - x4 480g","p":3.19,"u":"6,65 €/KG","img":"https://fd2-photos.leclercdrive.fr/image.ashx?id=2029370&use=l&cat=p&typeid=i","cat":319802},{"id":30056,"n":"Ratatouille Bio Bio Village Cuisinée - 600g","p":3.49,"u":"5,82 €/KG","img":"https://fd2-photos.leclercdrive.fr/image.ashx?id=2891821&use=l&cat=p&typeid=i","cat":319823},{"id":30059,"n":"Trio de fleurette Notre Jardin 1kg","p":2.48,"u":"2,48 €/KG","img":"https://fd2-photos.leclercdrive.fr/image.ashx?id=2873138&use=l&cat=p&typeid=i","cat":319805},{"id":30067,"n":"Assaisonnement En Poudre KNORR Secret d’Arômes Tube - 60g","p":1.31,"u":"21,83 €/KG","img":"https://fd2-photos.leclercdrive.fr/image.ashx?id=3014401&use=l&cat=p&typeid=i","cat":298297},{"id":30084,"n":"Bacon Saint Azay 100g","p":1.59,"u":"15,90 €/KG","img":"https://fd2-photos.leclercdrive.fr/image.ashx?id=2943653&use=l&cat=p&typeid=i","cat":316007},{"id":30089,"n":"Blanc de poulet Tradilège 6 tranches - 180g","p":1.59,"u":"8,83 €/KG","img":"https://fd2-photos.leclercdrive.fr/image.ashx?id=2943677&use=l&cat=p&typeid=i","cat":316010},{"id":30091,"n":"Blanc de dinde Tradilège 6 tranches 180g","p":1.95,"u":"10,83 €/KG","img":"https://fd2-photos.leclercdrive.fr/image.ashx?id=2925744&use=l&cat=p&typeid=i","cat":316010},{"id":30094,"n":"Jambon à griller Tradilège 2 tranches 160g","p":2.45,"u":"15,31 €/KG","img":"https://fd2-photos.leclercdrive.fr/image.ashx?id=2984176&use=l&cat=p&typeid=i","cat":316009},{"id":30099,"n":"Duo pâté / mousse Tradilège Canard 2x50g","p":1.14,"u":"11,40 €/KG","img":"https://fd2-photos.leclercdrive.fr/image.ashx?id=2974861&use=l&cat=p&typeid=i","cat":316008},{"id":30110,"n":"Pommes de terre NRT à la Sarladaise - 600g","p":2.99,"u":"4,98 €/KG","img":"https://fd2-photos.leclercdrive.fr/image.ashx?id=2699816&use=l&cat=p&typeid=i","cat":319823},{"id":30124,"n":"Soupe Régal Soupe Tomate et vermicelles - 1L","p":1.8,"u":"1,80 €/L","img":"https://fd2-photos.leclercdrive.fr/image.ashx?id=2607518&use=l&cat=p&typeid=i","cat":284462},{"id":30128,"n":"Céréales Chocapic Nestlé Chocolat - 1kg","p":5.15,"u":"5,15 €/KG","img":"https://fd2-photos.leclercdrive.fr/image.ashx?id=2977729&use=l&cat=p&typeid=i","cat":309513},{"id":30144,"n":"Croquettes chiens adulte Ultima Medium/maxi - poulet 7.5kg","p":21.28,"u":"2,84 €/KG","img":"https://fd2-photos.leclercdrive.fr/image.ashx?id=2872033&use=l&cat=p&typeid=i","cat":284672},{"id":30150,"n":"Eau aromatisée Volvic Juicy Agrumes -1,5L","p":1.4,"u":"0,93 €/L","img":"https://fd2-photos.leclercdrive.fr/image.ashx?id=2961987&use=l&cat=p&typeid=i","cat":284537},{"id":30185,"n":"Haché moelleux oignon Férial x10 - 1kg","p":7.49,"u":"7,49 €/KG","img":"https://fd2-photos.leclercdrive.fr/image.ashx?id=2704517&use=l&cat=p&typeid=i","cat":319778},{"id":30186,"n":"Haché moelleux Férial x10 - 1kg","p":9.73,"u":"9,73 €/KG","img":"https://fd2-photos.leclercdrive.fr/image.ashx?id=2966514&use=l&cat=p&typeid=i","cat":319778},{"id":30212,"n":"Soufflés l'Original Curly Cacahuète - 100g","p":0.86,"u":"8,60 €/KG","img":"https://fd2-photos.leclercdrive.fr/image.ashx?id=2693635&use=l&cat=p&typeid=i","cat":284449},{"id":30213,"n":"Soufflés l'Original Curly Cacahuète - 2x100g","p":1.74,"u":"8,70 €/KG","img":"https://fd2-photos.leclercdrive.fr/image.ashx?id=2962887&use=l&cat=p&typeid=i","cat":284449},{"id":30235,"n":"Bonbons Tic Tac  Menthe x100 - 49g","p":1.6,"u":"32,65 €/KG","img":"https://fd2-photos.leclercdrive.fr/image.ashx?id=2729470&use=l&cat=p&typeid=i","cat":304256},{"id":30256,"n":"Pâte à tartiner Nutella 825g","p":5.77,"u":"6,99 €/KG","img":"https://fd2-photos.leclercdrive.fr/image.ashx?id=2961813&use=l&cat=p&typeid=i","cat":284481},{"id":30272,"n":"IGP Pays d'Oc rouge Merlot Les Ormes de Cambras 12.5% BIB 5L","p":15.5,"u":"3,10 €/L","img":"https://fd2-photos.leclercdrive.fr/image.ashx?id=2443871&use=l&cat=p&typeid=i","cat":289560},{"id":30273,"n":"IGP Pays d'OC rouge Les Ormes De Cambras Sauvignon 12% BIB 5L","p":15.5,"u":"3,10 €/L","img":"https://fd2-photos.leclercdrive.fr/image.ashx?id=2445115&use=l&cat=p&typeid=i","cat":289560},{"id":30349,"n":"Nettoyant écologique Uni Vert Salle de bain - 750ml","p":2.06,"u":"2,75 €/L","img":"https://fd2-photos.leclercdrive.fr/image.ashx?id=2059089&use=l&cat=p&typeid=i","cat":325357},{"id":30350,"n":"Nettoyant écologique Uni Vert Cuisine - 750ml","p":2.02,"u":"2,69 €/L","img":"https://fd2-photos.leclercdrive.fr/image.ashx?id=2192676&use=l&cat=p&typeid=i","cat":325357},{"id":30360,"n":"Bonbons Tic Tac 100 pastilles citron vert et orange - 49g","p":1.6,"u":"32,65 €/KG","img":"https://fd2-photos.leclercdrive.fr/image.ashx?id=2736280&use=l&cat=p&typeid=i","cat":304256},{"id":30362,"n":"Fleur de maïs Maïzena 400g","p":1.38,"u":"3,45 €/KG","img":"https://fd2-photos.leclercdrive.fr/image.ashx?id=2312770&use=l&cat=p&typeid=i","cat":288382},{"id":30372,"n":"Fleur de Maïs Maïzena Sans Gluten Format Famille 700g","p":2.45,"u":"3,50 €/KG","img":"https://fd2-photos.leclercdrive.fr/image.ashx?id=2773907&use=l&cat=p&typeid=i","cat":288382},{"id":30386,"n":"Crème dessert Mont Blanc Boîte Praliné - 570g","p":2.33,"u":"4,09 €/KG","img":"https://fd2-photos.leclercdrive.fr/image.ashx?id=3011596&use=l&cat=p&typeid=i","cat":284506},{"id":30393,"n":"Mélange Ducros Cuisine à l'italienne - 30g","p":1.92,"u":"64,00 €/KG","img":"https://fd2-photos.leclercdrive.fr/image.ashx?id=2559454&use=l&cat=p&typeid=i","cat":298297},{"id":30394,"n":"Mélange malin Ducros Pour pâtes - 30g","p":2.92,"u":"97,33 €/KG","img":"https://fd2-photos.leclercdrive.fr/image.ashx?id=2559457&use=l&cat=p&typeid=i","cat":298297},{"id":30395,"n":"Piment d'Espelette AOP Ducros - 40g","p":8.82,"u":"220,50 €/KG","img":"https://fd2-photos.leclercdrive.fr/image.ashx?id=2559463&use=l&cat=p&typeid=i","cat":298297},{"id":30407,"n":"Dés de fromage salade Boursin Ail & fines herbes -120g","p":2.17,"u":"18,08 €/KG","img":"https://fd2-photos.leclercdrive.fr/image.ashx?id=2864366&use=l&cat=p&typeid=i","cat":314027},{"id":30420,"n":"Pizza Cuite sur pierre Turini Royale familiale - 570g","p":2.84,"u":"4,98 €/KG","img":"https://fd2-photos.leclercdrive.fr/image.ashx?id=2815241&use=l&cat=p&typeid=i","cat":284256},{"id":30477,"n":"Chocolat Pâtissier Nestlé Dessert : Praliné - 170g","p":3.03,"u":"17,82 €/KG","img":"https://fd2-photos.leclercdrive.fr/image.ashx?id=2895637&use=l&cat=p&typeid=i","cat":285562},{"id":30520,"n":"Fromage apéritif BoursinFromage Ail et fines herbes 20 roulés","p":3.28,"u":"32,80 €/KG","img":"https://fd2-photos.leclercdrive.fr/image.ashx?id=2918589&use=l&cat=p&typeid=i","cat":314027},{"id":30570,"n":"Sauce Tube Ail Oignons Panzani Panzani - 180G","p":1.14,"u":"6,33 €/KG","img":"https://fd2-photos.leclercdrive.fr/image.ashx?id=3004804&use=l&cat=p&typeid=i","cat":288384},{"id":30572,"n":"Pur jus de pomme Jafaden 1L","p":2.15,"u":"2,15 €/L","img":"https://fd2-photos.leclercdrive.fr/image.ashx?id=2916701&use=l&cat=p&typeid=i","cat":285435},{"id":30573,"n":"Edulcorant sucralose Canderel Briquet x300","p":2.97,"u":"95,81 €/KG","img":"https://fd2-photos.leclercdrive.fr/image.ashx?id=2811014&use=l&cat=p&typeid=i","cat":324846},{"id":30575,"n":"Happy' Box Haribo Boîte bonbons - 600g","p":4.12,"u":"6,87 €/KG","img":"https://fd2-photos.leclercdrive.fr/image.ashx?id=2802353&use=l&cat=p&typeid=i","cat":304250},{"id":30576,"n":"Zanzigliss Haribo Sachet bonbons réglisse - 300g","p":1.44,"u":"4,80 €/KG","img":"https://fd2-photos.leclercdrive.fr/image.ashx?id=2802347&use=l&cat=p&typeid=i","cat":304250},{"id":30577,"n":"Les Schtroumpfs Pik Haribo Sachet bonbons acidulés - 275g","p":1.48,"u":"5,38 €/KG","img":"https://fd2-photos.leclercdrive.fr/image.ashx?id=2984898&use=l&cat=p&typeid=i","cat":304250},{"id":30578,"n":"Bonbons LUTTI Scoubidou Doux Fruits - 200g","p":1.26,"u":"6,30 €/KG","img":"https://fd2-photos.leclercdrive.fr/image.ashx?id=2817434&use=l&cat=p&typeid=i","cat":304250},{"id":30587,"n":"Yaourts châtaignes Bio village Bio au lait de brebis - 2x125g","p":1.67,"u":"6,68 €/KG","img":"https://fd2-photos.leclercdrive.fr/image.ashx?id=2658593&use=l&cat=p&typeid=i","cat":314998},{"id":30592,"n":"Fromage blanc Délisse Sucré 3% MG - 8x100g","p":2.29,"u":"2,86 €/KG","img":"https://fd2-photos.leclercdrive.fr/image.ashx?id=1744463&use=l&cat=p&typeid=i","cat":284409},{"id":30594,"n":"Fromage frais nature Bio Bio village - 12x60g","p":3.44,"u":"4,78 €/KG","img":"https://fd2-photos.leclercdrive.fr/image.ashx?id=2992633&use=l&cat=p&typeid=i","cat":284409},{"id":30600,"n":"Billes Chocolat au Lait KitKat Sachet  - 250g","p":3.87,"u":"15,48 €/KG","img":"https://fd2-photos.leclercdrive.fr/image.ashx?id=2806063&use=l&cat=p&typeid=i","cat":304238},{"id":30603,"n":"Soupe liquide brique Liebig  Chinoise - 1L","p":2.78,"u":"2,78 €/L","img":"https://fd2-photos.leclercdrive.fr/image.ashx?id=2750988&use=l&cat=p&typeid=i","cat":287367},{"id":30607,"n":"Soupe liquide Liebig  Potiron et kiri - Brique 1L","p":2.58,"u":"2,58 €/L","img":"https://fd2-photos.leclercdrive.fr/image.ashx?id=2892130&use=l&cat=p&typeid=i","cat":284462},{"id":30619,"n":"Jambon cru Aoste Quart Tranché  sans conservateur -  x18 - 220g","p":5.27,"u":"23,95 €/KG","img":"https://fd2-photos.leclercdrive.fr/image.ashx?id=2948057&use=l&cat=p&typeid=i","cat":316007},{"id":30627,"n":"Salade Notre Jardin Jeunes pousses d'épinard - 100g","p":1.4,"u":"14,00 €/KG","img":"https://fd2-photos.leclercdrive.fr/image.ashx?id=2718805&use=l&cat=p&typeid=i","cat":284353},{"id":30639,"n":"Eau déminéralisée Finissime  5L","p":1.66,"u":"0,33 €/L","img":"https://fd2-photos.leclercdrive.fr/image.ashx?id=2467796&use=l&cat=p&typeid=i","cat":284653},{"id":30640,"n":"Lapin chasseur Côté Table 280g","p":2.2,"u":"7,86 €/KG","img":"https://fd2-photos.leclercdrive.fr/image.ashx?id=2393866&use=l&cat=p&typeid=i","cat":284953},{"id":30641,"n":"Son d'avoine bio Bio Village 500g","p":2.69,"u":"5,38 €/KG","img":"https://fd2-photos.leclercdrive.fr/image.ashx?id=2664334&use=l&cat=p&typeid=i","cat":309512},{"id":30645,"n":"Salade Notre Jardin Duo Mâche et Roquette - 125g","p":1.68,"u":"13,44 €/KG","img":"https://fd2-photos.leclercdrive.fr/image.ashx?id=2720172&use=l&cat=p&typeid=i","cat":284353},{"id":30652,"n":"Purée pommes de terre Florette 2x200g","p":2.47,"u":"6,18 €/KG","img":"https://fd2-photos.leclercdrive.fr/image.ashx?id=2767678&use=l&cat=p&typeid=i","cat":333665},{"id":30653,"n":"Purée de carottes Florette 2x200g","p":2.47,"u":"6,18 €/KG","img":"https://fd2-photos.leclercdrive.fr/image.ashx?id=2790003&use=l&cat=p&typeid=i","cat":333665},{"id":30656,"n":"Bandes de cire froide Siliss Maillot aisselles - x16","p":2.19,"u":"0,14 €/P","img":"https://fd2-photos.leclercdrive.fr/image.ashx?id=2699450&use=l&cat=p&typeid=i","cat":325351},{"id":30780,"n":"Sacs poubelle 30L Eco+ x20","p":0.57,"u":"0,03 €/P","img":"https://fd2-photos.leclercdrive.fr/image.ashx?id=1979356&use=l&cat=p&typeid=i","cat":285168},{"id":30781,"n":"Sacs poubelle 50L Eco+ x10","p":0.41,"u":"0,04 €/P","img":"https://fd2-photos.leclercdrive.fr/image.ashx?id=1904756&use=l&cat=p&typeid=i","cat":285168},{"id":30791,"n":"Mouchoirs blancs 2 plis Eco+ Boîte mouchoirs en papier- x150","p":0.62,"img":"https://fd2-photos.leclercdrive.fr/image.ashx?id=2882990&use=l&cat=p&typeid=i","cat":284638},{"id":30808,"n":"Coton-tiges Eco+ Tige papier x200 bâtonnets","p":0.34,"img":"https://fd2-photos.leclercdrive.fr/image.ashx?id=2940893&use=l&cat=p&typeid=i","cat":284636},{"id":30815,"n":"Dissolvant Eco+ 250ml","p":1.33,"u":"5,32 €/L","img":"https://fd2-photos.leclercdrive.fr/image.ashx?id=1873934&use=l&cat=p&typeid=i","cat":325347},{"id":30816,"n":"Film étirable Eco+ 50m","p":0.95,"img":"https://fd2-photos.leclercdrive.fr/image.ashx?id=2048995&use=l&cat=p&typeid=i","cat":334134},{"id":30850,"n":"Blanquette veau Côté Table Champignons 285g","p":2.2,"u":"7,72 €/KG","img":"https://fd2-photos.leclercdrive.fr/image.ashx?id=2064822&use=l&cat=p&typeid=i","cat":284953},{"id":30856,"n":"Emincés de poulet Tradilège Rôti - 2x75g","p":2.13,"u":"14,20 €/KG","img":"https://fd2-photos.leclercdrive.fr/image.ashx?id=2994366&use=l&cat=p&typeid=i","cat":316011},{"id":30857,"n":"IGP Poulet fermier Bretagne Label rouge - 1,3kg","p":8.83,"u":"6,79 €/KG","img":"https://fd2-photos.leclercdrive.fr/image.ashx?id=2313939&use=l&cat=p&typeid=i","cat":284336},{"id":30881,"n":"Tortillas Old El Paso de maïs et blé x8 - 335g","p":2.34,"u":"6,99 €/KG","img":"https://fd2-photos.leclercdrive.fr/image.ashx?id=2738794&use=l&cat=p&typeid=i","cat":288993},{"id":30898,"n":"Gâteaux aux pépites chocolat x6 Chaque Jour Sans Gluten 230g","p":3.21,"u":"13,96 €/KG","img":"https://fd2-photos.leclercdrive.fr/image.ashx?id=2691249&use=l&cat=p&typeid=i","cat":318654},{"id":30929,"n":"Tortillas chips Tables du Monde Nature - 200g","p":1.15,"u":"5,75 €/KG","img":"https://fd2-photos.leclercdrive.fr/image.ashx?id=2655695&use=l&cat=p&typeid=i","cat":288993},{"id":30932,"n":"Biscuits déli matin P'tit Déli  Chocolat allégé- 300g","p":1.88,"u":"6,27 €/KG","img":"https://fd2-photos.leclercdrive.fr/image.ashx?id=3001202&use=l&cat=p&typeid=i","cat":284491},{"id":30933,"n":"Biscuit chocolat noir Gerblé Sans Sucres Ajoutés - 126g","p":1.87,"u":"14,84 €/KG","img":"https://fd2-photos.leclercdrive.fr/image.ashx?id=2662799&use=l&cat=p&typeid=i","cat":318653},{"id":30947,"n":"Pâtes Collezione Barilla Tagliatelle - 500g","p":1.41,"u":"2,82 €/KG","img":"https://fd2-photos.leclercdrive.fr/image.ashx?id=2654119&use=l&cat=p&typeid=i","cat":284427},{"id":30951,"n":"Chocolat au lait Tablette d'Or Coeur de lait - 2x100g","p":1.95,"u":"9,75 €/KG","img":"https://fd2-photos.leclercdrive.fr/image.ashx?id=3010575&use=l&cat=p&typeid=i","cat":284497},{"id":30953,"n":"Couscous Grain Moyen Ferrero  - 500g","p":1.26,"u":"2,52 €/KG","img":"https://fd2-photos.leclercdrive.fr/image.ashx?id=2886777&use=l&cat=p&typeid=i","cat":284429},{"id":30969,"n":"Glace Cône Nestlé Extrême Sorbet fruits rouges x6 - 426g","p":3.62,"u":"8,50 €/KG","img":"https://fd2-photos.leclercdrive.fr/image.ashx?id=2729845&use=l&cat=p&typeid=i","cat":284264},{"id":30976,"n":"Matière grasse Bridelight Demi-sel - 15% MG - 250g","p":2.1,"u":"8,40 €/KG","img":"https://fd2-photos.leclercdrive.fr/image.ashx?id=2643890&use=l&cat=p&typeid=i","cat":284379},{"id":30992,"n":"Poêlée paysanne Marie Saucisse fumé - 900g","p":4.98,"u":"5,53 €/KG","img":"https://fd2-photos.leclercdrive.fr/image.ashx?id=2996797&use=l&cat=p&typeid=i","cat":319823},{"id":31019,"n":"Feuilles de lasagne Turini 350g","p":2.69,"u":"7,69 €/KG","img":"https://fd2-photos.leclercdrive.fr/image.ashx?id=2617371&use=l&cat=p&typeid=i","cat":333682},{"id":31021,"n":"Gnocchi Turini 800g","p":2.29,"u":"2,86 €/KG","img":"https://fd2-photos.leclercdrive.fr/image.ashx?id=2254529&use=l&cat=p&typeid=i","cat":333682},{"id":31022,"n":"Gnocchi à poêler Turini 500g","p":1.42,"u":"2,84 €/KG","img":"https://fd2-photos.leclercdrive.fr/image.ashx?id=3014362&use=l&cat=p&typeid=i","cat":333682},{"id":31023,"n":"Ravioli Ricotta épinards Bio  Bio village - 250g","p":2.99,"u":"11,96 €/KG","img":"https://fd2-photos.leclercdrive.fr/image.ashx?id=2650252&use=l&cat=p&typeid=i","cat":333682},{"id":31029,"n":"Escalope Cordon Bleu Père Dodu  Dinde - Comté x2 - 200g","p":2.43,"u":"12,15 €/KG","img":"https://fd2-photos.leclercdrive.fr/image.ashx?id=2957179&use=l&cat=p&typeid=i","cat":333683},{"id":31030,"n":"Escalope Cordon Bleu Père Dodu  Poulet - Raclette x2 - 200g","p":2.52,"u":"12,60 €/KG","img":"https://fd2-photos.leclercdrive.fr/image.ashx?id=2957182&use=l&cat=p&typeid=i","cat":333683},{"id":31035,"n":"Chips La classique Vico Nature - 135g","p":1.2,"u":"8,89 €/KG","img":"https://fd2-photos.leclercdrive.fr/image.ashx?id=2917801&use=l&cat=p&typeid=i","cat":284447},{"id":31044,"n":"Haricots verts Notre Jardin Extra fins - 5 Fagots - 220g","p":2.15,"u":"9,77 €/KG","img":"https://fd2-photos.leclercdrive.fr/image.ashx?id=2988042&use=l&cat=p&typeid=i","cat":312606},{"id":31046,"n":"Assortiment crackers Tokapi Emmental - 100g","p":0.64,"u":"6,40 €/KG","img":"https://fd2-photos.leclercdrive.fr/image.ashx?id=2034386&use=l&cat=p&typeid=i","cat":297000},{"id":31054,"n":"Bouillon Cube Maggi Vollaile - x12 cubes - 120g","p":1.63,"u":"13,58 €/KG","img":"https://fd2-photos.leclercdrive.fr/image.ashx?id=2736982&use=l&cat=p&typeid=i","cat":288379},{"id":31058,"n":"Pâtes Barilla Capellini n°1 - 500g","p":0.95,"u":"1,90 €/KG","img":"https://fd2-photos.leclercdrive.fr/image.ashx?id=2392194&use=l&cat=p&typeid=i","cat":284427},{"id":31068,"n":"Chocolat Pâtissier Tablette dOr Lait - 170g","p":1.99,"u":"11,71 €/KG","img":"https://fd2-photos.leclercdrive.fr/image.ashx?id=2994175&use=l&cat=p&typeid=i","cat":285562},{"id":31069,"n":"Chocolat Pâtissier Tablette dOr Chocolat Blanc - 180g","p":2.03,"u":"11,28 €/KG","img":"https://fd2-photos.leclercdrive.fr/image.ashx?id=2562879&use=l&cat=p&typeid=i","cat":285562},{"id":31084,"n":"Crackers Tokapi Sésame et pavot - 100g","p":0.69,"u":"6,90 €/KG","img":"https://fd2-photos.leclercdrive.fr/image.ashx?id=1921880&use=l&cat=p&typeid=i","cat":297000},{"id":31086,"n":"Capsules Nescafé Dolce Gusto  Lungo Décaféiné - x16","p":4.77,"u":"42,59 €/KG","img":"https://fd2-photos.leclercdrive.fr/image.ashx?id=2836676&use=l&cat=p&typeid=i","cat":293239},{"id":31095,"n":"Filets maquereaux Pêche Océan Citron olives - 176g","p":1.78,"u":"10,11 €/KG","img":"https://fd2-photos.leclercdrive.fr/image.ashx?id=2515679&use=l&cat=p&typeid=i","cat":303868},{"id":31097,"n":"Feuilletés Tokapi Emmental - 85g","p":0.98,"u":"11,53 €/KG","img":"https://fd2-photos.leclercdrive.fr/image.ashx?id=1884022&use=l&cat=p&typeid=i","cat":297000},{"id":31098,"n":"Capsules Nescafé Dolce Gusto  Café au Lait - x16","p":4.68,"u":"29,25 €/KG","img":"https://fd2-photos.leclercdrive.fr/image.ashx?id=2946637&use=l&cat=p&typeid=i","cat":293239},{"id":31101,"n":"Filets maquereaux Pêche Océan Sauce escabèche - 169g","p":1.15,"u":"6,80 €/KG","img":"https://fd2-photos.leclercdrive.fr/image.ashx?id=2394666&use=l&cat=p&typeid=i","cat":303868},{"id":31105,"n":"Gaufrettes P'tit Déli Praliné noisette x15 110g","p":0.87,"u":"7,91 €/KG","img":"https://fd2-photos.leclercdrive.fr/image.ashx?id=2418245&use=l&cat=p&typeid=i","cat":284488},{"id":31113,"n":"Haricots rouges Notre Jardin 500g","p":1.37,"u":"2,74 €/KG","img":"https://fd2-photos.leclercdrive.fr/image.ashx?id=2988054&use=l&cat=p&typeid=i","cat":312606},{"id":31116,"n":"Pâtes bio Jardin Bio' Tire-bouchon semi-complet  500g","p":1.7,"u":"3,40 €/KG","img":"https://fd2-photos.leclercdrive.fr/image.ashx?id=2961116&use=l&cat=p&typeid=i","cat":284427},{"id":31119,"n":"Tartelettes P'tit Déli Chocolat noisettes - 150g","p":1.29,"u":"8,60 €/KG","img":"https://fd2-photos.leclercdrive.fr/image.ashx?id=2345556&use=l&cat=p&typeid=i","cat":284488},{"id":31136,"n":"Pâtes Torti Panzani 3 Minutes - 1Kg","p":2.2,"u":"2,20 €/KG","img":"https://fd2-photos.leclercdrive.fr/image.ashx?id=2896099&use=l&cat=p&typeid=i","cat":284427},{"id":31139,"n":"Tortillas chips Tables du Monde Chili - 200g","p":1.39,"u":"6,95 €/KG","img":"https://fd2-photos.leclercdrive.fr/image.ashx?id=2661544&use=l&cat=p&typeid=i","cat":288993},{"id":31143,"n":"Lait concentré sucré Délisse 397g","p":1.35,"u":"3,40 €/KG","img":"https://fd2-photos.leclercdrive.fr/image.ashx?id=2576588&use=l&cat=p&typeid=i","cat":299162},{"id":31146,"n":"Madeleines P'tit Déli Longues fourrées 240g","p":2.35,"u":"9,79 €/KG","img":"https://fd2-photos.leclercdrive.fr/image.ashx?id=2754204&use=l&cat=p&typeid=i","cat":284492},{"id":31149,"n":"Les p'tites spirales P'tit Déli Fraise 150g","p":1.55,"u":"10,33 €/KG","img":"https://fd2-photos.leclercdrive.fr/image.ashx?id=2660419&use=l&cat=p&typeid=i","cat":284495},{"id":31156,"n":"Café Soluble Nescafé x25 - 50g","p":2.04,"u":"40,80 €/KG","img":"https://fd2-photos.leclercdrive.fr/image.ashx?id=2485131&use=l&cat=p&typeid=i","cat":284843},{"id":31171,"n":"Pop corn sucrés Tokapi Micro-ondable - 3x90g","p":1.25,"u":"4,63 €/KG","img":"https://fd2-photos.leclercdrive.fr/image.ashx?id=2987154&use=l&cat=p&typeid=i","cat":304249},{"id":31174,"n":"Pâtes penne rigate Panzani 1kg","p":1.95,"u":"1,95 €/KG","img":"https://fd2-photos.leclercdrive.fr/image.ashx?id=2876020&use=l&cat=p&typeid=i","cat":284427},{"id":31193,"n":"Biscuit apéritif ancel Bretzels Sticks - 200g","p":0.94,"u":"4,70 €/KG","img":"https://fd2-photos.leclercdrive.fr/image.ashx?id=2895178&use=l&cat=p&typeid=i","cat":297000},{"id":31200,"n":"AOP Bordeaux rouge Baron de Lestac - BIB 3L","p":13.79,"u":"4,60 €/L","img":"https://fd2-photos.leclercdrive.fr/image.ashx?id=2420910&use=l&cat=p&typeid=i","cat":289560},{"id":31211,"n":"Grana Padano AOP Casa Azzurra Râpé -  100g","p":1.97,"u":"19,70 €/KG","img":"https://fd2-photos.leclercdrive.fr/image.ashx?id=2284730&use=l&cat=p&typeid=i","cat":314035},{"id":31265,"n":"Friandises chats Félix Original  Party mix - 60g","p":1.29,"u":"21,50 €/KG","img":"https://fd2-photos.leclercdrive.fr/image.ashx?id=2683346&use=l&cat=p&typeid=i","cat":285285},{"id":31289,"n":"Emmental râpé Entremont 3x70g","p":2.36,"u":"11,24 €/KG","img":"https://fd2-photos.leclercdrive.fr/image.ashx?id=2983150&use=l&cat=p&typeid=i","cat":314035},{"id":31297,"n":"Fromage crémeux Les Croisés 36%mg - 200g","p":2.43,"u":"12,15 €/KG","img":"https://fd2-photos.leclercdrive.fr/image.ashx?id=2037379&use=l&cat=p&typeid=i","cat":329558},{"id":31301,"n":"Steak haché Férial  15%mg - X10 - 1kg","p":11.9,"u":"11,90 €/KG","img":"https://fd2-photos.leclercdrive.fr/image.ashx?id=3004657&use=l&cat=p&typeid=i","cat":319778},{"id":31389,"n":"Menus gourmands Tous mes amis pour chatons - 12x100g","p":4.29,"u":"3,58 €/KG","img":"https://fd2-photos.leclercdrive.fr/image.ashx?id=2027595&use=l&cat=p&typeid=i","cat":285286},{"id":31416,"n":"Chocolat noir Villars 72% -100g","p":2.37,"u":"23,70 €/KG","img":"https://fd2-photos.leclercdrive.fr/image.ashx?id=2464270&use=l&cat=p&typeid=i","cat":284956},{"id":31441,"n":"Plat bébé Blédina 12 mois  Courgette riz veau - 2x200g","p":2.87,"u":"7,18 €/KG","img":"https://fd2-photos.leclercdrive.fr/image.ashx?id=2975074&use=l&cat=p&typeid=i","cat":312237},{"id":31449,"n":"Tortillas chips Eco+ Nature - 300g","p":0.94,"u":"3,13 €/KG","img":"https://fd2-photos.leclercdrive.fr/image.ashx?id=2669729&use=l&cat=p&typeid=i","cat":287899},{"id":31458,"n":"Moutarde de Dijon Rustica  Fine et forte - 160g","p":0.95,"u":"5,94 €/KG","img":"https://fd2-photos.leclercdrive.fr/image.ashx?id=2954367&use=l&cat=p&typeid=i","cat":288850},{"id":31641,"n":"Poulet basquaise Côté Table Riz 285g","p":1.81,"u":"6,35 €/KG","img":"https://fd2-photos.leclercdrive.fr/image.ashx?id=2476149&use=l&cat=p&typeid=i","cat":284953},{"id":31656,"n":"Cornichons Rustica Aigre Doux - 360g","p":1.63,"u":"4,53 €/KG","img":"https://fd2-photos.leclercdrive.fr/image.ashx?id=2916698&use=l&cat=p&typeid=i","cat":284458},{"id":31660,"n":"Sirop La Maison Guiot Fraise des bois - 70cl","p":3.44,"u":"4,91 €/L","img":"https://fd2-photos.leclercdrive.fr/image.ashx?id=2857207&use=l&cat=p&typeid=i","cat":295020},{"id":31661,"n":"Sirop La Maison Guiot Pêche blanche - 70cl","p":3.34,"u":"4,77 €/L","img":"https://fd2-photos.leclercdrive.fr/image.ashx?id=2857198&use=l&cat=p&typeid=i","cat":295020},{"id":31682,"n":"Sachet repas chat Tous mes amis Viande en sauces - 4x100g","p":1.49,"u":"3,73 €/KG","img":"https://fd2-photos.leclercdrive.fr/image.ashx?id=2043005&use=l&cat=p&typeid=i","cat":285286},{"id":31709,"n":"Viande boeuf séchée Saint Azay 10 tranches - 80g","p":3.78,"u":"47,25 €/KG","img":"https://fd2-photos.leclercdrive.fr/image.ashx?id=2979568&use=l&cat=p&typeid=i","cat":316007},{"id":31714,"n":"Pur jus de pomme Bio Village Bio - 6x20cl","p":3.25,"u":"2,71 €/L","img":"https://fd2-photos.leclercdrive.fr/image.ashx?id=2077442&use=l&cat=p&typeid=i","cat":284524},{"id":31717,"n":"Parmigiano Reg AOP Casa Azzurra Râpé -  60g","p":1.47,"u":"24,50 €/KG","img":"https://fd2-photos.leclercdrive.fr/image.ashx?id=2261951&use=l&cat=p&typeid=i","cat":314035},{"id":31729,"n":"Jus de pomme Jafaden A base de concentré - 1L","p":0.95,"u":"0,95 €/L","img":"https://fd2-photos.leclercdrive.fr/image.ashx?id=2550842&use=l&cat=p&typeid=i","cat":284522},{"id":31730,"n":"Pur jus de pomme Jafaden 1L","p":0.99,"u":"0,99 €/L","img":"https://fd2-photos.leclercdrive.fr/image.ashx?id=1936638&use=l&cat=p&typeid=i","cat":284522},{"id":31731,"n":"Thé glacé Fresh Tea Pêche - 1L","p":1.03,"u":"1,03 €/L","img":"https://fd2-photos.leclercdrive.fr/image.ashx?id=3002791&use=l&cat=p&typeid=i","cat":295019},{"id":31733,"n":"Pur jus multifruits Jafaden 1L","p":1.39,"u":"1,39 €/L","img":"https://fd2-photos.leclercdrive.fr/image.ashx?id=2890006&use=l&cat=p&typeid=i","cat":284917},{"id":31735,"n":"Nectar multifruits Jafaden 1L","p":1.75,"u":"1,75 €/L","img":"https://fd2-photos.leclercdrive.fr/image.ashx?id=2956089&use=l&cat=p&typeid=i","cat":284917},{"id":31736,"n":"Nectar Jafaden Goyave - 1L","p":2.08,"u":"2,08 €/L","img":"https://fd2-photos.leclercdrive.fr/image.ashx?id=2956095&use=l&cat=p&typeid=i","cat":284916},{"id":31737,"n":"Nectar Jafaden Passion - 1L","p":2.71,"u":"2,71 €/L","img":"https://fd2-photos.leclercdrive.fr/image.ashx?id=2959602&use=l&cat=p&typeid=i","cat":284916},{"id":31830,"n":"Sachet repas chat Tous mes amis Viande en sauce - 12x100g","p":3.65,"u":"3,04 €/KG","img":"https://fd2-photos.leclercdrive.fr/image.ashx?id=2677077&use=l&cat=p&typeid=i","cat":285286},{"id":31899,"n":"Huile OPTIMA Tramier  1L","p":4.99,"u":"4,99 €/L","img":"https://fd2-photos.leclercdrive.fr/image.ashx?id=2680407&use=l&cat=p&typeid=i","cat":284453},{"id":31915,"n":"Mayonnaise à la moutarde de Dij  de Dijon Rustica - 235 g","p":1.25,"u":"5,32 €/KG","img":"https://fd2-photos.leclercdrive.fr/image.ashx?id=2954355&use=l&cat=p&typeid=i","cat":298295},{"id":31918,"n":"Sucre Tablier Blanc En morceaux - 1kg","p":1.99,"u":"1,99 €/KG","img":"https://fd2-photos.leclercdrive.fr/image.ashx?id=3010425&use=l&cat=p&typeid=i","cat":284502},{"id":31965,"n":"Nettoyant spray Clair Cuisine et salle de bain 750ml","p":1.49,"u":"1,99 €/L","img":"https://fd2-photos.leclercdrive.fr/image.ashx?id=2466151&use=l&cat=p&typeid=i","cat":325357},{"id":31976,"n":"Sucre vanillé bio Bio Village 6x7.5g","p":1.85,"u":"41,11 €/KG","img":"https://fd2-photos.leclercdrive.fr/image.ashx?id=2895801&use=l&cat=p&typeid=i","cat":294686},{"id":31983,"n":"Cidre rosé Les Goelleries 2.5%vol. - 75cl","p":2.29,"u":"3,05 €/L","img":"https://fd2-photos.leclercdrive.fr/image.ashx?id=2842295&use=l&cat=p&typeid=i","cat":334880},{"id":31988,"n":"Sachet repas chat Tous mes amis Poissons en gelée - 4x100g","p":1.33,"u":"3,33 €/KG","img":"https://fd2-photos.leclercdrive.fr/image.ashx?id=2043002&use=l&cat=p&typeid=i","cat":285286},{"id":32059,"n":"Sachet repas chat Tous mes amis Viande en geléé - 12x100g","p":3.65,"u":"3,04 €/KG","img":"https://fd2-photos.leclercdrive.fr/image.ashx?id=2027598&use=l&cat=p&typeid=i","cat":285286},{"id":32065,"n":"Couches bébé Mots d'Enfants T4 Douceur - 7/18kg - x74 changes","p":10.6,"u":"0,14 €/P","img":"https://fd2-photos.leclercdrive.fr/image.ashx?id=2907192&use=l&cat=p&typeid=i","cat":284737},{"id":32087,"n":"Yaourts vanille Soignon au lait de chèvre - 4x125g","p":2.42,"u":"4,84 €/KG","img":"https://fd2-photos.leclercdrive.fr/image.ashx?id=2518247&use=l&cat=p&typeid=i","cat":314998},{"id":32098,"n":"Biscuits Dinosaurus Lotus  Chocolat noir - 225g","p":1.95,"u":"8,67 €/KG","img":"https://fd2-photos.leclercdrive.fr/image.ashx?id=2859812&use=l&cat=p&typeid=i","cat":284488},{"id":32103,"n":"Goûter laitier Récré O'Lé Gourdes Chocolat - 4x85g","p":2.03,"u":"5,97 €/KG","img":"https://fd2-photos.leclercdrive.fr/image.ashx?id=3008824&use=l&cat=p&typeid=i","cat":284506},{"id":32104,"n":"Goûter laitier Récré O'Lé Gourdes Saveur Vanille - 4x85g","p":2.08,"u":"6,12 €/KG","img":"https://fd2-photos.leclercdrive.fr/image.ashx?id=3008827&use=l&cat=p&typeid=i","cat":284506},{"id":32125,"n":"Mélange Fruité Tokapi Fruits et graines - 110g","p":1.65,"u":"15,00 €/KG","img":"https://fd2-photos.leclercdrive.fr/image.ashx?id=2794003&use=l&cat=p&typeid=i","cat":284448},{"id":32181,"n":"Trousse dentaire Petit Dentamyl 2-6ans","p":2.5,"img":"https://fd2-photos.leclercdrive.fr/image.ashx?id=2072888&use=l&cat=p&typeid=i","cat":288897},{"id":32183,"n":"Couches bébé Mots d'Enfants T4+ Douceur - 9/20kg - x70 changes","p":10.8,"u":"0,15 €/P","img":"https://fd2-photos.leclercdrive.fr/image.ashx?id=2904574&use=l&cat=p&typeid=i","cat":284737},{"id":32186,"n":"Couches bébé Mots d'Enfants T5 Douceur - 11/25kg - x66","p":10.7,"u":"0,16 €/P","img":"https://fd2-photos.leclercdrive.fr/image.ashx?id=2699474&use=l&cat=p&typeid=i","cat":284737},{"id":32202,"n":"Couches bébé Mots d'Enfants T3 Douceur - 4/9kg - x90 changes","p":11.4,"u":"0,13 €/P","img":"https://fd2-photos.leclercdrive.fr/image.ashx?id=2904571&use=l&cat=p&typeid=i","cat":284737},{"id":32216,"n":"Sandwich XXL Daunat Poulet rôti Mayonnaise - 230g","p":2.2,"u":"9,57 €/KG","img":"https://fd2-photos.leclercdrive.fr/image.ashx?id=2892706&use=l&cat=p&typeid=i","cat":333658},{"id":32255,"n":"Déodorant Manava Pierre d'alun/Aloé véra - 200ml","p":1.44,"u":"7,20 €/L","img":"https://fd2-photos.leclercdrive.fr/image.ashx?id=2710494&use=l&cat=p&typeid=i","cat":284595},{"id":32267,"n":"Emmental fromage rapé Les Croisés - 325g","p":2.65,"u":"8,15 €/KG","img":"https://fd2-photos.leclercdrive.fr/image.ashx?id=2942786&use=l&cat=p&typeid=i","cat":314035},{"id":32271,"n":"Pizza Turini Jambon emmental - 200g","p":1.22,"u":"6,10 €/KG","img":"https://fd2-photos.leclercdrive.fr/image.ashx?id=2223087&use=l&cat=p&typeid=i","cat":333679},{"id":32293,"n":"Sucre de canne Tablier Blanc Cassonade 750g","p":1.55,"u":"2,07 €/KG","img":"https://fd2-photos.leclercdrive.fr/image.ashx?id=2501676&use=l&cat=p&typeid=i","cat":284502},{"id":32301,"n":"Biscuit Petit beurre P'tit Déli Tablette chocolat blanc - 150g","p":1.49,"u":"9,93 €/KG","img":"https://fd2-photos.leclercdrive.fr/image.ashx?id=2970738&use=l&cat=p&typeid=i","cat":284488},{"id":32339,"n":"Sirop Frucci Pamplemousse Rose - 75cl","p":3.65,"u":"4,87 €/L","img":"https://fd2-photos.leclercdrive.fr/image.ashx?id=2909900&use=l&cat=p&typeid=i","cat":295020},{"id":32352,"n":"Emmental fromage râpé bio Bio village - 200g","p":2.31,"u":"11,55 €/KG","img":"https://fd2-photos.leclercdrive.fr/image.ashx?id=1972558&use=l&cat=p&typeid=i","cat":314035},{"id":32353,"n":"Mozzarella Les Croisés - 3x125g","p":2.75,"u":"7,33 €/KG","img":"https://fd2-photos.leclercdrive.fr/image.ashx?id=2822126&use=l&cat=p&typeid=i","cat":314026},{"id":32357,"n":"Yaourts en gourde Délisse 3 Abricots + 3 Fraises - 6x90g","p":2.89,"u":"5,35 €/KG","img":"https://fd2-photos.leclercdrive.fr/image.ashx?id=2699565&use=l&cat=p&typeid=i","cat":284415},{"id":32371,"n":"Petits pots  Babybio Bio Carotte quinoa - 8mois 2x200g","p":2.61,"u":"6,53 €/KG","img":"https://fd2-photos.leclercdrive.fr/image.ashx?id=2834512&use=l&cat=p&typeid=i","cat":312239},{"id":32372,"n":"Petits pots Babybio Bio Légumes veau - 8 mois 2x200g","p":2.88,"u":"7,20 €/KG","img":"https://fd2-photos.leclercdrive.fr/image.ashx?id=2838308&use=l&cat=p&typeid=i","cat":312236},{"id":32373,"n":"Petits pots Babybio Bio Légume canard - 8mois 2x200g","p":3.23,"u":"16,15 €/KG","img":"https://fd2-photos.leclercdrive.fr/image.ashx?id=2912200&use=l&cat=p&typeid=i","cat":312236},{"id":32380,"n":"Farine de blé Eco+ 1kg","p":0.54,"u":"0,54 €/KG","img":"https://fd2-photos.leclercdrive.fr/image.ashx?id=2659774&use=l&cat=p&typeid=i","cat":284503},{"id":32386,"n":"Mélange forestier Notre Jardin 225g","p":2.57,"u":"11,42 €/KG","img":"https://fd2-photos.leclercdrive.fr/image.ashx?id=2613705&use=l&cat=p&typeid=i","cat":312612},{"id":32387,"n":"Ratatouille Notre Jardin A la provençale - 375g","p":1.06,"u":"2,83 €/KG","img":"https://fd2-photos.leclercdrive.fr/image.ashx?id=2526294&use=l&cat=p&typeid=i","cat":312612},{"id":32392,"n":"Cuisse de poulet St Charmin Blanc Val de Loire x2 - 480g","p":4.08,"u":"8,50 €/KG","img":"https://fd2-photos.leclercdrive.fr/image.ashx?id=1921500&use=l&cat=p&typeid=i","cat":284336},{"id":32393,"n":"Filet de poulet St Charmin Blanc Val de Loire x2 - 240g","p":5.49,"u":"22,88 €/KG","img":"https://fd2-photos.leclercdrive.fr/image.ashx?id=1921506&use=l&cat=p&typeid=i","cat":284336},{"id":32443,"n":"Vin rouge Fiefs Vendéens Mareuil - 75cl","p":4.7,"u":"6,27 €/L","img":"https://fd2-photos.leclercdrive.fr/image.ashx?id=2990616&use=l&cat=p&typeid=i","cat":289556},{"id":32451,"n":"AOC Fiefs Vendéens Mareuil 75cl","p":4.7,"u":"6,27 €/L","img":"https://fd2-photos.leclercdrive.fr/image.ashx?id=2429866&use=l&cat=p&typeid=i","cat":289558},{"id":32468,"n":"Pur jus de pomme Coeur de Pom' 1L","p":2.52,"u":"2,52 €/L","img":"https://fd2-photos.leclercdrive.fr/image.ashx?id=2672485&use=l&cat=p&typeid=i","cat":284522},{"id":32469,"n":"Pétillant Coeur de Pom' Sans alcool Pomme 75cl","p":3.46,"u":"4,61 €/L","img":"https://fd2-photos.leclercdrive.fr/image.ashx?id=2672494&use=l&cat=p&typeid=i","cat":289460},{"id":32478,"n":"Fruits rouges Fruistar 650g","p":4.72,"u":"7,26 €/KG","img":"https://fd2-photos.leclercdrive.fr/image.ashx?id=2898245&use=l&cat=p&typeid=i","cat":284268},{"id":32493,"n":"Crème glacée L'Angelys Caramel beurre salé - 450g","p":5.18,"u":"11,51 €/KG","img":"https://fd2-photos.leclercdrive.fr/image.ashx?id=2883188&use=l&cat=p&typeid=i","cat":284263},{"id":32516,"n":"Saumon fumé Bio Bio Village Atlantique x4T - 120g","p":5.77,"u":"48,08 €/KG","img":"https://fd2-photos.leclercdrive.fr/image.ashx?id=2181831&use=l&cat=p&typeid=i","cat":285188},{"id":32533,"n":"Langue de bœuf Larzul Sauce madère 410g","p":7.19,"u":"17,54 €/KG","img":"https://fd2-photos.leclercdrive.fr/image.ashx?id=2204021&use=l&cat=p&typeid=i","cat":284441},{"id":32555,"n":"Fromage Maasdam Les Croisés tranches x14 - 27.1%mg - 350g","p":3.23,"u":"9,23 €/KG","img":"https://fd2-photos.leclercdrive.fr/image.ashx?id=2026322&use=l&cat=p&typeid=i","cat":314028},{"id":32558,"n":"Mimolette Les Croisés 23.7%mg portion - 250g","p":2.97,"u":"11,88 €/KG","img":"https://fd2-photos.leclercdrive.fr/image.ashx?id=2796049&use=l&cat=p&typeid=i","cat":314034},{"id":32631,"n":"Biscuits palmier Bio Village Bio - 100g","p":1.27,"u":"12,70 €/KG","img":"https://fd2-photos.leclercdrive.fr/image.ashx?id=2610729&use=l&cat=p&typeid=i","cat":284487},{"id":32643,"n":"Pruneaux d'Agen Couleurs Vives Dénoyautés - 500g","p":3.99,"u":"7,98 €/KG","img":"https://fd2-photos.leclercdrive.fr/image.ashx?id=2124107&use=l&cat=p&typeid=i","cat":284357},{"id":32724,"n":"Pain grillé bio Bio Village Céréales et graines - 225g","p":1.59,"u":"7,07 €/KG","img":"https://fd2-photos.leclercdrive.fr/image.ashx?id=2595119&use=l&cat=p&typeid=i","cat":284479},{"id":32730,"n":"Filets de merlu blanc Meunière Cité Marine MSC - 220g","p":3.99,"u":"18,14 €/KG","img":"https://fd2-photos.leclercdrive.fr/image.ashx?id=2298088&use=l&cat=p&typeid=i","cat":284344},{"id":32765,"n":"Bonbons Copains Copines Planch' acid goût fruit 225g","p":1.11,"u":"4,93 €/KG","img":"https://fd2-photos.leclercdrive.fr/image.ashx?id=914929&use=l&cat=p&typeid=i","cat":304250},{"id":32804,"n":"Poulet jaune St Charmin Val de Loire - 1.25kg","p":8.99,"u":"7,19 €/KG","img":"https://fd2-photos.leclercdrive.fr/image.ashx?id=2907078&use=l&cat=p&typeid=i","cat":284336},{"id":32809,"n":"Filets de poulet St Charmin Val de Loire x2 - 240g","p":5.49,"u":"22,88 €/KG","img":"https://fd2-photos.leclercdrive.fr/image.ashx?id=2907084&use=l&cat=p&typeid=i","cat":284336},{"id":32817,"n":"Eau minérale Mont Blanc 6x1.5L","p":2.86,"u":"0,32 €/L","img":"https://fd2-photos.leclercdrive.fr/image.ashx?id=2401110&use=l&cat=p&typeid=i","cat":284535},{"id":32829,"n":"Litière chats Tous mes Amis Optimale - 5L","p":4.5,"u":"0,90 €/L","img":"https://fd2-photos.leclercdrive.fr/image.ashx?id=2055220&use=l&cat=p&typeid=i","cat":284683},{"id":32843,"n":"Chipolatas superieure Socopa Sous atmosphère x6 - 330g","p":3.81,"u":"11,55 €/KG","img":"https://fd2-photos.leclercdrive.fr/image.ashx?id=2638130&use=l&cat=p&typeid=i","cat":284334},{"id":32877,"n":"Tarte au fromage Côté Table 2x130g","p":2.71,"u":"10,42 €/KG","img":"https://fd2-photos.leclercdrive.fr/image.ashx?id=2201483&use=l&cat=p&typeid=i","cat":333680},{"id":32901,"n":"Escalopes de dinde Volandrie x2 - 240g","p":3.49,"u":"14,54 €/KG","img":"https://fd2-photos.leclercdrive.fr/image.ashx?id=2048860&use=l&cat=p&typeid=i","cat":284337},{"id":32902,"n":"Escalope de dinde Volandrie Extra fines x2 - 240g","p":3.49,"u":"14,54 €/KG","img":"https://fd2-photos.leclercdrive.fr/image.ashx?id=2048863&use=l&cat=p&typeid=i","cat":284337},{"id":32915,"n":"Oignons frits Colona 100g","p":1.26,"u":"12,60 €/KG","img":"https://fd2-photos.leclercdrive.fr/image.ashx?id=2687230&use=l&cat=p&typeid=i","cat":298297},{"id":32924,"n":"Chicorée en grains Lutun  500g","p":1.51,"u":"3,02 €/KG","img":"https://fd2-photos.leclercdrive.fr/image.ashx?id=2775601&use=l&cat=p&typeid=i","cat":284843},{"id":32925,"n":"Levure boulangère 42g","p":0.4,"u":"9,52 €/KG","img":"https://fd2-photos.leclercdrive.fr/image.ashx?id=2352489&use=l&cat=p&typeid=i","cat":294686},{"id":32934,"n":"Bière blanche 1664 Blanc 5° - 12x25cl","p":9.4,"u":"3,13 €/L","img":"https://fd2-photos.leclercdrive.fr/image.ashx?id=2886696&use=l&cat=p&typeid=i","cat":334878},{"id":32949,"n":"Gel Douche Fa Cap tonique mixte flacon- 250ml","p":1.57,"u":"6,28 €/L","img":"https://fd2-photos.leclercdrive.fr/image.ashx?id=2995418&use=l&cat=p&typeid=i","cat":284594},{"id":32970,"n":"Lingettes Bionaïa Démaquillantes Bio x25","p":1.04,"u":"0,04 €/P","img":"https://fd2-photos.leclercdrive.fr/image.ashx?id=2376025&use=l&cat=p&typeid=i","cat":284603},{"id":32973,"n":"Eau micellaire Inell 500ml","p":2.36,"u":"4,72 €/L","img":"https://fd2-photos.leclercdrive.fr/image.ashx?id=1938870&use=l&cat=p&typeid=i","cat":284603},{"id":32982,"n":"Pâtes coquillettes Turini Les 3 min - 1kg","p":1.43,"u":"1,43 €/KG","img":"https://fd2-photos.leclercdrive.fr/image.ashx?id=2607530&use=l&cat=p&typeid=i","cat":284427},{"id":32985,"n":"Riz long Comptoir du Grain Cuisson rapide - 2kg","p":3.36,"u":"1,68 €/KG","img":"https://fd2-photos.leclercdrive.fr/image.ashx?id=2226197&use=l&cat=p&typeid=i","cat":284428},{"id":32986,"n":"Pâtes penne Turini Les 3 min - 500g","p":0.99,"u":"1,98 €/KG","img":"https://fd2-photos.leclercdrive.fr/image.ashx?id=2744240&use=l&cat=p&typeid=i","cat":284427},{"id":33017,"n":"Eau gazeuse  Badoit rouge fortement pétillante - 6x1l","p":3.58,"u":"0,60 €/L","img":"https://fd2-photos.leclercdrive.fr/image.ashx?id=2831783&use=l&cat=p&typeid=i","cat":284536},{"id":33036,"n":"Beurre allégé Les Croisés Doux - 60% MG - 250g","p":1.87,"u":"7,48 €/KG","img":"https://fd2-photos.leclercdrive.fr/image.ashx?id=2893319&use=l&cat=p&typeid=i","cat":284379},{"id":33046,"n":"Tuiles Tokapi Epicé - 170g","p":1.39,"u":"8,18 €/KG","img":"https://fd2-photos.leclercdrive.fr/image.ashx?id=2641277&use=l&cat=p&typeid=i","cat":287899},{"id":33063,"n":"Lait de toilette Mots d'Enfants Extra-doux - 750ml","p":3.69,"u":"4,92 €/L","img":"https://fd2-photos.leclercdrive.fr/image.ashx?id=2266495&use=l&cat=p&typeid=i","cat":284741},{"id":33097,"n":"Steak haché façon bouchère 560g Férial - 15%mg - X4","p":9.45,"u":"16,88 €/KG","img":"https://fd2-photos.leclercdrive.fr/image.ashx?id=3004660&use=l&cat=p&typeid=i","cat":319778},{"id":33098,"n":"Viande hachée Férial 15%mg - 400G","p":5.49,"u":"13,73 €/KG","img":"https://fd2-photos.leclercdrive.fr/image.ashx?id=2966517&use=l&cat=p&typeid=i","cat":319779},{"id":33150,"n":"Blanquette Weight Watchers Poulet 300g","p":3.1,"u":"10,33 €/KG","img":"https://fd2-photos.leclercdrive.fr/image.ashx?id=2880739&use=l&cat=p&typeid=i","cat":333665},{"id":33159,"n":"IGP Ardèche blanc Pont d'Arc - BIB 5L","p":11.83,"u":"2,37 €/L","img":"https://fd2-photos.leclercdrive.fr/image.ashx?id=2527916&use=l&cat=p&typeid=i","cat":289560},{"id":33197,"n":"Café moulu Plantation Colombie - 250g","p":3.87,"u":"15,48 €/KG","img":"https://fd2-photos.leclercdrive.fr/image.ashx?id=2824268&use=l&cat=p&typeid=i","cat":284750},{"id":33199,"n":"Sirop Eco+ Fraise - 1L","p":2.43,"u":"2,43 €/L","img":"https://fd2-photos.leclercdrive.fr/image.ashx?id=2959701&use=l&cat=p&typeid=i","cat":295020},{"id":33200,"n":"Sirop menthe Eco+ 1L","p":1.41,"u":"1,41 €/L","img":"https://fd2-photos.leclercdrive.fr/image.ashx?id=2909831&use=l&cat=p&typeid=i","cat":295020},{"id":33209,"n":"Topinambour  500g","p":1.42,"u":"2,84 €/KG","img":"https://fd2-photos.leclercdrive.fr/image.ashx?id=1633229&use=l&cat=p&typeid=i","cat":284352},{"id":33210,"n":"Panais  500g","p":2.49,"u":"4,98 €/KG","img":"https://fd2-photos.leclercdrive.fr/image.ashx?id=1632611&use=l&cat=p&typeid=i","cat":284352},{"id":33252,"n":"Mini feuilletés Côté Table Escargot x16 - 170g","p":5.49,"u":"32,29 €/KG","img":"https://fd2-photos.leclercdrive.fr/image.ashx?id=2600408&use=l&cat=p&typeid=i","cat":319774},{"id":33255,"n":"Pâtes farfalle Turini Les 3 min - 500g","p":1.07,"u":"2,14 €/KG","img":"https://fd2-photos.leclercdrive.fr/image.ashx?id=2669723&use=l&cat=p&typeid=i","cat":284427},{"id":33256,"n":"Sachet cuisson Rustica Poulet herbes de provence - 34g","p":0.6,"u":"17,65 €/KG","img":"https://fd2-photos.leclercdrive.fr/image.ashx?id=1886674&use=l&cat=p&typeid=i","cat":288380},{"id":33259,"n":"Sachet cuisson Rustica Poulet paprika et tomates - 34g","p":0.67,"u":"19,71 €/KG","img":"https://fd2-photos.leclercdrive.fr/image.ashx?id=2578632&use=l&cat=p&typeid=i","cat":288380},{"id":33262,"n":"Céréales Corn Flakes Kellogg's 500g","p":2.38,"u":"4,76 €/KG","img":"https://fd2-photos.leclercdrive.fr/image.ashx?id=2522005&use=l&cat=p&typeid=i","cat":309513},{"id":33266,"n":"Céréales Smacks Kellogg's 400g","p":2.35,"u":"5,88 €/KG","img":"https://fd2-photos.leclercdrive.fr/image.ashx?id=2584235&use=l&cat=p&typeid=i","cat":309513},{"id":33269,"n":"Pommes de terre Pom'lisse Grenaille - 450g","p":2.49,"u":"5,53 €/KG","img":"https://fd2-photos.leclercdrive.fr/image.ashx?id=2704708&use=l&cat=p&typeid=i","cat":319792},{"id":33274,"n":"Pâtes spaghetti Turini Les 3 min - 1kg","p":1.55,"u":"1,55 €/KG","img":"https://fd2-photos.leclercdrive.fr/image.ashx?id=2607533&use=l&cat=p&typeid=i","cat":284427},{"id":33299,"n":"Sérum physiologique Mots d'Enfants 5ml x40","p":2.19,"u":"10,95 €/L","img":"https://fd2-photos.leclercdrive.fr/image.ashx?id=3014209&use=l&cat=p&typeid=i","cat":284741},{"id":33302,"n":"Pâtes cannelloni Turini 250g","p":0.99,"u":"3,96 €/KG","img":"https://fd2-photos.leclercdrive.fr/image.ashx?id=2980468&use=l&cat=p&typeid=i","cat":284427},{"id":33304,"n":"Soja cuisine Bio Village Fluide bio - 3x20cl","p":1.61,"u":"2,68 €/L","img":"https://fd2-photos.leclercdrive.fr/image.ashx?id=2493679&use=l&cat=p&typeid=i","cat":316069},{"id":33306,"n":"Sucre pure canne Bio Village En poudre bio - 500g","p":1.66,"u":"3,32 €/KG","img":"https://fd2-photos.leclercdrive.fr/image.ashx?id=3010443&use=l&cat=p&typeid=i","cat":284502},{"id":33335,"n":"Eau nettoyante Mots d'Enfants Hydratante - 750ml","p":3.15,"u":"4,20 €/L","img":"https://fd2-photos.leclercdrive.fr/image.ashx?id=3015075&use=l&cat=p&typeid=i","cat":284741},{"id":33336,"n":"Gel lavant bébé Mots d'Enfants Corps et cheveux - 750ml","p":3.15,"u":"4,20 €/L","img":"https://fd2-photos.leclercdrive.fr/image.ashx?id=3014224&use=l&cat=p&typeid=i","cat":284740},{"id":33442,"n":"Cocktail fruits de mer Escal 900g","p":10.41,"u":"11,57 €/KG","img":"https://fd2-photos.leclercdrive.fr/image.ashx?id=2438609&use=l&cat=p&typeid=i","cat":319787},{"id":33503,"n":"Salade & Cie Sodebo Antibes Thon riz - 320g","p":2.98,"u":"9,31 €/KG","img":"https://fd2-photos.leclercdrive.fr/image.ashx?id=2799431&use=l&cat=p&typeid=i","cat":333657},{"id":33583,"n":"Dés de fromage salade Boursin Figue et 3 noix - 120g","p":2.25,"u":"18,75 €/KG","img":"https://fd2-photos.leclercdrive.fr/image.ashx?id=2865668&use=l&cat=p&typeid=i","cat":314027},{"id":33594,"n":"Cacahuètes  Benenuts Grillées salées - 220g","p":1.31,"u":"5,95 €/KG","img":"https://fd2-photos.leclercdrive.fr/image.ashx?id=2418762&use=l&cat=p&typeid=i","cat":284448},{"id":33595,"n":"Monster Munch Salé - 85g","p":0.97,"u":"11,41 €/KG","img":"https://fd2-photos.leclercdrive.fr/image.ashx?id=2971598&use=l&cat=p&typeid=i","cat":284449},{"id":33596,"n":"Monster Munch Jambon fromage - 85g","p":0.97,"u":"11,41 €/KG","img":"https://fd2-photos.leclercdrive.fr/image.ashx?id=2971604&use=l&cat=p&typeid=i","cat":284449},{"id":33600,"n":"Monster Munch Ketchup - 85g","p":1.05,"u":"12,35 €/KG","img":"https://fd2-photos.leclercdrive.fr/image.ashx?id=2996932&use=l&cat=p&typeid=i","cat":284449},{"id":33667,"n":"Crème de cassis Auguste Mugniot 15%vol. - 70cl","p":4.89,"u":"6,99 €/L","img":"https://fd2-photos.leclercdrive.fr/image.ashx?id=1211501&use=l&cat=p&typeid=i","cat":286032},{"id":33680,"n":"Croquettes grands chiens Lydog Boeuf Volaille - 14.5kg","p":18.7,"u":"1,29 €/KG","img":"https://fd2-photos.leclercdrive.fr/image.ashx?id=2054975&use=l&cat=p&typeid=i","cat":284672},{"id":33697,"n":"Cuisses de poulet Maître Coq 1.4kg","p":6.7,"u":"4,79 €/KG","img":"https://fd2-photos.leclercdrive.fr/image.ashx?id=2551126&use=l&cat=p&typeid=i","cat":284336},{"id":33698,"n":"Cuisse de poulet Maître Coq Jaune avec partie dos 1.4kg","p":5.77,"u":"4,12 €/KG","img":"https://fd2-photos.leclercdrive.fr/image.ashx?id=2551129&use=l&cat=p&typeid=i","cat":284336},{"id":33718,"n":"Pain de seigle tranché  300g","p":1.2,"u":"4,00 €/KG","img":"https://fd2-photos.leclercdrive.fr/image.ashx?id=2063017&use=l&cat=p&typeid=i","cat":284359},{"id":33745,"n":"IGP Pays d'Oc rosé Cinsault  Syrah Ormes de Cambras - BIB 5L","p":15.5,"u":"3,10 €/L","img":"https://fd2-photos.leclercdrive.fr/image.ashx?id=2445118&use=l&cat=p&typeid=i","cat":289560},{"id":33749,"n":"IGP Terres du Midi Listel Vin rosé 12% vol - BIB 3L","p":12.46,"u":"4,15 €/L","img":"https://fd2-photos.leclercdrive.fr/image.ashx?id=2883468&use=l&cat=p&typeid=i","cat":289560},{"id":33773,"n":"Biscuits petit dej P'tit Déli  Multi céréales - 400g","p":1.84,"u":"4,60 €/KG","img":"https://fd2-photos.leclercdrive.fr/image.ashx?id=2999505&use=l&cat=p&typeid=i","cat":284491},{"id":33792,"n":"Crème mains bio Bio NaÏa Hydratante - 100ml","p":1.99,"u":"19,90 €/L","img":"https://fd2-photos.leclercdrive.fr/image.ashx?id=2558811&use=l&cat=p&typeid=i","cat":325354},{"id":33805,"n":"Lingettes désinfectantes Clair Anti-bactériennes x40","p":1.05,"u":"0,03 €/P","img":"https://fd2-photos.leclercdrive.fr/image.ashx?id=2768095&use=l&cat=p&typeid=i","cat":325358},{"id":33811,"n":"Pastis de Marseille 45%vol - 1L","p":16.35,"u":"16,35 €/L","img":"https://fd2-photos.leclercdrive.fr/image.ashx?id=2637817&use=l&cat=p&typeid=i","cat":284548},{"id":33820,"n":"Friandises chat Catisfactions Saumon - 60g","p":1.09,"u":"18,17 €/KG","img":"https://fd2-photos.leclercdrive.fr/image.ashx?id=2912605&use=l&cat=p&typeid=i","cat":285285},{"id":33847,"n":"Pur jus multifruits Jafaden Orange Ananas Mangue - 1L","p":2.29,"u":"2,29 €/L","img":"https://fd2-photos.leclercdrive.fr/image.ashx?id=2841160&use=l&cat=p&typeid=i","cat":284917},{"id":33850,"n":"Eponges multi-usage Mamison Vertes - X6","p":1.75,"u":"0,29 €/P","img":"https://fd2-photos.leclercdrive.fr/image.ashx?id=2175768&use=l&cat=p&typeid=i","cat":284667},{"id":33882,"n":"Farfalle Bio Village Bio Au blé complet - 500g","p":1.95,"u":"3,90 €/KG","img":"https://fd2-photos.leclercdrive.fr/image.ashx?id=2625373&use=l&cat=p&typeid=i","cat":284427},{"id":33885,"n":"Olives noires  Rustica Dénoyautées - 180g","p":1.23,"u":"6,83 €/KG","img":"https://fd2-photos.leclercdrive.fr/image.ashx?id=1698893&use=l&cat=p&typeid=i","cat":284458},{"id":33887,"n":"Pains grillés complet Epi d'or 400g","p":1.57,"u":"3,93 €/KG","img":"https://fd2-photos.leclercdrive.fr/image.ashx?id=2555943&use=l&cat=p&typeid=i","cat":284479},{"id":33889,"n":"Pain précuit Epi d'or Petits pains x6 - 300g","p":0.99,"u":"3,30 €/KG","img":"https://fd2-photos.leclercdrive.fr/image.ashx?id=1905869&use=l&cat=p&typeid=i","cat":325069},{"id":33891,"n":"Paëlla royale Côté Table 300g","p":3.39,"u":"11,30 €/KG","img":"https://fd2-photos.leclercdrive.fr/image.ashx?id=2393872&use=l&cat=p&typeid=i","cat":284953},{"id":33892,"n":"Poule au riz Côté table 300g","p":2.31,"u":"7,70 €/KG","img":"https://fd2-photos.leclercdrive.fr/image.ashx?id=2393875&use=l&cat=p&typeid=i","cat":284953},{"id":33893,"n":"Penne Bio Village  Bio - 500g","p":0.89,"u":"1,78 €/KG","img":"https://fd2-photos.leclercdrive.fr/image.ashx?id=2625370&use=l&cat=p&typeid=i","cat":284427},{"id":33910,"n":"Biscuit Petit beurre P'tit Déli Chocolat noir pocket - 250g","p":2.39,"u":"9,56 €/KG","img":"https://fd2-photos.leclercdrive.fr/image.ashx?id=750629&use=l&cat=p&typeid=i","cat":284488},{"id":33915,"n":"Veau aux légumes Côté table Barquette 280g","p":2.29,"u":"8,18 €/KG","img":"https://fd2-photos.leclercdrive.fr/image.ashx?id=2476152&use=l&cat=p&typeid=i","cat":284953},{"id":33918,"n":"Pâtes torsettes Turini Blé complet - 500g","p":0.99,"u":"1,98 €/KG","img":"https://fd2-photos.leclercdrive.fr/image.ashx?id=2607527&use=l&cat=p&typeid=i","cat":284427},{"id":33921,"n":"Boisson énergisante X-tense Bouteille - 1L","p":1.8,"u":"1,80 €/L","img":"https://fd2-photos.leclercdrive.fr/image.ashx?id=2919619&use=l&cat=p&typeid=i","cat":284533},{"id":34006,"n":"Boisson aux fruits Capri Sun Tropical - 10x20cl","p":3.38,"u":"1,69 €/L","img":"https://fd2-photos.leclercdrive.fr/image.ashx?id=2506399&use=l&cat=p&typeid=i","cat":295018},{"id":34106,"n":"Dosettes café Plantation  Classique - x36 - 250g","p":3.72,"u":"14,88 €/KG","img":"https://fd2-photos.leclercdrive.fr/image.ashx?id=2622109&use=l&cat=p&typeid=i","cat":293238},{"id":34177,"n":"Effilés aux legumes Purina One Poulet / Boeufs - 4x85g","p":2.15,"u":"6,32 €/KG","img":"https://fd2-photos.leclercdrive.fr/image.ashx?id=2467483&use=l&cat=p&typeid=i","cat":285286},{"id":34178,"n":"Sachet repas chats Purina One Viandes et Poissons - 4x85g","p":2.11,"u":"6,21 €/KG","img":"https://fd2-photos.leclercdrive.fr/image.ashx?id=2467486&use=l&cat=p&typeid=i","cat":285286},{"id":34183,"n":"Tortilla Tables du monde Oignons 500g","p":2.89,"u":"5,78 €/KG","img":"https://fd2-photos.leclercdrive.fr/image.ashx?id=794123&use=l&cat=p&typeid=i","cat":333673},{"id":34184,"n":"Filets poulet blanc Maître Coq 600g","p":6.4,"u":"10,67 €/KG","img":"https://fd2-photos.leclercdrive.fr/image.ashx?id=2551156&use=l&cat=p&typeid=i","cat":284336},{"id":34185,"n":"Filets poulet jaune Maitre coq 600g","p":6.42,"u":"10,70 €/KG","img":"https://fd2-photos.leclercdrive.fr/image.ashx?id=2551159&use=l&cat=p&typeid=i","cat":284336},{"id":34186,"n":"Aiguillettes poulet Maitre coq Blanc - 450g","p":6.52,"u":"14,49 €/KG","img":"https://fd2-photos.leclercdrive.fr/image.ashx?id=2551162&use=l&cat=p&typeid=i","cat":284336},{"id":34187,"n":"Aiguillettes poulet Maitre coq Jaune - 450g","p":6.98,"u":"15,51 €/KG","img":"https://fd2-photos.leclercdrive.fr/image.ashx?id=2551165&use=l&cat=p&typeid=i","cat":284336},{"id":34188,"n":"Poulet Label Rouge Blanc  IGP Volailles du Maine 1,25kg","p":10.57,"u":"8,46 €/KG","img":"https://fd2-photos.leclercdrive.fr/image.ashx?id=2411746&use=l&cat=p&typeid=i","cat":284336},{"id":34189,"n":"Poulet Label Rouge Jaune  IGP Volailles du Maine  1,25kg","p":10.69,"u":"8,55 €/KG","img":"https://fd2-photos.leclercdrive.fr/image.ashx?id=2411749&use=l&cat=p&typeid=i","cat":284336},{"id":34196,"n":"Gratin Fleury Michon Choux-fleur jambon 280g","p":3.03,"u":"10,82 €/KG","img":"https://fd2-photos.leclercdrive.fr/image.ashx?id=3003293&use=l&cat=p&typeid=i","cat":333665},{"id":34197,"n":"Aiguillettes de poulet  Douce France - 280g","p":4.0,"u":"14,29 €/KG","img":"https://fd2-photos.leclercdrive.fr/image.ashx?id=2629067&use=l&cat=p&typeid=i","cat":284336},{"id":34198,"n":"Filet poulet blanc Douce France  x2 -300G","p":4.15,"u":"13,83 €/KG","img":"https://fd2-photos.leclercdrive.fr/image.ashx?id=2305323&use=l&cat=p&typeid=i","cat":284336},{"id":34199,"n":"Filet poulet jaune Douce France x2 - 300g","p":4.09,"u":"13,63 €/KG","img":"https://fd2-photos.leclercdrive.fr/image.ashx?id=2305326&use=l&cat=p&typeid=i","cat":284336},{"id":34203,"n":"Tortilla Tables du monde Nature 500g","p":2.89,"u":"5,78 €/KG","img":"https://fd2-photos.leclercdrive.fr/image.ashx?id=654051&use=l&cat=p&typeid=i","cat":333673},{"id":34204,"n":"Lait corps bio Bio naïa 250ml","p":3.53,"u":"14,12 €/L","img":"https://fd2-photos.leclercdrive.fr/image.ashx?id=2431131&use=l&cat=p&typeid=i","cat":325349},{"id":34241,"n":"Manchons de poulet Côté Croc Barbecue - 250g","p":2.49,"u":"9,96 €/KG","img":"https://fd2-photos.leclercdrive.fr/image.ashx?id=2560482&use=l&cat=p&typeid=i","cat":333685},{"id":34248,"n":"Chocolats Schoko-bons Kinder 500g","p":7.99,"u":"15,98 €/KG","img":"https://fd2-photos.leclercdrive.fr/image.ashx?id=2323799&use=l&cat=p&typeid=i","cat":327592},{"id":34326,"n":"Dosettes café Plantation  Caramel - x10 - 70g","p":1.63,"u":"23,29 €/KG","img":"https://fd2-photos.leclercdrive.fr/image.ashx?id=2824277&use=l&cat=p&typeid=i","cat":293238},{"id":34327,"n":"Dosettes café Plantation Noisette - x10 - 70g","p":1.82,"u":"26,00 €/KG","img":"https://fd2-photos.leclercdrive.fr/image.ashx?id=2664578&use=l&cat=p&typeid=i","cat":293238},{"id":34332,"n":"Vodka Sobieski  37,5%vol - 1L","p":15.35,"u":"15,35 €/L","img":"https://fd2-photos.leclercdrive.fr/image.ashx?id=2948477&use=l&cat=p&typeid=i","cat":284550},{"id":34334,"n":"Boisson à base de vin blanc  Very Pech'- Pêche - 75cl","p":3.1,"u":"4,13 €/L","img":"https://fd2-photos.leclercdrive.fr/image.ashx?id=2443874&use=l&cat=p&typeid=i","cat":304569},{"id":34350,"n":"Shampooing sec Vitanove Cheveux normaux - 150ml","p":1.87,"u":"12,47 €/L","img":"https://fd2-photos.leclercdrive.fr/image.ashx?id=2669720&use=l&cat=p&typeid=i","cat":289143},{"id":34361,"n":"Préparation pain Tablier Blanc Farine pour pain nature - 1kg","p":1.35,"u":"1,35 €/KG","img":"https://fd2-photos.leclercdrive.fr/image.ashx?id=2832951&use=l&cat=p&typeid=i","cat":284503},{"id":34406,"n":"Dosettes café Plantation  Décaféiné - x36 - 250g","p":3.99,"u":"15,96 €/KG","img":"https://fd2-photos.leclercdrive.fr/image.ashx?id=2824274&use=l&cat=p&typeid=i","cat":293238},{"id":34500,"n":"Dosettes café Plantation  Classique - x48 - 336g","p":4.95,"u":"14,73 €/KG","img":"https://fd2-photos.leclercdrive.fr/image.ashx?id=2824271&use=l&cat=p&typeid=i","cat":293238},{"id":34659,"n":"Mini chinois Epi d'Or Nature x6 - 300g","p":1.8,"u":"6,00 €/KG","img":"https://fd2-photos.leclercdrive.fr/image.ashx?id=2860739&use=l&cat=p&typeid=i","cat":296366},{"id":34660,"n":"Pruneaux d'Agen Couleurs Vives Dénoyautés - 250g","p":2.99,"u":"11,96 €/KG","img":"https://fd2-photos.leclercdrive.fr/image.ashx?id=2093129&use=l&cat=p&typeid=i","cat":284357},{"id":34670,"n":"Oignons jaunes Filière Panier du Primeur Filet 1kg","p":1.99,"u":"1,99 €/KG","img":"https://fd2-photos.leclercdrive.fr/image.ashx?id=2953734&use=l&cat=p&typeid=i","cat":284352},{"id":34672,"n":"Ail blanc Panier du Primeur A mijoter et à confire x3","p":2.99,"u":"1,00 €/P","img":"https://fd2-photos.leclercdrive.fr/image.ashx?id=2958720&use=l&cat=p&typeid=i","cat":284352},{"id":34679,"n":"Eponges grattantes Mamison Couleurs pop x2","p":1.38,"u":"0,69 €/P","img":"https://fd2-photos.leclercdrive.fr/image.ashx?id=2207724&use=l&cat=p&typeid=i","cat":284667},{"id":34693,"n":"Briochettes pépites Epi d'Or Chocolat au lait x12 - 500g","p":2.44,"u":"4,88 €/KG","img":"https://fd2-photos.leclercdrive.fr/image.ashx?id=2867913&use=l&cat=p&typeid=i","cat":293505},{"id":34694,"n":"Briochettes pépites Epi d'Or Chocolat - x12 500g","p":2.79,"u":"5,58 €/KG","img":"https://fd2-photos.leclercdrive.fr/image.ashx?id=2867910&use=l&cat=p&typeid=i","cat":293505},{"id":34813,"n":"Thé Britley Citron - x25 - 40g","p":0.88,"u":"22,00 €/KG","img":"https://fd2-photos.leclercdrive.fr/image.ashx?id=2897784&use=l&cat=p&typeid=i","cat":293233},{"id":34841,"n":"Rillettes Tradilège poulet rôti 220g","p":1.84,"u":"8,36 €/KG","img":"https://fd2-photos.leclercdrive.fr/image.ashx?id=2930924&use=l&cat=p&typeid=i","cat":316008},{"id":34845,"n":"IGP Vinaigre balsamique Maille 50cl","p":3.22,"u":"6,44 €/L","img":"https://fd2-photos.leclercdrive.fr/image.ashx?id=2866178&use=l&cat=p&typeid=i","cat":298543},{"id":34908,"n":"Fromage frais Petit Yoplait Nature 3.8%MG - 6x60g","p":1.38,"u":"3,83 €/KG","img":"https://fd2-photos.leclercdrive.fr/image.ashx?id=2811026&use=l&cat=p&typeid=i","cat":284409},{"id":34915,"n":"Fromage frais Petit Yoplait Nature 3.8%MG - 12x60g","p":1.85,"u":"2,57 €/KG","img":"https://fd2-photos.leclercdrive.fr/image.ashx?id=2811029&use=l&cat=p&typeid=i","cat":284409},{"id":34919,"n":"Fromage frais Petit Yoplait Nature 0%MG - 12x60g","p":2.36,"u":"3,28 €/KG","img":"https://fd2-photos.leclercdrive.fr/image.ashx?id=2811023&use=l&cat=p&typeid=i","cat":315000},{"id":34952,"n":"Ratatouille à la Provençale NRT 650g","p":3.3,"u":"5,08 €/KG","img":"https://fd2-photos.leclercdrive.fr/image.ashx?id=2771390&use=l&cat=p&typeid=i","cat":312612},{"id":34975,"n":"Bière Cuvée des Trolls Blonde - 7.5%vol. - 75cl","p":4.8,"u":"6,40 €/L","img":"https://fd2-photos.leclercdrive.fr/image.ashx?id=2611083&use=l&cat=p&typeid=i","cat":334872},{"id":34982,"n":"Bûche chèvre Soignon 200g","p":2.23,"u":"11,15 €/KG","img":"https://fd2-photos.leclercdrive.fr/image.ashx?id=2995325&use=l&cat=p&typeid=i","cat":314031},{"id":34999,"n":"Nuggets Croustillant Père Dodu  Poulet x10 - 200g","p":2.28,"u":"11,40 €/KG","img":"https://fd2-photos.leclercdrive.fr/image.ashx?id=2956975&use=l&cat=p&typeid=i","cat":333684},{"id":35006,"n":"Aiguillettes canard Volandrie 210g","p":4.85,"u":"23,10 €/KG","img":"https://fd2-photos.leclercdrive.fr/image.ashx?id=2358351&use=l&cat=p&typeid=i","cat":284339},{"id":35008,"n":"Céréales Special K Kellogg's Nature - 750g","p":4.16,"u":"5,55 €/KG","img":"https://fd2-photos.leclercdrive.fr/image.ashx?id=2586288&use=l&cat=p&typeid=i","cat":309512},{"id":35010,"n":"Mélange safran Ducros 14 doses -  8.4g","p":3.05,"u":"381,25 €/KG","img":"https://fd2-photos.leclercdrive.fr/image.ashx?id=2486590&use=l&cat=p&typeid=i","cat":298297},{"id":35018,"n":"Bouillon de poule Jardin Bio' Bio cube sans huile palme - x8","p":1.6,"u":"20,00 €/KG","img":"https://fd2-photos.leclercdrive.fr/image.ashx?id=2535004&use=l&cat=p&typeid=i","cat":288379},{"id":35022,"n":"Cordon bleu Le Gaulois Dinde x4 - 400g","p":4.01,"u":"10,03 €/KG","img":"https://fd2-photos.leclercdrive.fr/image.ashx?id=2860226&use=l&cat=p&typeid=i","cat":333683},{"id":35026,"n":"Concentré de tomate Jardin Bio Bio Double concentré - 200g","p":1.64,"u":"8,20 €/KG","img":"https://fd2-photos.leclercdrive.fr/image.ashx?id=2535469&use=l&cat=p&typeid=i","cat":288384},{"id":35027,"n":"Dessert fruitier bio Jardin Bio Pomme poire 680g","p":2.61,"u":"3,84 €/KG","img":"https://fd2-photos.leclercdrive.fr/image.ashx?id=2939877&use=l&cat=p&typeid=i","cat":284508},{"id":35031,"n":"Batonnets Fritelle Lay's Goût nature - 80g","p":0.75,"u":"9,38 €/KG","img":"https://fd2-photos.leclercdrive.fr/image.ashx?id=2140635&use=l&cat=p&typeid=i","cat":284449},{"id":35034,"n":"Eau minérale gazeuse Perrier  Canettes - 6x33cl","p":2.69,"u":"1,36 €/L","img":"https://fd2-photos.leclercdrive.fr/image.ashx?id=2672554&use=l&cat=p&typeid=i","cat":284536},{"id":35039,"n":"Dosettes café Plantation Corsé - x48 - 336g","p":4.95,"u":"14,73 €/KG","img":"https://fd2-photos.leclercdrive.fr/image.ashx?id=2622115&use=l&cat=p&typeid=i","cat":293238},{"id":35108,"n":"Bière blonde Affligem 6,7%vol. - 12x25cl","p":9.36,"u":"3,12 €/L","img":"https://fd2-photos.leclercdrive.fr/image.ashx?id=2639405&use=l&cat=p&typeid=i","cat":334852},{"id":35117,"n":"Riste d'aubergines provençale NRT - 650g","p":3.99,"u":"6,14 €/KG","img":"https://fd2-photos.leclercdrive.fr/image.ashx?id=2771387&use=l&cat=p&typeid=i","cat":284441},{"id":35138,"n":"Yaourt SMARTIES Vanille bonbons chocolat 4x120g","p":2.35,"u":"4,90 €/KG","img":"https://fd2-photos.leclercdrive.fr/image.ashx?id=2571038&use=l&cat=p&typeid=i","cat":284414},{"id":35146,"n":"Fromages râpé spécial Pizza  Les Croisés - 125g","p":1.62,"u":"12,96 €/KG","img":"https://fd2-photos.leclercdrive.fr/image.ashx?id=2946175&use=l&cat=p&typeid=i","cat":314035},{"id":35147,"n":"Fromage Cheddar Burger Les Croisés 20 Tranches - 340g","p":1.99,"u":"5,85 €/KG","img":"https://fd2-photos.leclercdrive.fr/image.ashx?id=2946844&use=l&cat=p&typeid=i","cat":314028},{"id":35148,"n":"Fromage Emmental Croque Les Croisés 20 Tranches - 340g","p":2.01,"u":"5,91 €/KG","img":"https://fd2-photos.leclercdrive.fr/image.ashx?id=2946847&use=l&cat=p&typeid=i","cat":314028},{"id":35155,"n":"Tablette de chocolat noir Lindt Fleur de sel - 100g","p":2.23,"u":"22,30 €/KG","img":"https://fd2-photos.leclercdrive.fr/image.ashx?id=2681595&use=l&cat=p&typeid=i","cat":284956},{"id":35159,"n":"Croco Haribo Sachet bonbons - 280g","p":1.25,"u":"4,46 €/KG","img":"https://fd2-photos.leclercdrive.fr/image.ashx?id=2446467&use=l&cat=p&typeid=i","cat":304250},{"id":35160,"n":"Croissants Pasquier x16 - 640g","p":3.71,"u":"5,80 €/KG","img":"https://fd2-photos.leclercdrive.fr/image.ashx?id=2853056&use=l&cat=p&typeid=i","cat":296366},{"id":35173,"n":"Joker Le Fruit Jus multifruits  1,5L","p":2.53,"u":"1,69 €/L","img":"https://fd2-photos.leclercdrive.fr/image.ashx?id=2785727&use=l&cat=p&typeid=i","cat":284917},{"id":35182,"n":"Boisson énergisante Monster Original - 50cl","p":1.35,"u":"2,70 €/L","img":"https://fd2-photos.leclercdrive.fr/image.ashx?id=2510163&use=l&cat=p&typeid=i","cat":284533},{"id":35183,"n":"Boisson énergisante Monster Original Canette - 4x50cl","p":5.38,"u":"2,69 €/L","img":"https://fd2-photos.leclercdrive.fr/image.ashx?id=2210242&use=l&cat=p&typeid=i","cat":284533},{"id":35185,"n":"Eau aromatisée Volvic Juicy Citronnade - 1,5L","p":1.48,"u":"0,99 €/L","img":"https://fd2-photos.leclercdrive.fr/image.ashx?id=3011008&use=l&cat=p&typeid=i","cat":284537},{"id":35262,"n":"yaourt aux fruits bifidus activia 0%mg - 12x125g","p":4.53,"u":"3,02 €/KG","img":"https://fd2-photos.leclercdrive.fr/image.ashx?id=2741697&use=l&cat=p&typeid=i","cat":315000},{"id":35300,"n":"Jambon supérieur Tradilège À l'étouffée 6 tranches - 240g","p":2.92,"u":"12,17 €/KG","img":"https://fd2-photos.leclercdrive.fr/image.ashx?id=2155339&use=l&cat=p&typeid=i","cat":316009},{"id":35308,"n":"Beurre Tendre Elle&Vire Demi-Sel - 80% MG - 250g","p":2.91,"u":"11,64 €/KG","img":"https://fd2-photos.leclercdrive.fr/image.ashx?id=2604773&use=l&cat=p&typeid=i","cat":284379},{"id":35309,"n":"Beurre Tendre Elle&Vire Doux - 82% MG - 250g","p":2.89,"u":"11,56 €/KG","img":"https://fd2-photos.leclercdrive.fr/image.ashx?id=2765629&use=l&cat=p&typeid=i","cat":284379},{"id":35388,"n":"Déodorant Compressé Monsavon Anti-Transpirant Coton 100ml","p":2.03,"u":"20,30 €/L","img":"https://fd2-photos.leclercdrive.fr/image.ashx?id=2797437&use=l&cat=p&typeid=i","cat":284595},{"id":35398,"n":"Eau Micellaire Garnier Peaux Sensibles - 400ml","p":2.82,"u":"7,05 €/L","img":"https://fd2-photos.leclercdrive.fr/image.ashx?id=2926593&use=l&cat=p&typeid=i","cat":284603},{"id":35425,"n":"Déodorant spray Monsavon Fleur de cerisier - 100ml","p":2.36,"u":"23,60 €/L","img":"https://fd2-photos.leclercdrive.fr/image.ashx?id=2904628&use=l&cat=p&typeid=i","cat":284595},{"id":35433,"n":"Tampons Doulys Compact Super plus - x20","p":2.6,"u":"0,13 €/P","img":"https://fd2-photos.leclercdrive.fr/image.ashx?id=2965509&use=l&cat=p&typeid=i","cat":284626},{"id":35450,"n":"Recharge Savon Mains Dettol Aloe Vera Hydratant 250ml","p":3.04,"u":"12,16 €/L","img":"https://fd2-photos.leclercdrive.fr/image.ashx?id=2879134&use=l&cat=p&typeid=i","cat":284597},{"id":35503,"n":"Gel à raser Williams Peaux sensibles 200ml","p":2.47,"u":"12,35 €/L","img":"https://fd2-photos.leclercdrive.fr/image.ashx?id=1966625&use=l&cat=p&typeid=i","cat":284617},{"id":35530,"n":"Mouchoirs en papier Lotus Boîte x1 - 80 mouchoirs","p":1.41,"u":"0,02 €/P","img":"https://fd2-photos.leclercdrive.fr/image.ashx?id=2867368&use=l&cat=p&typeid=i","cat":284638},{"id":35537,"n":"Recharge savon mains Palmolive Antibactérien -  250ml","p":0.59,"u":"2,36 €/L","img":"https://fd2-photos.leclercdrive.fr/image.ashx?id=2833180&use=l&cat=p&typeid=i","cat":284597},{"id":35646,"n":"Bière blonde Falsbourg Canette - 4.2%vol. - 50cl","p":0.69,"u":"1,38 €/L","img":"https://fd2-photos.leclercdrive.fr/image.ashx?id=2637904&use=l&cat=p&typeid=i","cat":334853},{"id":35647,"n":"Bière blonde Falsbourg Canette - 4.2%vol. - 6x33cl","p":2.69,"u":"1,36 €/L","img":"https://fd2-photos.leclercdrive.fr/image.ashx?id=2637913&use=l&cat=p&typeid=i","cat":334853},{"id":35716,"n":"Gourdes Goûters lactés Délisse Vanille - 4x85g","p":1.81,"u":"5,32 €/KG","img":"https://fd2-photos.leclercdrive.fr/image.ashx?id=2681427&use=l&cat=p&typeid=i","cat":284506},{"id":35729,"n":"Tiramisu Délisse Au café - 4x80g","p":2.49,"u":"7,78 €/KG","img":"https://fd2-photos.leclercdrive.fr/image.ashx?id=2711604&use=l&cat=p&typeid=i","cat":284419},{"id":35730,"n":"Crème dessert Délisse Vanille Billes 3 chocolats 4x117g","p":2.15,"u":"4,59 €/KG","img":"https://fd2-photos.leclercdrive.fr/image.ashx?id=2965503&use=l&cat=p&typeid=i","cat":285041},{"id":35731,"n":"Crème dessert Chocolat Délisse Mix'n croc color 4x120g","p":2.09,"u":"4,35 €/KG","img":"https://fd2-photos.leclercdrive.fr/image.ashx?id=2965506&use=l&cat=p&typeid=i","cat":285041},{"id":35735,"n":"Bière blanche Hilbörg Canette - 4.5%vol. - 50cl","p":0.99,"u":"1,98 €/L","img":"https://fd2-photos.leclercdrive.fr/image.ashx?id=2913693&use=l&cat=p&typeid=i","cat":334853},{"id":35760,"n":"Céréales Miel Pops Kellogg's 620g","p":3.31,"u":"5,34 €/KG","img":"https://fd2-photos.leclercdrive.fr/image.ashx?id=2596952&use=l&cat=p&typeid=i","cat":309513},{"id":35761,"n":"Céréales Frosties Kellogg's 620g","p":3.4,"u":"5,48 €/KG","img":"https://fd2-photos.leclercdrive.fr/image.ashx?id=2589768&use=l&cat=p&typeid=i","cat":309513},{"id":35785,"n":"Bière belge Rince Cochon Fruits rouges - 7.5%vol. - 50cl","p":1.96,"u":"3,92 €/L","img":"https://fd2-photos.leclercdrive.fr/image.ashx?id=1741472&use=l&cat=p&typeid=i","cat":334853},{"id":35788,"n":"Café Soluble Nescafé 200g","p":5.85,"u":"29,25 €/KG","img":"https://fd2-photos.leclercdrive.fr/image.ashx?id=2810627&use=l&cat=p&typeid=i","cat":284843},{"id":35791,"n":"Flammekueche d'Alsace NRT 600g","p":4.35,"u":"7,25 €/KG","img":"https://fd2-photos.leclercdrive.fr/image.ashx?id=2743894&use=l&cat=p&typeid=i","cat":333680},{"id":35815,"n":"Matière grasse St Hubert  Omega 3 - 52% MG - 255g","p":2.09,"u":"8,20 €/KG","img":"https://fd2-photos.leclercdrive.fr/image.ashx?id=2734093&use=l&cat=p&typeid=i","cat":315229},{"id":35816,"n":"Matière grasse St Hubert Omega3 52% MG - demi-sel - 255g","p":2.13,"u":"8,35 €/KG","img":"https://fd2-photos.leclercdrive.fr/image.ashx?id=2734096&use=l&cat=p&typeid=i","cat":315229},{"id":35825,"n":"Fromage Pavé d'Affinois Original - 200g","p":2.45,"u":"12,25 €/KG","img":"https://fd2-photos.leclercdrive.fr/image.ashx?id=3002078&use=l&cat=p&typeid=i","cat":314033},{"id":35830,"n":"Yaourt La Laitière   Fruits panachés - 8x125g","p":3.61,"u":"3,61 €/KG","img":"https://fd2-photos.leclercdrive.fr/image.ashx?id=2744590&use=l&cat=p&typeid=i","cat":286006},{"id":35833,"n":"Yaourt La Laitière Citron - 4x125g","p":1.84,"u":"3,68 €/KG","img":"https://fd2-photos.leclercdrive.fr/image.ashx?id=2904065&use=l&cat=p&typeid=i","cat":286006},{"id":35906,"n":"Gourdes Goûters lactés Délisse Chocolat - 4x85g","p":1.75,"u":"5,15 €/KG","img":"https://fd2-photos.leclercdrive.fr/image.ashx?id=2681424&use=l&cat=p&typeid=i","cat":284506},{"id":35907,"n":"Cassoulet mitonné   William Saurin - 840g","p":2.9,"u":"3,45 €/KG","img":"https://fd2-photos.leclercdrive.fr/image.ashx?id=2890148&use=l&cat=p&typeid=i","cat":284440},{"id":35908,"n":"Cassoulet mitonné   William Saurin - 420g","p":1.85,"u":"4,40 €/KG","img":"https://fd2-photos.leclercdrive.fr/image.ashx?id=2890151&use=l&cat=p&typeid=i","cat":284441},{"id":35917,"n":"Bière blonde Forte Extra Strong Canette - 8.4%vol. - 50cl","p":1.15,"u":"2,30 €/L","img":"https://fd2-photos.leclercdrive.fr/image.ashx?id=2927998&use=l&cat=p&typeid=i","cat":334853},{"id":35918,"n":"Jus de pomme Jafaden A base de concentré - 6x20cl","p":1.32,"u":"1,10 €/L","img":"https://fd2-photos.leclercdrive.fr/image.ashx?id=2949185&use=l&cat=p&typeid=i","cat":284524},{"id":35922,"n":"Bière blonde Forte Extra Strong Canette - 10%vol - 50cl","p":1.19,"u":"2,38 €/L","img":"https://fd2-photos.leclercdrive.fr/image.ashx?id=2928004&use=l&cat=p&typeid=i","cat":334853},{"id":35955,"n":"Magret de canard Périgord Nos Régions ont du Talent 410g","p":8.99,"u":"21,93 €/KG","img":"https://fd2-photos.leclercdrive.fr/image.ashx?id=2867925&use=l&cat=p&typeid=i","cat":284339},{"id":35979,"n":"Gaufrettes amusantes Nord NRT 175g","p":2.45,"u":"14,00 €/KG","img":"https://fd2-photos.leclercdrive.fr/image.ashx?id=724000&use=l&cat=p&typeid=i","cat":284487},{"id":35995,"n":"Lait de toilette Mots d'Enfants Bio - 250ml","p":2.35,"u":"9,40 €/L","img":"https://fd2-photos.leclercdrive.fr/image.ashx?id=2485080&use=l&cat=p&typeid=i","cat":284741},{"id":36009,"n":"Bâtonnets Trium Vanille Amandes x4 - 314g","p":2.05,"u":"6,53 €/KG","img":"https://fd2-photos.leclercdrive.fr/image.ashx?id=2931775&use=l&cat=p&typeid=i","cat":284265},{"id":36010,"n":"Bâtonnets Trium Vanille chocolat blanc x4 -308g","p":2.59,"u":"8,41 €/KG","img":"https://fd2-photos.leclercdrive.fr/image.ashx?id=1914951&use=l&cat=p&typeid=i","cat":284265},{"id":36037,"n":"Crème UHT Elle&Vire Fluide Entière - 30% MG - 3x20cl","p":3.14,"u":"5,23 €/L","img":"https://fd2-photos.leclercdrive.fr/image.ashx?id=3008551&use=l&cat=p&typeid=i","cat":284381},{"id":36039,"n":"Crème légère fluide UHT Délisse 12%mg - 3x20cl","p":1.84,"u":"3,07 €/L","img":"https://fd2-photos.leclercdrive.fr/image.ashx?id=2905904&use=l&cat=p&typeid=i","cat":284381},{"id":36040,"n":"Spécialité laitière UHT Délisse Semi-épaisse 4%mg - 3x20cl","p":2.21,"u":"3,68 €/L","img":"https://fd2-photos.leclercdrive.fr/image.ashx?id=3002599&use=l&cat=p&typeid=i","cat":284381},{"id":36041,"n":"Crème semi-épaisse entière UHT Délisse 30%mg - 3x20cl","p":3.5,"u":"5,83 €/L","img":"https://fd2-photos.leclercdrive.fr/image.ashx?id=2494099&use=l&cat=p&typeid=i","cat":284381},{"id":36077,"n":"Lait de toilette bébé Eco+ 300ml","p":1.07,"u":"3,57 €/L","img":"https://fd2-photos.leclercdrive.fr/image.ashx?id=2690862&use=l&cat=p&typeid=i","cat":284741},{"id":36115,"n":"Carré fondant Rians Au chocolat - 2x110g","p":2.33,"u":"10,59 €/KG","img":"https://fd2-photos.leclercdrive.fr/image.ashx?id=2495701&use=l&cat=p&typeid=i","cat":284419},{"id":36124,"n":"Haricots blancs Notre Jardin - 500g","p":1.03,"u":"2,06 €/KG","img":"https://fd2-photos.leclercdrive.fr/image.ashx?id=2988072&use=l&cat=p&typeid=i","cat":312606},{"id":36125,"n":"Haricots blancs Notre Jardin 250g","p":0.85,"u":"3,40 €/KG","img":"https://fd2-photos.leclercdrive.fr/image.ashx?id=3002602&use=l&cat=p&typeid=i","cat":312606},{"id":36193,"n":"Dés de jambon Tradilège -25% de sel - 2x75g","p":1.5,"u":"10,00 €/KG","img":"https://fd2-photos.leclercdrive.fr/image.ashx?id=2925750&use=l&cat=p&typeid=i","cat":316011},{"id":36194,"n":"Dés de jambon Tradilège Maxi format 2x125g","p":2.45,"u":"9,80 €/KG","img":"https://fd2-photos.leclercdrive.fr/image.ashx?id=2970465&use=l&cat=p&typeid=i","cat":316011},{"id":36197,"n":"Truite fumée Landvika Mini tranches - 100g","p":2.71,"u":"27,10 €/KG","img":"https://fd2-photos.leclercdrive.fr/image.ashx?id=2159415&use=l&cat=p&typeid=i","cat":285188},{"id":36198,"n":"Lardons supérieurs Tradilège Fumés maxi format 2x200g","p":3.42,"u":"8,55 €/KG","img":"https://fd2-photos.leclercdrive.fr/image.ashx?id=2921381&use=l&cat=p&typeid=i","cat":316011},{"id":36203,"n":"Gel douche Eco+ Peaux sensibles - 500ml","p":0.99,"u":"1,98 €/L","img":"https://fd2-photos.leclercdrive.fr/image.ashx?id=2174660&use=l&cat=p&typeid=i","cat":284594},{"id":36206,"n":"Mousse à raser hydratante Eco+ Peaux normales - 300ml","p":0.85,"u":"2,83 €/L","img":"https://fd2-photos.leclercdrive.fr/image.ashx?id=2952382&use=l&cat=p&typeid=i","cat":284617},{"id":36267,"n":"Noix St Jacques NRT de Normandie - 300g","p":16.95,"u":"56,50 €/KG","img":"https://fd2-photos.leclercdrive.fr/image.ashx?id=1961976&use=l&cat=p&typeid=i","cat":319787},{"id":36268,"n":"Soufflés ExtraTerrestres Tokapi Jambon fromage - 80g","p":0.84,"u":"10,50 €/KG","img":"https://fd2-photos.leclercdrive.fr/image.ashx?id=2922929&use=l&cat=p&typeid=i","cat":284449},{"id":36270,"n":"Soufflés ExtraTerrestres Tokapi Salé - 80g","p":0.79,"u":"9,88 €/KG","img":"https://fd2-photos.leclercdrive.fr/image.ashx?id=1932960&use=l&cat=p&typeid=i","cat":284449},{"id":36311,"n":"Shampooing Nateïs Huile d'argan - 250ml","p":1.29,"u":"5,16 €/L","img":"https://fd2-photos.leclercdrive.fr/image.ashx?id=2626796&use=l&cat=p&typeid=i","cat":284606},{"id":36314,"n":"Shampooing Nateïs Fleur de tilleul pomme verte - 250ml","p":1.27,"u":"5,08 €/L","img":"https://fd2-photos.leclercdrive.fr/image.ashx?id=1898913&use=l&cat=p&typeid=i","cat":284606},{"id":36317,"n":"Dessert fruitier pomme Douceur Verger s/sucre 8x100g","p":1.99,"u":"2,49 €/KG","img":"https://fd2-photos.leclercdrive.fr/image.ashx?id=1957093&use=l&cat=p&typeid=i","cat":284416},{"id":36347,"n":"Rondelé aux Noix 125g","p":1.6,"u":"12,80 €/KG","img":"https://fd2-photos.leclercdrive.fr/image.ashx?id=2967732&use=l&cat=p&typeid=i","cat":314029},{"id":36388,"n":"Bière ambrée corse Pietra 6° - 6x25cl","p":8.33,"u":"5,55 €/L","img":"https://fd2-photos.leclercdrive.fr/image.ashx?id=3011464&use=l&cat=p&typeid=i","cat":334872},{"id":36394,"n":"Yaourt aromatisé aux Fruits Panachés Frulos - 16x125g","p":3.12,"u":"1,56 €/KG","img":"https://fd2-photos.leclercdrive.fr/image.ashx?id=2799895&use=l&cat=p&typeid=i","cat":286006},{"id":36395,"n":"Yaourt Nature Sucré Yoplait - 12x125g","p":2.65,"u":"1,77 €/KG","img":"https://fd2-photos.leclercdrive.fr/image.ashx?id=2796827&use=l&cat=p&typeid=i","cat":284409},{"id":36396,"n":"Gâteau fourré Mini BN Chocolat 175g","p":1.82,"u":"10,40 €/KG","img":"https://fd2-photos.leclercdrive.fr/image.ashx?id=2746854&use=l&cat=p&typeid=i","cat":284488},{"id":36397,"n":"Biscuits Mini BN Goûter à la fraise - 175g","p":1.83,"u":"10,46 €/KG","img":"https://fd2-photos.leclercdrive.fr/image.ashx?id=2748212&use=l&cat=p&typeid=i","cat":284489},{"id":36399,"n":"Pizza La Pizz Sodebo Chèvre lardons - 470g","p":3.46,"u":"7,36 €/KG","img":"https://fd2-photos.leclercdrive.fr/image.ashx?id=2851494&use=l&cat=p&typeid=i","cat":333679},{"id":36400,"n":"Pizza La Pizz Sodebo 4 fromages - 470g","p":3.61,"u":"7,68 €/KG","img":"https://fd2-photos.leclercdrive.fr/image.ashx?id=2905366&use=l&cat=p&typeid=i","cat":333679},{"id":36401,"n":"Pizza Dolce Sodebo 4 fromaggi - 380g","p":3.62,"u":"9,53 €/KG","img":"https://fd2-photos.leclercdrive.fr/image.ashx?id=2921636&use=l&cat=p&typeid=i","cat":333679},{"id":36404,"n":"Pizza Dolce Sodebo Regina Jambon Champignons 400g","p":3.85,"u":"9,63 €/KG","img":"https://fd2-photos.leclercdrive.fr/image.ashx?id=3008251&use=l&cat=p&typeid=i","cat":333679},{"id":36412,"n":"Compote Douceur du Verger Coupelle pomme - 16x100g","p":3.09,"u":"1,93 €/KG","img":"https://fd2-photos.leclercdrive.fr/image.ashx?id=2663515&use=l&cat=p&typeid=i","cat":284508},{"id":36414,"n":"Compote Douceur du Verger Coupelle pomme - 8x100g","p":1.89,"u":"2,36 €/KG","img":"https://fd2-photos.leclercdrive.fr/image.ashx?id=2663509&use=l&cat=p&typeid=i","cat":284508},{"id":36416,"n":"Compote Douceur du Verger Coupelle pomme rhubarbe -4x100g","p":1.3,"u":"3,25 €/KG","img":"https://fd2-photos.leclercdrive.fr/image.ashx?id=2663521&use=l&cat=p&typeid=i","cat":284508},{"id":36417,"n":"Compote Douceur du Verger Gourdes multivariétés - 4x90g","p":1.69,"u":"4,69 €/KG","img":"https://fd2-photos.leclercdrive.fr/image.ashx?id=2805030&use=l&cat=p&typeid=i","cat":284508},{"id":36418,"n":"Compote Douceur du Verger Gourdes Pomme Poire - 4x90g","p":1.49,"u":"4,14 €/KG","img":"https://fd2-photos.leclercdrive.fr/image.ashx?id=2837054&use=l&cat=p&typeid=i","cat":284508},{"id":36419,"n":"Compote Douceur du Verger Coupelle pomme - 4x100g","p":0.99,"u":"2,48 €/KG","img":"https://fd2-photos.leclercdrive.fr/image.ashx?id=2663527&use=l&cat=p&typeid=i","cat":284508},{"id":36424,"n":"Brownie P'tit Deli Chocolat noisette 285g","p":1.85,"u":"6,49 €/KG","img":"https://fd2-photos.leclercdrive.fr/image.ashx?id=2658578&use=l&cat=p&typeid=i","cat":294776},{"id":36437,"n":"Friandises pour chien Lydog Assortiment sticks - x15 126g","p":1.33,"u":"10,56 €/KG","img":"https://fd2-photos.leclercdrive.fr/image.ashx?id=1947271&use=l&cat=p&typeid=i","cat":294527},{"id":36438,"n":"Sticks dentaires Lydog Petit chien - x7 110g","p":0.99,"u":"9,00 €/KG","img":"https://fd2-photos.leclercdrive.fr/image.ashx?id=1878604&use=l&cat=p&typeid=i","cat":294527},{"id":36440,"n":"Sticks dentaires Lydog Grand chien - x7 - 270g","p":2.09,"u":"7,74 €/KG","img":"https://fd2-photos.leclercdrive.fr/image.ashx?id=1947274&use=l&cat=p&typeid=i","cat":294527},{"id":36441,"n":"Aiguillettes poulet Tradilège Rôti - 2x75g","p":2.07,"u":"13,80 €/KG","img":"https://fd2-photos.leclercdrive.fr/image.ashx?id=2994375&use=l&cat=p&typeid=i","cat":316011},{"id":36445,"n":"Râpé de jambon Tradilège Fumé - 150g","p":1.79,"u":"11,93 €/KG","img":"https://fd2-photos.leclercdrive.fr/image.ashx?id=2970468&use=l&cat=p&typeid=i","cat":316011},{"id":36504,"n":"Pizza La Pizz Sodebo Jambon emmental - 470g","p":2.92,"u":"6,21 €/KG","img":"https://fd2-photos.leclercdrive.fr/image.ashx?id=2886786&use=l&cat=p&typeid=i","cat":333679},{"id":36515,"n":"Dragées Choco Peanuts Cacahuètes - 300g","p":2.39,"u":"7,97 €/KG","img":"https://fd2-photos.leclercdrive.fr/image.ashx?id=2989673&use=l&cat=p&typeid=i","cat":304238},{"id":36633,"n":"Glace Cône Nestlé Extrême Crème brulée x6 - 426g","p":3.61,"u":"8,47 €/KG","img":"https://fd2-photos.leclercdrive.fr/image.ashx?id=2831672&use=l&cat=p&typeid=i","cat":284264},{"id":36650,"n":"Barres céréales Bio Village Bio Fraise x6 125g","p":1.79,"u":"14,32 €/KG","img":"https://fd2-photos.leclercdrive.fr/image.ashx?id=2807306&use=l&cat=p&typeid=i","cat":285869},{"id":36651,"n":"Barres céréales Bio Village Bio Chocolat noir x6 125g","p":1.95,"u":"15,60 €/KG","img":"https://fd2-photos.leclercdrive.fr/image.ashx?id=2807309&use=l&cat=p&typeid=i","cat":285869},{"id":36656,"n":"Soupe liquide Liebig  Velouté 10 légumes - Brique 1L","p":1.65,"u":"1,65 €/L","img":"https://fd2-photos.leclercdrive.fr/image.ashx?id=2892133&use=l&cat=p&typeid=i","cat":284462},{"id":36658,"n":"Soupe liquide Liebig  Mouliné 10 légumes - Brique 1L","p":1.68,"u":"1,68 €/L","img":"https://fd2-photos.leclercdrive.fr/image.ashx?id=2651396&use=l&cat=p&typeid=i","cat":284462},{"id":36704,"n":"Sucre en morceaux Daddy Demi-morceaux rond - 750g","p":1.7,"u":"2,27 €/KG","img":"https://fd2-photos.leclercdrive.fr/image.ashx?id=2907947&use=l&cat=p&typeid=i","cat":284502},{"id":36710,"n":"Sucre canne Béghin Say Pure - en morceaux - 750g","p":2.43,"u":"3,24 €/KG","img":"https://fd2-photos.leclercdrive.fr/image.ashx?id=2948830&use=l&cat=p&typeid=i","cat":284502},{"id":36711,"n":"Sucre cassonade Béghin Say En poudre - 750g","p":2.37,"u":"3,16 €/KG","img":"https://fd2-photos.leclercdrive.fr/image.ashx?id=2949928&use=l&cat=p&typeid=i","cat":284502},{"id":36720,"n":"Haricots blancs à la tomate 400 g","p":0.75,"u":"1,88 €/KG","img":"https://fd2-photos.leclercdrive.fr/image.ashx?id=2988078&use=l&cat=p&typeid=i","cat":312606},{"id":36756,"n":"Haricots Blancs à la tomate 800g","p":1.08,"u":"1,35 €/KG","img":"https://fd2-photos.leclercdrive.fr/image.ashx?id=2988075&use=l&cat=p&typeid=i","cat":312606},{"id":36790,"n":"Lait Le Petit Vendéen Demi-écrémé - 6x1L","p":4.69,"u":"0,78 €/L","img":"https://fd2-photos.leclercdrive.fr/image.ashx?id=2457185&use=l&cat=p&typeid=i","cat":284377},{"id":36811,"n":"Chewing-gum Freedent Fraise 5x10 dragées 70g","p":2.39,"u":"34,14 €/KG","img":"https://fd2-photos.leclercdrive.fr/image.ashx?id=2325485&use=l&cat=p&typeid=i","cat":304251},{"id":36821,"n":"Biscuits M&M's  x10 - 198g","p":2.14,"u":"10,81 €/KG","img":"https://fd2-photos.leclercdrive.fr/image.ashx?id=2148416&use=l&cat=p&typeid=i","cat":284488},{"id":36825,"n":"Tablette chocolat Minis Milka Chocolat au lait - 200g","p":3.71,"u":"18,55 €/KG","img":"https://fd2-photos.leclercdrive.fr/image.ashx?id=2188521&use=l&cat=p&typeid=i","cat":284497},{"id":36833,"n":"BB Crème teintée médium Inell Hydratante 5 en 1 - 50ml","p":3.45,"u":"69,00 €/L","img":"https://fd2-photos.leclercdrive.fr/image.ashx?id=2822120&use=l&cat=p&typeid=i","cat":325345},{"id":36834,"n":"BB Crème teintée clair Inell  Hydratante 5en1 - 50ml","p":3.45,"u":"69,00 €/L","img":"https://fd2-photos.leclercdrive.fr/image.ashx?id=2822123&use=l&cat=p&typeid=i","cat":325345},{"id":36878,"n":"IGP Côtes de Gascogne moelleux Terrasses d'Autan 11.5% - 75cl","p":3.99,"u":"5,32 €/L","img":"https://fd2-photos.leclercdrive.fr/image.ashx?id=2929870&use=l&cat=p&typeid=i","cat":289557},{"id":36886,"n":"Miel de montagne L'Apiculteur Crémeux - 500g","p":5.5,"u":"11,00 €/KG","img":"https://fd2-photos.leclercdrive.fr/image.ashx?id=2310926&use=l&cat=p&typeid=i","cat":287643},{"id":36917,"n":"Canistrelli Corse NRT Amandes - 300g","p":3.65,"u":"12,17 €/KG","img":"https://fd2-photos.leclercdrive.fr/image.ashx?id=2954490&use=l&cat=p&typeid=i","cat":284487},{"id":36982,"n":"Assortiment biscuits P'tit Déli Boîte en fer - 750g","p":8.41,"u":"11,21 €/KG","img":"https://fd2-photos.leclercdrive.fr/image.ashx?id=2799242&use=l&cat=p&typeid=i","cat":284490},{"id":37014,"n":"Cuadro Novi Chocolat  noisettes - 150g","p":4.54,"u":"30,27 €/KG","img":"https://fd2-photos.leclercdrive.fr/image.ashx?id=2615167&use=l&cat=p&typeid=i","cat":327595},{"id":37030,"n":"Farine suprême Francine 1kg","p":1.58,"u":"1,58 €/KG","img":"https://fd2-photos.leclercdrive.fr/image.ashx?id=2902654&use=l&cat=p&typeid=i","cat":284503},{"id":37031,"n":"Huile d'olive Puget Vierge extra - 1,5L","p":17.27,"u":"11,51 €/L","img":"https://fd2-photos.leclercdrive.fr/image.ashx?id=2144452&use=l&cat=p&typeid=i","cat":284453},{"id":37033,"n":"Douceur Crème balsamique  Rustica - 25cl","p":1.79,"u":"7,16 €/L","img":"https://fd2-photos.leclercdrive.fr/image.ashx?id=2781877&use=l&cat=p&typeid=i","cat":284456},{"id":37049,"n":"Sauce Samourai Amora 255g","p":1.61,"u":"7,16 €/KG","img":"https://fd2-photos.leclercdrive.fr/image.ashx?id=2893838&use=l&cat=p&typeid=i","cat":318431},{"id":37054,"n":"Sucre pure canne Beghin Say Morceaux - 1kg","p":2.4,"u":"2,40 €/KG","img":"https://fd2-photos.leclercdrive.fr/image.ashx?id=2978688&use=l&cat=p&typeid=i","cat":284502},{"id":37107,"n":"Gel lavant mains Manava Spécial cuisine - 300ml","p":0.99,"u":"3,30 €/L","img":"https://fd2-photos.leclercdrive.fr/image.ashx?id=2355151&use=l&cat=p&typeid=i","cat":284597},{"id":37120,"n":"Sauce Soja sucrée Kikkoman 250ml","p":4.18,"u":"16,72 €/L","img":"https://fd2-photos.leclercdrive.fr/image.ashx?id=2536296&use=l&cat=p&typeid=i","cat":288992},{"id":37149,"n":"Cookies Méga pépites P'tit Déli Chocolat noisettes 184g","p":1.51,"u":"8,21 €/KG","img":"https://fd2-photos.leclercdrive.fr/image.ashx?id=2116149&use=l&cat=p&typeid=i","cat":325066},{"id":37260,"n":"Boisson au thé Fresh Tea Citron vert - 1,5L","p":1.22,"u":"0,81 €/L","img":"https://fd2-photos.leclercdrive.fr/image.ashx?id=2622257&use=l&cat=p&typeid=i","cat":295019},{"id":37262,"n":"Boisson au thé Fresh Tea Framboise - 1,5L","p":1.33,"u":"0,89 €/L","img":"https://fd2-photos.leclercdrive.fr/image.ashx?id=2622254&use=l&cat=p&typeid=i","cat":295019},{"id":37286,"n":"Paëlla royale Marie 900g","p":4.69,"u":"5,21 €/KG","img":"https://fd2-photos.leclercdrive.fr/image.ashx?id=2996770&use=l&cat=p&typeid=i","cat":284254},{"id":37335,"n":"Lait Le Petit Vendéen Demi-écrémé - 6x1L","p":5.86,"u":"0,98 €/L","img":"https://fd2-photos.leclercdrive.fr/image.ashx?id=2561143&use=l&cat=p&typeid=i","cat":284377},{"id":37403,"n":"Sachet fraîcheur chien Pedigree  Mixte en sauce - 12x100g","p":5.11,"u":"4,26 €/KG","img":"https://fd2-photos.leclercdrive.fr/image.ashx?id=2870242&use=l&cat=p&typeid=i","cat":284673},{"id":37426,"n":"Bière blonde Kronenbourg 4,2° - 6x50cl canettes","p":5.45,"u":"1,82 €/L","img":"https://fd2-photos.leclercdrive.fr/image.ashx?id=2203508&use=l&cat=p&typeid=i","cat":334853},{"id":37438,"n":"Papier cuisson Elembal Rouleau 15m","p":1.79,"img":"https://fd2-photos.leclercdrive.fr/image.ashx?id=2158218&use=l&cat=p&typeid=i","cat":334134},{"id":37453,"n":"Lardons de volaille Tradilège Fumés 2x75g","p":1.71,"u":"11,40 €/KG","img":"https://fd2-photos.leclercdrive.fr/image.ashx?id=2882358&use=l&cat=p&typeid=i","cat":316011},{"id":37456,"n":"Saucisse fumée Tradilège VPF x3 375g","p":3.22,"u":"8,59 €/KG","img":"https://fd2-photos.leclercdrive.fr/image.ashx?id=2659085&use=l&cat=p&typeid=i","cat":316012},{"id":37457,"n":"Yaourt bio Les 2 Vaches brassé nature - 4x115g","p":1.29,"u":"2,80 €/KG","img":"https://fd2-photos.leclercdrive.fr/image.ashx?id=2571545&use=l&cat=p&typeid=i","cat":284409},{"id":37468,"n":"Jambon cru Fine Fondante Aoste Sans conservateur - x6 - 100g","p":3.45,"u":"34,50 €/KG","img":"https://fd2-photos.leclercdrive.fr/image.ashx?id=2937172&use=l&cat=p&typeid=i","cat":316007},{"id":37540,"n":"Compote bébé Bio Village Bio Pomme vanille 4 mois 4x100g","p":1.99,"u":"4,98 €/KG","img":"https://fd2-photos.leclercdrive.fr/image.ashx?id=2704750&use=l&cat=p&typeid=i","cat":312387},{"id":37541,"n":"Compote bébé Bio Village Bio Pomme /Banane 4 mois 4x100g","p":1.89,"u":"4,73 €/KG","img":"https://fd2-photos.leclercdrive.fr/image.ashx?id=2704753&use=l&cat=p&typeid=i","cat":312387},{"id":37542,"n":"Compote bébé Bio Village bio Poire williams - 4 mois -4x100g","p":1.89,"u":"4,73 €/KG","img":"https://fd2-photos.leclercdrive.fr/image.ashx?id=2704747&use=l&cat=p&typeid=i","cat":312387},{"id":37580,"n":"Soupe Régal Soupe Légumes et vermicelles - 1L","p":1.84,"u":"1,84 €/L","img":"https://fd2-photos.leclercdrive.fr/image.ashx?id=2983802&use=l&cat=p&typeid=i","cat":284462},{"id":37593,"n":"Snacks chats Tous mes amis Poulet fromage - 60g","p":0.84,"u":"14,00 €/KG","img":"https://fd2-photos.leclercdrive.fr/image.ashx?id=726854&use=l&cat=p&typeid=i","cat":285285},{"id":37594,"n":"Snacks chats Tous mes amis Boeuf - 60g","p":0.94,"u":"15,67 €/KG","img":"https://fd2-photos.leclercdrive.fr/image.ashx?id=1946853&use=l&cat=p&typeid=i","cat":285285},{"id":37595,"n":"Snacks chats Tous mes amis Saumon - 60g","p":0.89,"u":"14,83 €/KG","img":"https://fd2-photos.leclercdrive.fr/image.ashx?id=1938588&use=l&cat=p&typeid=i","cat":285285},{"id":37596,"n":"Snacks chats Tous mes amis Contre les boules de poils- 60g","p":0.99,"u":"16,50 €/KG","img":"https://fd2-photos.leclercdrive.fr/image.ashx?id=1947277&use=l&cat=p&typeid=i","cat":285285},{"id":37712,"n":"Haricots Verts Cassegrain Extra Fins Cueillis main 390g","p":3.01,"u":"7,72 €/KG","img":"https://fd2-photos.leclercdrive.fr/image.ashx?id=2913025&use=l&cat=p&typeid=i","cat":312606},{"id":37713,"n":"Harissa Phare du Cap Bon Tube - 140g","p":0.66,"u":"4,71 €/KG","img":"https://fd2-photos.leclercdrive.fr/image.ashx?id=2239044&use=l&cat=p&typeid=i","cat":289013},{"id":37774,"n":"Recharge Dentamyl Brosse à dents électrique x2","p":6.99,"u":"3,50 €/P","img":"https://fd2-photos.leclercdrive.fr/image.ashx?id=2790967&use=l&cat=p&typeid=i","cat":297133},{"id":37775,"n":"Serviette incontinence Chorys Maxi - x12","p":3.65,"u":"0,30 €/P","img":"https://fd2-photos.leclercdrive.fr/image.ashx?id=2393884&use=l&cat=p&typeid=i","cat":284628},{"id":37835,"n":"AOP Beaujolais Villages Nouveau Vin rouge Georges Duboeuf -75cl","p":7.76,"u":"10,35 €/L","img":"https://fd2-photos.leclercdrive.fr/image.ashx?id=2966291&use=l&cat=p&typeid=i","cat":289556},{"id":37842,"n":"Thé glacé zéro Fresh Tea  Pêche - 1,5L","p":1.28,"u":"0,85 €/L","img":"https://fd2-photos.leclercdrive.fr/image.ashx?id=2622266&use=l&cat=p&typeid=i","cat":295019},{"id":37843,"n":"100% Pur jus d'orange Jafaden Sans pulpe - 2L","p":3.54,"u":"1,77 €/L","img":"https://fd2-photos.leclercdrive.fr/image.ashx?id=2796052&use=l&cat=p&typeid=i","cat":284521},{"id":37863,"n":"Compresses stériles Primoplast Ultra-douces x20","p":2.6,"u":"0,13 €/P","img":"https://fd2-photos.leclercdrive.fr/image.ashx?id=2832960&use=l&cat=p&typeid=i","cat":284630},{"id":37864,"n":"Bouchons oreilles Primoplast Mousse x8","p":3.99,"u":"0,50 €/P","img":"https://fd2-photos.leclercdrive.fr/image.ashx?id=2856513&use=l&cat=p&typeid=i","cat":284630},{"id":37867,"n":"Rillettes Tradilège poulet 110g","p":1.39,"u":"12,64 €/KG","img":"https://fd2-photos.leclercdrive.fr/image.ashx?id=2683586&use=l&cat=p&typeid=i","cat":316008},{"id":38027,"n":"Quinoa gourmand Tipiak 400g","p":2.27,"u":"5,68 €/KG","img":"https://fd2-photos.leclercdrive.fr/image.ashx?id=2640617&use=l&cat=p&typeid=i","cat":284429},{"id":38035,"n":"Shampooing Petit Nateis 2en1 Enfants - 250ml","p":1.35,"u":"5,40 €/L","img":"https://fd2-photos.leclercdrive.fr/image.ashx?id=1964975&use=l&cat=p&typeid=i","cat":284606},{"id":38100,"n":"Chocolat en poudre Nesquik Boîte 490g","p":3.69,"u":"7,53 €/KG","img":"https://fd2-photos.leclercdrive.fr/image.ashx?id=3005305&use=l&cat=p&typeid=i","cat":293235},{"id":38230,"n":"Mouchoirs blancs 4 plis Caresse Pock kid mouchoirs papier x10","p":1.12,"u":"0,11 €/P","img":"https://fd2-photos.leclercdrive.fr/image.ashx?id=2856687&use=l&cat=p&typeid=i","cat":284638},{"id":38232,"n":"Mouchoirs blancs 3 plis Caresse Boîte décor aléatoire Kids -x60","p":1.75,"u":"0,03 €/P","img":"https://fd2-photos.leclercdrive.fr/image.ashx?id=2814432&use=l&cat=p&typeid=i","cat":284638},{"id":38234,"n":"Dessert - P'tit Brassé Nestlé Banane - dès 6 mois - 4x100g","p":1.97,"u":"4,93 €/KG","img":"https://fd2-photos.leclercdrive.fr/image.ashx?id=2615131&use=l&cat=p&typeid=i","cat":312392},{"id":38235,"n":"Dessert - P'tit Brassé Nestlé Framboise - dès 6 mois - 4x100g","p":1.69,"u":"4,23 €/KG","img":"https://fd2-photos.leclercdrive.fr/image.ashx?id=2604876&use=l&cat=p&typeid=i","cat":312392},{"id":38236,"n":"Dessert - P'tit Brassé Nestlé Abricot - dès 6 mois - 4x100g","p":1.68,"u":"4,20 €/KG","img":"https://fd2-photos.leclercdrive.fr/image.ashx?id=2600569&use=l&cat=p&typeid=i","cat":312392},{"id":38237,"n":"Dessert - P'tit Brassé Nestlé Poire - dès 6 mois - 4x100g","p":1.93,"u":"4,83 €/KG","img":"https://fd2-photos.leclercdrive.fr/image.ashx?id=2615756&use=l&cat=p&typeid=i","cat":312392},{"id":38238,"n":"Dessert - P'tit Brassé Nestlé Fraise - dès 6 mois - 4x100g","p":1.68,"u":"4,20 €/KG","img":"https://fd2-photos.leclercdrive.fr/image.ashx?id=2510187&use=l&cat=p&typeid=i","cat":312392},{"id":38239,"n":"Dessert - P'tit Brassé Nestlé Myrtille - dès 6 mois - 4x100g","p":1.95,"u":"4,88 €/KG","img":"https://fd2-photos.leclercdrive.fr/image.ashx?id=2583235&use=l&cat=p&typeid=i","cat":312392},{"id":38286,"n":"Bière blonde Paulaner WeissBier 5.5%vol. - 50cl","p":1.9,"u":"3,80 €/L","img":"https://fd2-photos.leclercdrive.fr/image.ashx?id=2354620&use=l&cat=p&typeid=i","cat":334872},{"id":38297,"n":"Matière grasse St Hubert Omega3 52%mg - demi-sel - 510g","p":3.65,"u":"7,16 €/KG","img":"https://fd2-photos.leclercdrive.fr/image.ashx?id=2734099&use=l&cat=p&typeid=i","cat":315229},{"id":38298,"n":"Matière grasse St Hubert Omega 3 - 52%mg - doux - 510g","p":3.32,"u":"6,51 €/KG","img":"https://fd2-photos.leclercdrive.fr/image.ashx?id=2734108&use=l&cat=p&typeid=i","cat":315229},{"id":38304,"n":"Taboulé Pierre Martinet Au poulet - 300g","p":1.61,"u":"5,37 €/KG","img":"https://fd2-photos.leclercdrive.fr/image.ashx?id=2990529&use=l&cat=p&typeid=i","cat":333657},{"id":38322,"n":"Compote Douceur du Verger Gourdes multivariétés - 20x90g","p":5.95,"u":"3,31 €/KG","img":"https://fd2-photos.leclercdrive.fr/image.ashx?id=2837057&use=l&cat=p&typeid=i","cat":284508},{"id":38345,"n":"Vodka premium Grey Goose Original 40° - 70cl","p":36.99,"pp":32.99,"u":"47,13 €/L","img":"https://fd2-photos.leclercdrive.fr/image.ashx?id=2848331&use=l&cat=p&typeid=i","cat":284550},{"id":38380,"n":"Rasoir Gillette Proglide Flexball manuel x1","p":10.64,"img":"https://fd2-photos.leclercdrive.fr/image.ashx?id=2682394&use=l&cat=p&typeid=i","cat":284616},{"id":38501,"n":"Lentilles cuisinées Cassegrain  - 2x265g","p":3.15,"u":"0,59 €/L","img":"https://fd2-photos.leclercdrive.fr/image.ashx?id=2952463&use=l&cat=p&typeid=i","cat":312609},{"id":38524,"n":"Tendres perles Blé Tipiak Prêt en 5 min - 350g","p":1.48,"u":"4,23 €/KG","img":"https://fd2-photos.leclercdrive.fr/image.ashx?id=2640614&use=l&cat=p&typeid=i","cat":284429},{"id":38562,"n":"Cône Nestlé Extrême  Vanille de Madagascar x6 - 426g","p":3.36,"u":"7,89 €/KG","img":"https://fd2-photos.leclercdrive.fr/image.ashx?id=3000432&use=l&cat=p&typeid=i","cat":284264},{"id":38563,"n":"Cône Extrême Nestlé Chocolat intense 6x71g","p":3.5,"u":"8,22 €/KG","img":"https://fd2-photos.leclercdrive.fr/image.ashx?id=2353089&use=l&cat=p&typeid=i","cat":284264},{"id":38705,"n":"Chocolat Pâtissier Nestlé Dessert - 2x205g","p":5.74,"u":"14,00 €/KG","img":"https://fd2-photos.leclercdrive.fr/image.ashx?id=2959491&use=l&cat=p&typeid=i","cat":285562},{"id":38724,"n":"Madeleines coquilles NRT 330g","p":3.29,"u":"9,97 €/KG","img":"https://fd2-photos.leclercdrive.fr/image.ashx?id=2704903&use=l&cat=p&typeid=i","cat":284492},{"id":38735,"n":"Lait de douche Manava Lait et miel - 250ml","p":0.94,"u":"3,76 €/L","img":"https://fd2-photos.leclercdrive.fr/image.ashx?id=1628283&use=l&cat=p&typeid=i","cat":284594},{"id":38744,"n":"Beurre allégé Les Croisés Demi-sel - 60% MG - 250g","p":1.89,"u":"7,56 €/KG","img":"https://fd2-photos.leclercdrive.fr/image.ashx?id=2897787&use=l&cat=p&typeid=i","cat":284379},{"id":38764,"n":"Cidre artisanal Les Goelleries Brut 5,5% - 75cl","p":2.49,"u":"3,32 €/L","img":"https://fd2-photos.leclercdrive.fr/image.ashx?id=2842301&use=l&cat=p&typeid=i","cat":334880},{"id":38765,"n":"Soda Jean's Cola Cherry Bouteille - 1,5L","p":1.49,"u":"0,99 €/L","img":"https://fd2-photos.leclercdrive.fr/image.ashx?id=2957551&use=l&cat=p&typeid=i","cat":284530},{"id":38773,"n":"Pur jus d'orange Jafaden Avec pulpe - 1,5L","p":3.0,"u":"2,00 €/L","img":"https://fd2-photos.leclercdrive.fr/image.ashx?id=2796058&use=l&cat=p&typeid=i","cat":284521},{"id":38781,"n":"Mouchoirs blancs 4 plis Caresse Boîte mouchoirs papier - x80","p":1.1,"u":"0,01 €/P","img":"https://fd2-photos.leclercdrive.fr/image.ashx?id=2801049&use=l&cat=p&typeid=i","cat":284638},{"id":38786,"n":"Couches Huggies Little Swimmers Taille 2/3 - x20","p":11.87,"u":"0,59 €/P","img":"https://fd2-photos.leclercdrive.fr/image.ashx?id=2844706&use=l&cat=p&typeid=i","cat":290634},{"id":38787,"n":"Huggies® Little Swimmers® Maxipack Taille 5-6 x19","p":11.58,"u":"0,61 €/P","img":"https://fd2-photos.leclercdrive.fr/image.ashx?id=2844709&use=l&cat=p&typeid=i","cat":290634},{"id":38799,"n":"Essuie-tout Mimosa Demi-feuille - x3","p":4.9,"u":"1,63 €/P","img":"https://fd2-photos.leclercdrive.fr/image.ashx?id=2752625&use=l&cat=p&typeid=i","cat":284635},{"id":38802,"n":"Déodorant spray Manava Pierre d'alun/Aloe Vera - 100ml","p":1.44,"u":"14,40 €/L","img":"https://fd2-photos.leclercdrive.fr/image.ashx?id=3013609&use=l&cat=p&typeid=i","cat":284595},{"id":38804,"n":"Déodorant spray Manava Invisible 100ml","p":1.39,"u":"13,90 €/L","img":"https://fd2-photos.leclercdrive.fr/image.ashx?id=2692958&use=l&cat=p&typeid=i","cat":284595},{"id":38812,"n":"Pains au lait Pasquier x10 - 350g","p":1.4,"u":"4,00 €/KG","img":"https://fd2-photos.leclercdrive.fr/image.ashx?id=2576940&use=l&cat=p&typeid=i","cat":293505},{"id":38857,"n":"Fromage Boursin cuisine Ail & fines herbes - 240g","p":2.36,"u":"9,83 €/KG","img":"https://fd2-photos.leclercdrive.fr/image.ashx?id=2615418&use=l&cat=p&typeid=i","cat":314029},{"id":38868,"n":"Chips ondulées Pom'Lisse Poulet rôti - 135g","p":1.05,"u":"7,78 €/KG","img":"https://fd2-photos.leclercdrive.fr/image.ashx?id=2919625&use=l&cat=p&typeid=i","cat":284447},{"id":38869,"n":"Purée de tomates Turini Saveur basilic - 200g","p":0.79,"u":"3,95 €/KG","img":"https://fd2-photos.leclercdrive.fr/image.ashx?id=2174702&use=l&cat=p&typeid=i","cat":288384},{"id":38985,"n":"Beurre Grand Fermage  Demi-sel - 80% MG - 250g","p":2.61,"u":"10,44 €/KG","img":"https://fd2-photos.leclercdrive.fr/image.ashx?id=2915569&use=l&cat=p&typeid=i","cat":284379},{"id":39009,"n":"Pain de mie complet Epi d'Or Extra moelleux - 500g","p":1.79,"u":"3,58 €/KG","img":"https://fd2-photos.leclercdrive.fr/image.ashx?id=2860742&use=l&cat=p&typeid=i","cat":284477},{"id":39024,"n":"AOP Entre-deux-mers blanc Cuvée Hortense - 75cl","p":4.8,"pp":3.6,"u":"4,80 €/L","img":"https://fd2-photos.leclercdrive.fr/image.ashx?id=2516068&use=l&cat=p&typeid=i","cat":289557},{"id":39051,"n":"AOC Buzet rosé L'Excellence - 75cl","p":4.5,"u":"6,00 €/L","img":"https://fd2-photos.leclercdrive.fr/image.ashx?id=2833420&use=l&cat=p&typeid=i","cat":289558},{"id":39067,"n":"Tablettes lave vaisselle Sun Classic x60 - 570g","p":7.2,"u":"12,63 €/KG","img":"https://fd2-photos.leclercdrive.fr/image.ashx?id=2775745&use=l&cat=p&typeid=i","cat":284656},{"id":39107,"n":"Gel lavant Manava Savon de Marseille - 300ml","p":1.06,"u":"3,53 €/L","img":"https://fd2-photos.leclercdrive.fr/image.ashx?id=2935498&use=l&cat=p&typeid=i","cat":284597},{"id":39120,"n":"Eau minérale naturelle Vittel Bouchon sport - 6x75cl","p":2.98,"u":"0,66 €/L","img":"https://fd2-photos.leclercdrive.fr/image.ashx?id=2774478&use=l&cat=p&typeid=i","cat":284535},{"id":39122,"n":"Fromage de chèvre Soignon Bûche Sainte Maure - 300g","p":3.19,"u":"10,63 €/KG","img":"https://fd2-photos.leclercdrive.fr/image.ashx?id=2963331&use=l&cat=p&typeid=i","cat":314031},{"id":39155,"n":"Chips La classique Vico Nature - 6x27,5g","p":1.71,"u":"10,36 €/KG","img":"https://fd2-photos.leclercdrive.fr/image.ashx?id=2917813&use=l&cat=p&typeid=i","cat":284447},{"id":39172,"n":"AOP Cabernet d'Anjou vin rosé Les Caractères - 75cl","p":3.99,"u":"5,32 €/L","img":"https://fd2-photos.leclercdrive.fr/image.ashx?id=2908846&use=l&cat=p&typeid=i","cat":289558},{"id":39182,"n":"Pain de mie 100% Mie Harrys Complet sans croûte Maxi - 650g","p":2.37,"u":"3,65 €/KG","img":"https://fd2-photos.leclercdrive.fr/image.ashx?id=2517438&use=l&cat=p&typeid=i","cat":284477},{"id":39233,"n":"AOP Côtes de Provence rosé Estandon - 75cl","p":6.88,"u":"9,17 €/L","img":"https://fd2-photos.leclercdrive.fr/image.ashx?id=2868966&use=l&cat=p&typeid=i","cat":289558},{"id":39261,"n":"Cidre doux Les Goelleries 2%vol. - 3x33cl","p":3.35,"u":"3,38 €/L","img":"https://fd2-photos.leclercdrive.fr/image.ashx?id=2856528&use=l&cat=p&typeid=i","cat":334880},{"id":39266,"n":"AOP Corse vin rosé Terres Ocrées - 75cl","p":4.99,"u":"6,65 €/L","img":"https://fd2-photos.leclercdrive.fr/image.ashx?id=2865242&use=l&cat=p&typeid=i","cat":289558},{"id":39268,"n":"AOP Bergerac vin blanc sec Terrasses d'Autan - 75cl","p":2.99,"u":"3,99 €/L","img":"https://fd2-photos.leclercdrive.fr/image.ashx?id=2858108&use=l&cat=p&typeid=i","cat":289557},{"id":39338,"n":"Moutarde Savora Amora 385g","p":2.17,"u":"5,64 €/KG","img":"https://fd2-photos.leclercdrive.fr/image.ashx?id=2775685&use=l&cat=p&typeid=i","cat":288850},{"id":39339,"n":"Moutarde Amora Fine & douce - 190g","p":1.59,"u":"8,37 €/KG","img":"https://fd2-photos.leclercdrive.fr/image.ashx?id=2738791&use=l&cat=p&typeid=i","cat":288850},{"id":39376,"n":"Pur jus d'orange Tropicana Sans pulpe - 1,5L","p":3.38,"u":"2,25 €/L","img":"https://fd2-photos.leclercdrive.fr/image.ashx?id=2509637&use=l&cat=p&typeid=i","cat":284521},{"id":39388,"n":"Haricots verts Bio Village Bio - 360g","p":1.89,"u":"5,25 €/KG","img":"https://fd2-photos.leclercdrive.fr/image.ashx?id=3002659&use=l&cat=p&typeid=i","cat":312606},{"id":39389,"n":"Haricots beurre Notre Jardin Extra fins 1kg","p":2.29,"u":"2,29 €/KG","img":"https://fd2-photos.leclercdrive.fr/image.ashx?id=2431134&use=l&cat=p&typeid=i","cat":319805},{"id":39403,"n":"Joker Pur Jus Engagé Orange  sans pulpe - 1L","p":2.6,"u":"2,60 €/L","img":"https://fd2-photos.leclercdrive.fr/image.ashx?id=2984982&use=l&cat=p&typeid=i","cat":284521},{"id":39418,"n":"Boisson Sunny Delight Doux California - 1,25L","p":2.01,"u":"1,61 €/L","img":"https://fd2-photos.leclercdrive.fr/image.ashx?id=2309963&use=l&cat=p&typeid=i","cat":285435},{"id":39421,"n":"Jus innocent pomme 900ml","p":2.54,"u":"2,82 €/L","img":"https://fd2-photos.leclercdrive.fr/image.ashx?id=2891703&use=l&cat=p&typeid=i","cat":284354},{"id":39443,"n":"Jus innocent  orange avec pulpe 1.5L","p":3.78,"u":"2,52 €/L","img":"https://fd2-photos.leclercdrive.fr/image.ashx?id=2891223&use=l&cat=p&typeid=i","cat":285435},{"id":39444,"n":"Jus innocent orange avec pulpe 900ml","p":2.64,"u":"2,93 €/L","img":"https://fd2-photos.leclercdrive.fr/image.ashx?id=2891700&use=l&cat=p&typeid=i","cat":285435},{"id":39471,"n":"Mousse aux oeufs Bonne Maman Chocolat - 4x50g","p":2.36,"u":"11,80 €/KG","img":"https://fd2-photos.leclercdrive.fr/image.ashx?id=2571509&use=l&cat=p&typeid=i","cat":284417},{"id":39472,"n":"Mousse aux oeufs Bonne Maman Chocolat au lait - 4x50g","p":2.36,"u":"11,80 €/KG","img":"https://fd2-photos.leclercdrive.fr/image.ashx?id=2571512&use=l&cat=p&typeid=i","cat":284417},{"id":39475,"n":"Barre chocolatée Balisto Fruits des bois - x10 - 185g","p":2.76,"u":"14,92 €/KG","img":"https://fd2-photos.leclercdrive.fr/image.ashx?id=1930983&use=l&cat=p&typeid=i","cat":284498},{"id":39479,"n":"Cacahuètes à l'ancienne Tokapi Grillées et salées - 400g","p":2.45,"u":"6,13 €/KG","img":"https://fd2-photos.leclercdrive.fr/image.ashx?id=1510316&use=l&cat=p&typeid=i","cat":284448},{"id":39480,"n":"Chips ondulées Pom'Lisse Nature - 6x30g","p":1.57,"u":"8,72 €/KG","img":"https://fd2-photos.leclercdrive.fr/image.ashx?id=2728246&use=l&cat=p&typeid=i","cat":284447},{"id":39485,"n":"Barre chocolatée Balisto Miel amande - x10 barres - 185g","p":2.92,"u":"15,78 €/KG","img":"https://fd2-photos.leclercdrive.fr/image.ashx?id=1930977&use=l&cat=p&typeid=i","cat":284498},{"id":39497,"n":"Barre chocolatée P'tit Déli Bille de riz - 162g","p":1.5,"u":"9,26 €/KG","img":"https://fd2-photos.leclercdrive.fr/image.ashx?id=2529599&use=l&cat=p&typeid=i","cat":284488},{"id":39498,"n":"Biscottes Epi d'Or Gout brioché x36 - 300g","p":1.51,"u":"5,03 €/KG","img":"https://fd2-photos.leclercdrive.fr/image.ashx?id=2684028&use=l&cat=p&typeid=i","cat":284479},{"id":39502,"n":"Biscuits Cookies P'tit Déli Coeur fondant noisette - 200g","p":1.44,"u":"7,20 €/KG","img":"https://fd2-photos.leclercdrive.fr/image.ashx?id=2577296&use=l&cat=p&typeid=i","cat":325066},{"id":39503,"n":"Chocolat Pâtissier Tablette dOr Praliné - 200g","p":2.15,"u":"10,75 €/KG","img":"https://fd2-photos.leclercdrive.fr/image.ashx?id=2565619&use=l&cat=p&typeid=i","cat":285562},{"id":39507,"n":"Moutarde Rustica Douce - 435g","p":1.39,"u":"3,20 €/KG","img":"https://fd2-photos.leclercdrive.fr/image.ashx?id=2052019&use=l&cat=p&typeid=i","cat":288850},{"id":39508,"n":"Mini canapés Epi d'Or Nature - 255g","p":1.12,"u":"4,39 €/KG","img":"https://fd2-photos.leclercdrive.fr/image.ashx?id=2129233&use=l&cat=p&typeid=i","cat":285454},{"id":39513,"n":"Soupe Velouté Régal  Poireaux St Jacques - 1L","p":3.8,"u":"3,80 €/L","img":"https://fd2-photos.leclercdrive.fr/image.ashx?id=2074987&use=l&cat=p&typeid=i","cat":284462},{"id":39517,"n":"Thé vert Twinings Citron x25 sachets -50g","p":2.14,"u":"42,80 €/KG","img":"https://fd2-photos.leclercdrive.fr/image.ashx?id=2893012&use=l&cat=p&typeid=i","cat":293233},{"id":39521,"n":"Cacahuètes enrobées Tokapi Salées - 150g","p":0.85,"u":"5,67 €/KG","img":"https://fd2-photos.leclercdrive.fr/image.ashx?id=1957812&use=l&cat=p&typeid=i","cat":284448},{"id":39522,"n":"Cacahuètes enrobées Tokapi Bacon - 150g","p":0.85,"u":"5,67 €/KG","img":"https://fd2-photos.leclercdrive.fr/image.ashx?id=1951858&use=l&cat=p&typeid=i","cat":284448},{"id":39524,"n":"Cacahuètes enrobées Tokapi Epicées - 150g","p":0.85,"u":"5,67 €/KG","img":"https://fd2-photos.leclercdrive.fr/image.ashx?id=2033239&use=l&cat=p&typeid=i","cat":284448},{"id":39529,"n":"Jus de citron Rustica Sicile - 50cl","p":1.67,"u":"3,34 €/L","img":"https://fd2-photos.leclercdrive.fr/image.ashx?id=2974804&use=l&cat=p&typeid=i","cat":288383},{"id":39530,"n":"Dessert bébé BabyBio Bio 6 mois Pomme / Fraise - 260g","p":1.9,"u":"7,31 €/KG","img":"https://fd2-photos.leclercdrive.fr/image.ashx?id=2827509&use=l&cat=p&typeid=i","cat":312388},{"id":39531,"n":"Compote bébé Babybio Bio 4 mois Pomme / Mangue - 260g","p":1.9,"u":"7,31 €/KG","img":"https://fd2-photos.leclercdrive.fr/image.ashx?id=2827500&use=l&cat=p&typeid=i","cat":312387},{"id":39534,"n":"Barres énergétiques Ovomaltine x5 barres - 100g","p":2.42,"u":"24,20 €/KG","img":"https://fd2-photos.leclercdrive.fr/image.ashx?id=2413029&use=l&cat=p&typeid=i","cat":318652},{"id":39545,"n":"Soupe Poule au pot Régal Soupe  Déshydratée - 72g","p":0.84,"u":"11,67 €/KG","img":"https://fd2-photos.leclercdrive.fr/image.ashx?id=2656381&use=l&cat=p&typeid=i","cat":284463},{"id":39547,"n":"Duo Haricots verts et beurre Notre Jardin - 225g","p":1.03,"u":"4,58 €/KG","img":"https://fd2-photos.leclercdrive.fr/image.ashx?id=2988060&use=l&cat=p&typeid=i","cat":312606},{"id":39548,"n":"Haricots verts Notre Jardin Extra fins - 3x110g","p":1.83,"u":"5,55 €/KG","img":"https://fd2-photos.leclercdrive.fr/image.ashx?id=2472514&use=l&cat=p&typeid=i","cat":312606},{"id":39550,"n":"Sirop d'agave bio Bio Village 345g","p":1.99,"u":"5,77 €/KG","img":"https://fd2-photos.leclercdrive.fr/image.ashx?id=2175777&use=l&cat=p&typeid=i","cat":287643},{"id":39554,"n":"Mélange 4 champignons N.Jardin 230g","p":2.57,"u":"11,17 €/KG","img":"https://fd2-photos.leclercdrive.fr/image.ashx?id=2072719&use=l&cat=p&typeid=i","cat":312610},{"id":39555,"n":"Repas bébé bio Babybio - 6 mois Veau / Légumes - 2x200g","p":3.1,"u":"7,75 €/KG","img":"https://fd2-photos.leclercdrive.fr/image.ashx?id=2850545&use=l&cat=p&typeid=i","cat":312236},{"id":39556,"n":"Gaufres liégeoises P'tit Déli Sucrées - 550g","p":2.69,"u":"4,89 €/KG","img":"https://fd2-photos.leclercdrive.fr/image.ashx?id=2430219&use=l&cat=p&typeid=i","cat":294777},{"id":39558,"n":"Croquettes chat Tous mes amis Stérilisés - 2kg","p":3.24,"u":"1,62 €/KG","img":"https://fd2-photos.leclercdrive.fr/image.ashx?id=2301490&use=l&cat=p&typeid=i","cat":284680},{"id":39559,"n":"Céréales Jordans Spécial Muesli Fruits et Noix - 750g","p":3.42,"u":"4,56 €/KG","img":"https://fd2-photos.leclercdrive.fr/image.ashx?id=2966770&use=l&cat=p&typeid=i","cat":309512},{"id":39560,"n":"Duo Haricots verts et beurre Notre Jardin - 455g","p":1.99,"u":"4,37 €/KG","img":"https://fd2-photos.leclercdrive.fr/image.ashx?id=2291408&use=l&cat=p&typeid=i","cat":312606},{"id":39562,"n":"Céréales Bio Jordans Muesli - 500g","p":2.88,"u":"5,76 €/KG","img":"https://fd2-photos.leclercdrive.fr/image.ashx?id=2475897&use=l&cat=p&typeid=i","cat":309512},{"id":39566,"n":"Repas bébé Babynat 6 mois Cabillaud Légumes - 2x200g","p":3.19,"u":"7,98 €/KG","img":"https://fd2-photos.leclercdrive.fr/image.ashx?id=2832008&use=l&cat=p&typeid=i","cat":312235},{"id":39569,"n":"Céréales Jordans Country Crisp Chocolat Noir 70% - 550g","p":3.56,"u":"6,47 €/KG","img":"https://fd2-photos.leclercdrive.fr/image.ashx?id=3000836&use=l&cat=p&typeid=i","cat":309512},{"id":39570,"n":"Céréales Jordans Country Crisp 4 Noix - 550g","p":2.97,"u":"5,40 €/KG","img":"https://fd2-photos.leclercdrive.fr/image.ashx?id=2973487&use=l&cat=p&typeid=i","cat":309512},{"id":39616,"n":"Sirop Moulin de Valdonne Fraise - 70cl","p":3.25,"u":"4,64 €/L","img":"https://fd2-photos.leclercdrive.fr/image.ashx?id=2170559&use=l&cat=p&typeid=i","cat":295020},{"id":39617,"n":"Sirop Moulin de Valdonne Menthe - 70cl","p":2.97,"u":"4,24 €/L","img":"https://fd2-photos.leclercdrive.fr/image.ashx?id=2170550&use=l&cat=p&typeid=i","cat":295020},{"id":39621,"n":"Boisson énergisante Red Bull 4x355ml","p":6.11,"u":"4,30 €/L","img":"https://fd2-photos.leclercdrive.fr/image.ashx?id=3011983&use=l&cat=p&typeid=i","cat":284533},{"id":39743,"n":"Bière blonde 8.6 Gold Canette 50cl - 8.6%vol","p":1.55,"u":"3,10 €/L","img":"https://fd2-photos.leclercdrive.fr/image.ashx?id=1883591&use=l&cat=p&typeid=i","cat":334853},{"id":39777,"n":"AOP Crémant d'Alsace Blanc Brut Arthur Metz - 75cl","p":6.9,"u":"9,20 €/L","img":"https://fd2-photos.leclercdrive.fr/image.ashx?id=2422926&use=l&cat=p&typeid=i","cat":284544},{"id":39827,"n":"Sauce Algerienne Colona 500ml","p":2.96,"u":"5,92 €/L","img":"https://fd2-photos.leclercdrive.fr/image.ashx?id=2687182&use=l&cat=p&typeid=i","cat":318431},{"id":39856,"n":"Sirop Frucci  Citron vert - 75cl","p":3.29,"u":"4,39 €/L","img":"https://fd2-photos.leclercdrive.fr/image.ashx?id=2842307&use=l&cat=p&typeid=i","cat":295020},{"id":39903,"n":"Pâté de campagne à l'Andouille NRT -180g","p":1.98,"u":"11,00 €/KG","img":"https://fd2-photos.leclercdrive.fr/image.ashx?id=2560512&use=l&cat=p&typeid=i","cat":305149},{"id":39934,"n":"Yaourts à la Grecque Délisse Nature - 8x125g","p":2.15,"u":"2,15 €/KG","img":"https://fd2-photos.leclercdrive.fr/image.ashx?id=2699480&use=l&cat=p&typeid=i","cat":314999},{"id":39946,"n":"Crème de nuit L'Oréal Paris Revitalift anti-rides - 50ml","p":7.72,"u":"154,40 €/L","img":"https://fd2-photos.leclercdrive.fr/image.ashx?id=2865869&use=l&cat=p&typeid=i","cat":325345},{"id":39950,"n":"Yaourts Lait de brebis Délisse Nature - 4x125g","p":2.19,"u":"4,38 €/KG","img":"https://fd2-photos.leclercdrive.fr/image.ashx?id=1872007&use=l&cat=p&typeid=i","cat":314998},{"id":39951,"n":"Crème dessert Délisse Pistache - 4x125g","p":0.89,"u":"1,78 €/KG","img":"https://fd2-photos.leclercdrive.fr/image.ashx?id=2441333&use=l&cat=p&typeid=i","cat":285041},{"id":39953,"n":"crème dessert chocolat danette pop billes 3 chocolats - 4x117g","p":2.41,"u":"5,15 €/KG","img":"https://fd2-photos.leclercdrive.fr/image.ashx?id=2926230&use=l&cat=p&typeid=i","cat":285041},{"id":39954,"n":"Crème dessert vanille Danette  Billes 3 chocolats - 4x117g","p":2.41,"u":"5,15 €/KG","img":"https://fd2-photos.leclercdrive.fr/image.ashx?id=2926227&use=l&cat=p&typeid=i","cat":285041},{"id":39961,"n":"Emiettés de sardines Gastromer Citron - 150g","p":1.99,"pp":1.31,"u":"8,73 €/KG","img":"https://fd2-photos.leclercdrive.fr/image.ashx?id=1605758&use=l&cat=p&typeid=i","cat":285191},{"id":39967,"n":"Poivre gris moulu Ducros n°7 - 90g","p":2.93,"u":"32,56 €/KG","img":"https://fd2-photos.leclercdrive.fr/image.ashx?id=2983207&use=l&cat=p&typeid=i","cat":284457},{"id":39970,"n":"Poivre noir moulu Ducros N°8 - 38g","p":2.15,"u":"56,58 €/KG","img":"https://fd2-photos.leclercdrive.fr/image.ashx?id=2311051&use=l&cat=p&typeid=i","cat":284457},{"id":39972,"n":"Basilic Ducros 11g","p":1.77,"u":"160,91 €/KG","img":"https://fd2-photos.leclercdrive.fr/image.ashx?id=2559469&use=l&cat=p&typeid=i","cat":298297},{"id":39973,"n":"Plat bébé Blédina 12 mois  Boulghour tomate saumon -2x200g","p":2.7,"u":"6,75 €/KG","img":"https://fd2-photos.leclercdrive.fr/image.ashx?id=2975083&use=l&cat=p&typeid=i","cat":312237},{"id":39974,"n":"Plat bébé Blédina 6 mois  Purée butternut poulet - 2x200g","p":2.72,"u":"6,80 €/KG","img":"https://fd2-photos.leclercdrive.fr/image.ashx?id=2975080&use=l&cat=p&typeid=i","cat":312236},{"id":39988,"n":"Crème de douche Manava Douceur de crème - 250ml","p":1.05,"u":"4,20 €/L","img":"https://fd2-photos.leclercdrive.fr/image.ashx?id=2699282&use=l&cat=p&typeid=i","cat":284594},{"id":39989,"n":"Savon douceur Manava 1/4 de crème 100g","p":0.93,"u":"9,30 €/KG","img":"https://fd2-photos.leclercdrive.fr/image.ashx?id=2331318&use=l&cat=p&typeid=i","cat":284597},{"id":39992,"n":"Gel douche Manava Monoï de Polynésie 250ml","p":1.15,"u":"4,60 €/L","img":"https://fd2-photos.leclercdrive.fr/image.ashx?id=2626805&use=l&cat=p&typeid=i","cat":284594},{"id":39995,"n":"Recharge gel lavant Manava Savon de Marseil. Olive - 250ml","p":0.66,"u":"2,64 €/L","img":"https://fd2-photos.leclercdrive.fr/image.ashx?id=2935501&use=l&cat=p&typeid=i","cat":284597},{"id":40004,"n":"Saucisson Mini Justin Bridou  Bâton de Berger - 100g","p":2.05,"u":"20,50 €/KG","img":"https://fd2-photos.leclercdrive.fr/image.ashx?id=3011440&use=l&cat=p&typeid=i","cat":316006},{"id":40006,"n":"Houmous Extra l'Atelier Blini 175g","p":2.7,"u":"15,43 €/KG","img":"https://fd2-photos.leclercdrive.fr/image.ashx?id=2795093&use=l&cat=p&typeid=i","cat":315999},{"id":40010,"n":"Emiettés de thon chorizo  Gastromer - 150g","p":1.99,"pp":1.31,"u":"8,73 €/KG","img":"https://fd2-photos.leclercdrive.fr/image.ashx?id=2049910&use=l&cat=p&typeid=i","cat":285191},{"id":40015,"n":"Tarama Blini Extra - 175g","p":3.0,"u":"17,14 €/KG","img":"https://fd2-photos.leclercdrive.fr/image.ashx?id=2795096&use=l&cat=p&typeid=i","cat":315999},{"id":40017,"n":"Tzatziki Blini Extra - 175g","p":2.64,"u":"15,09 €/KG","img":"https://fd2-photos.leclercdrive.fr/image.ashx?id=2973703&use=l&cat=p&typeid=i","cat":315999},{"id":40027,"n":"Tartinable Thon Cap Océan MSC Fromage Frais Ciboulette - 140g","p":1.88,"u":"13,43 €/KG","img":"https://fd2-photos.leclercdrive.fr/image.ashx?id=2434425&use=l&cat=p&typeid=i","cat":285191},{"id":40033,"n":"Yaourt nature sucré Yoplait - 16x125g","p":3.25,"u":"1,63 €/KG","img":"https://fd2-photos.leclercdrive.fr/image.ashx?id=2796821&use=l&cat=p&typeid=i","cat":284409},{"id":40034,"n":"Menthe Pastille Giffard 24%vol - 70cl","p":11.85,"pp":10.85,"u":"15,50 €/L","img":"https://fd2-photos.leclercdrive.fr/image.ashx?id=2529903&use=l&cat=p&typeid=i","cat":286032},{"id":40036,"n":"Pâtes nouilles Mamee Instantanées poulet -Sachet 85g","p":0.73,"u":"8,59 €/KG","img":"https://fd2-photos.leclercdrive.fr/image.ashx?id=2211851&use=l&cat=p&typeid=i","cat":288992},{"id":40037,"n":"Pâtes nouilles Mamee Instantanées boeuf - Sachet 85g","p":0.68,"u":"8,00 €/KG","img":"https://fd2-photos.leclercdrive.fr/image.ashx?id=1782236&use=l&cat=p&typeid=i","cat":288992},{"id":40038,"n":"Bière Lindemans Kriek 3.5%vol. - 25cl","p":1.67,"u":"6,68 €/L","img":"https://fd2-photos.leclercdrive.fr/image.ashx?id=2830894&use=l&cat=p&typeid=i","cat":334872},{"id":40044,"n":"Fromage AOP Morbier St Roch Au lait cru - 160g","p":2.97,"u":"18,56 €/KG","img":"https://fd2-photos.leclercdrive.fr/image.ashx?id=2326871&use=l&cat=p&typeid=i","cat":329184},{"id":40051,"n":"Crêpes bretonnes Saint Michel Nature - x12 - 315g","p":2.31,"u":"7,33 €/KG","img":"https://fd2-photos.leclercdrive.fr/image.ashx?id=2060238&use=l&cat=p&typeid=i","cat":284494},{"id":40072,"n":"Bières Lancelot 5,58% - 6x33cl","p":10.04,"u":"5,07 €/L","img":"https://fd2-photos.leclercdrive.fr/image.ashx?id=1863642&use=l&cat=p&typeid=i","cat":334872},{"id":40081,"n":"Rillettes de canard Tradilège 220g","p":2.75,"u":"12,50 €/KG","img":"https://fd2-photos.leclercdrive.fr/image.ashx?id=2560575&use=l&cat=p&typeid=i","cat":316008},{"id":40089,"n":"Gel douche Manava Cranberry myrtille - 250ml","p":1.15,"u":"4,60 €/L","img":"https://fd2-photos.leclercdrive.fr/image.ashx?id=1961455&use=l&cat=p&typeid=i","cat":284594},{"id":40090,"n":"Lait corps Inell Nourrissant - 250ml","p":2.33,"u":"9,32 €/L","img":"https://fd2-photos.leclercdrive.fr/image.ashx?id=1732820&use=l&cat=p&typeid=i","cat":325349},{"id":40092,"n":"Saucisson sec Saint Azay Stick au noix 100g","p":1.99,"u":"19,90 €/KG","img":"https://fd2-photos.leclercdrive.fr/image.ashx?id=2469565&use=l&cat=p&typeid=i","cat":316006},{"id":40094,"n":"Saucissons secs Saint Azay Stick nature 100g","p":1.99,"u":"19,90 €/KG","img":"https://fd2-photos.leclercdrive.fr/image.ashx?id=2977162&use=l&cat=p&typeid=i","cat":316006},{"id":40101,"n":"Saucisson Saint-Azay  Fuet Catalan - 170 g","p":2.09,"u":"12,29 €/KG","img":"https://fd2-photos.leclercdrive.fr/image.ashx?id=2856302&use=l&cat=p&typeid=i","cat":316006},{"id":40103,"n":"Aiguillettes poulet jaune Volandrie - 210g","p":2.95,"u":"14,05 €/KG","img":"https://fd2-photos.leclercdrive.fr/image.ashx?id=2595930&use=l&cat=p&typeid=i","cat":284336},{"id":40106,"n":"Aiguillettes poulet blanc Volandrie - 210g","p":2.95,"u":"14,05 €/KG","img":"https://fd2-photos.leclercdrive.fr/image.ashx?id=2647883&use=l&cat=p&typeid=i","cat":284336},{"id":40117,"n":"Purée de pomme bio Planet Bio  630g","p":3.03,"u":"4,81 €/KG","img":"https://fd2-photos.leclercdrive.fr/image.ashx?id=2472297&use=l&cat=p&typeid=i","cat":284508},{"id":40122,"n":"AOP Côtes de Provence vin rosé Terres Ocrées - 75cl - 13%","p":4.99,"u":"6,65 €/L","img":"https://fd2-photos.leclercdrive.fr/image.ashx?id=2896895&use=l&cat=p&typeid=i","cat":289558},{"id":40133,"n":"Gaufrettes Paille d'Or LU Framboise - 170g","p":1.8,"u":"10,59 €/KG","img":"https://fd2-photos.leclercdrive.fr/image.ashx?id=2883753&use=l&cat=p&typeid=i","cat":284489},{"id":40134,"n":"Biscottes Heudebert  Nature - 830g","p":3.27,"u":"3,94 €/KG","img":"https://fd2-photos.leclercdrive.fr/image.ashx?id=2473705&use=l&cat=p&typeid=i","cat":284479},{"id":40135,"n":"Biscottes Heudebert  Nature - 300g","p":1.38,"u":"4,60 €/KG","img":"https://fd2-photos.leclercdrive.fr/image.ashx?id=2368291&use=l&cat=p&typeid=i","cat":284479},{"id":40137,"n":"Biscuits Pocket Petit Ecolier  LU Chocolat au lait - 250g","p":2.64,"u":"10,56 €/KG","img":"https://fd2-photos.leclercdrive.fr/image.ashx?id=3005326&use=l&cat=p&typeid=i","cat":284488},{"id":40138,"n":"Biscuits Petit Ecolier Chocolat au lait - 150g","p":1.65,"u":"11,00 €/KG","img":"https://fd2-photos.leclercdrive.fr/image.ashx?id=2323844&use=l&cat=p&typeid=i","cat":284488},{"id":40142,"n":"Compote Douceur du Verger Coupelle multivariétés -16x100g","p":3.99,"u":"2,49 €/KG","img":"https://fd2-photos.leclercdrive.fr/image.ashx?id=2663533&use=l&cat=p&typeid=i","cat":284508},{"id":40172,"n":"Mogettes Recettes d'Autrefois Paysannes - 830g","p":2.9,"u":"3,49 €/KG","img":"https://fd2-photos.leclercdrive.fr/image.ashx?id=1793298&use=l&cat=p&typeid=i","cat":312606},{"id":40173,"n":"Préfou Paso Tomate basilic - 350g","p":3.76,"img":"https://fd2-photos.leclercdrive.fr/image.ashx?id=2676765&use=l&cat=p&typeid=i","cat":316003},{"id":40174,"n":"Brioche tressée Délice Alouette 1kg","p":7.02,"u":"7,02 €/KG","img":"https://fd2-photos.leclercdrive.fr/image.ashx?id=2750474&use=l&cat=p&typeid=i","cat":284478},{"id":40180,"n":"Emiettés surimi crabe Gastromer 150g","p":1.99,"pp":1.31,"u":"8,73 €/KG","img":"https://fd2-photos.leclercdrive.fr/image.ashx?id=1605662&use=l&cat=p&typeid=i","cat":285191},{"id":40188,"n":"Andouilles Saveurs des Mauges x10 150g","p":2.92,"u":"19,47 €/KG","img":"https://fd2-photos.leclercdrive.fr/image.ashx?id=2746264&use=l&cat=p&typeid=i","cat":316012},{"id":40214,"n":"Sauce Pesto Barilla Basilic et Roquette - 190g","p":1.86,"u":"9,79 €/KG","img":"https://fd2-photos.leclercdrive.fr/image.ashx?id=2457980&use=l&cat=p&typeid=i","cat":287599},{"id":40215,"n":"Petit pot soir Babybio Bio P.pois maïs riz, 6 mois 2x200g","p":2.66,"u":"6,65 €/KG","img":"https://fd2-photos.leclercdrive.fr/image.ashx?id=2827476&use=l&cat=p&typeid=i","cat":312239},{"id":40217,"n":"Petits pots Babybio Bio Légumes jambon - 8mois 2x200g","p":3.0,"u":"7,50 €/KG","img":"https://fd2-photos.leclercdrive.fr/image.ashx?id=2838464&use=l&cat=p&typeid=i","cat":312236},{"id":40278,"n":"Barres glacées Twix  Caramel & Biscuit x6 - 205g","p":2.74,"u":"13,37 €/KG","img":"https://fd2-photos.leclercdrive.fr/image.ashx?id=2906742&use=l&cat=p&typeid=i","cat":284264},{"id":40279,"n":"Jus innocent orange sans pulpe 900ml","p":2.28,"u":"2,53 €/L","img":"https://fd2-photos.leclercdrive.fr/image.ashx?id=2736583&use=l&cat=p&typeid=i","cat":285435},{"id":40289,"n":"Concombre La Belle Henriette Epluché à la crème - 300g","p":2.35,"u":"7,83 €/KG","img":"https://fd2-photos.leclercdrive.fr/image.ashx?id=2973769&use=l&cat=p&typeid=i","cat":333657},{"id":40313,"n":"Madeleines marbrées P'tit Déli Chocolat 400g","p":2.15,"u":"5,38 €/KG","img":"https://fd2-photos.leclercdrive.fr/image.ashx?id=2646065&use=l&cat=p&typeid=i","cat":284492},{"id":40329,"n":"Chocolat en poudre Equador Pur Cacao non sucré - 250g","p":3.28,"u":"13,12 €/KG","img":"https://fd2-photos.leclercdrive.fr/image.ashx?id=1680511&use=l&cat=p&typeid=i","cat":284504},{"id":40332,"n":"Bière aromatisée Desperados 5.9%vol. - 20x25cl","p":17.92,"u":"3,58 €/L","img":"https://fd2-photos.leclercdrive.fr/image.ashx?id=2977300&use=l&cat=p&typeid=i","cat":334878},{"id":40336,"n":"Bière blonde Heineken 12x33cl","p":11.3,"u":"2,85 €/L","img":"https://fd2-photos.leclercdrive.fr/image.ashx?id=3008110&use=l&cat=p&typeid=i","cat":334873},{"id":40412,"n":"Thon entier Petit Navire Huile de tournesol - 160g","p":1.87,"u":"11,69 €/KG","img":"https://fd2-photos.leclercdrive.fr/image.ashx?id=2523846&use=l&cat=p&typeid=i","cat":303867},{"id":40490,"n":"Compote Andros Pomme abricot - 8x100g","p":2.51,"u":"3,14 €/KG","img":"https://fd2-photos.leclercdrive.fr/image.ashx?id=2968097&use=l&cat=p&typeid=i","cat":284416},{"id":40491,"n":"Compotes Andros Pomme poire 8x100g","p":2.76,"u":"3,45 €/KG","img":"https://fd2-photos.leclercdrive.fr/image.ashx?id=2883943&use=l&cat=p&typeid=i","cat":284416},{"id":40494,"n":"Compotes Andros Pomme châtaigne 8x100g","p":2.85,"u":"3,56 €/KG","img":"https://fd2-photos.leclercdrive.fr/image.ashx?id=2988611&use=l&cat=p&typeid=i","cat":284416},{"id":40516,"n":"Compote Douceur du Verger Gourdes multivariétés - 12x90g","p":4.09,"u":"3,79 €/KG","img":"https://fd2-photos.leclercdrive.fr/image.ashx?id=2837048&use=l&cat=p&typeid=i","cat":284508},{"id":40518,"n":"Kit burritos Old El Paso extra doux - 491g","p":4.51,"u":"9,19 €/KG","img":"https://fd2-photos.leclercdrive.fr/image.ashx?id=2759496&use=l&cat=p&typeid=i","cat":288993},{"id":40519,"n":"Kit fajitas Old El Paso extra doux - 478g","p":4.79,"u":"10,02 €/KG","img":"https://fd2-photos.leclercdrive.fr/image.ashx?id=2765405&use=l&cat=p&typeid=i","cat":288993},{"id":40521,"n":"Terreau horticole Algo Soldor 50L","p":6.5,"u":"0,13 €/L","img":"https://fd2-photos.leclercdrive.fr/image.ashx?id=2657421&use=l&cat=p&typeid=i","cat":335919},{"id":40573,"n":"Tablette chocolat Milka Chocolat lait/Noisette - 2x100g","p":3.34,"u":"16,70 €/KG","img":"https://fd2-photos.leclercdrive.fr/image.ashx?id=2832422&use=l&cat=p&typeid=i","cat":284497},{"id":40612,"n":"Fromage de Brebis Etorki  180g","p":3.36,"u":"18,67 €/KG","img":"https://fd2-photos.leclercdrive.fr/image.ashx?id=2702816&use=l&cat=p&typeid=i","cat":329184},{"id":40620,"n":"Jus innocent  orange sans pulpe 1.5L","p":3.31,"u":"2,21 €/L","img":"https://fd2-photos.leclercdrive.fr/image.ashx?id=2889811&use=l&cat=p&typeid=i","cat":285435},{"id":40627,"n":"AOC Rosé d'Anjou vin rosé Les Caractères - 75cl","p":3.89,"u":"5,19 €/L","img":"https://fd2-photos.leclercdrive.fr/image.ashx?id=2925707&use=l&cat=p&typeid=i","cat":289558},{"id":40628,"n":"AOC vin rouge Bergerac Bio Terrasses d'Autan - 75cl","p":3.99,"u":"5,32 €/L","img":"https://fd2-photos.leclercdrive.fr/image.ashx?id=2900202&use=l&cat=p&typeid=i","cat":289556},{"id":40631,"n":"Levure Chimique Alsacienne alsa 8 sachets - 88g","p":0.68,"u":"7,73 €/KG","img":"https://fd2-photos.leclercdrive.fr/image.ashx?id=3009335&use=l&cat=p&typeid=i","cat":294686},{"id":40633,"n":"IGP Var rosé Restanques - 75cl","p":3.37,"u":"4,49 €/L","img":"https://fd2-photos.leclercdrive.fr/image.ashx?id=2753070&use=l&cat=p&typeid=i","cat":289558},{"id":40642,"n":"AOP Faugères Vin rosé Cuvée Anne Sophie - 75cl","p":4.2,"u":"5,60 €/L","img":"https://fd2-photos.leclercdrive.fr/image.ashx?id=1877294&use=l&cat=p&typeid=i","cat":289558},{"id":40649,"n":"Pansement Primoplast Transparents x40","p":0.99,"u":"0,02 €/P","img":"https://fd2-photos.leclercdrive.fr/image.ashx?id=2832957&use=l&cat=p&typeid=i","cat":284630},{"id":40656,"n":"Gel douche Manava Surgras - 500ml","p":1.85,"u":"3,70 €/L","img":"https://fd2-photos.leclercdrive.fr/image.ashx?id=2799239&use=l&cat=p&typeid=i","cat":284594},{"id":40657,"n":"Gel douche Manava Hypoallergenique - 500ml","p":1.85,"u":"3,70 €/L","img":"https://fd2-photos.leclercdrive.fr/image.ashx?id=2799165&use=l&cat=p&typeid=i","cat":284594},{"id":40666,"n":"Antiseptique Primoplast Spray - 100ml","p":2.4,"u":"24,00 €/L","img":"https://fd2-photos.leclercdrive.fr/image.ashx?id=1724578&use=l&cat=p&typeid=i","cat":284630},{"id":40676,"n":"Beurre Tendre Président Demi-sel - 80% MG - 250g","p":3.25,"u":"13,00 €/KG","img":"https://fd2-photos.leclercdrive.fr/image.ashx?id=2731420&use=l&cat=p&typeid=i","cat":284379},{"id":40708,"n":"IGP Gard vin rosé Rives & Terrasses 12% vol - BIB 5L","p":13.99,"u":"2,80 €/L","img":"https://fd2-photos.leclercdrive.fr/image.ashx?id=2882325&use=l&cat=p&typeid=i","cat":289560},{"id":40716,"n":"Coton Mots d'Enfants Bébé 2x80","p":3.58,"u":"0,02 €/P","img":"https://fd2-photos.leclercdrive.fr/image.ashx?id=2691288&use=l&cat=p&typeid=i","cat":284739},{"id":40774,"n":"Lingettes nettoyantes La Croix Désinfectant Javel - x 25","p":1.47,"u":"0,06 €/P","img":"https://fd2-photos.leclercdrive.fr/image.ashx?id=2540106&use=l&cat=p&typeid=i","cat":325358},{"id":40776,"n":"Détachant avant lavage K2R  Tâche incrustée mousse  - 400mL","p":2.65,"u":"6,63 €/L","img":"https://fd2-photos.leclercdrive.fr/image.ashx?id=2101177&use=l&cat=p&typeid=i","cat":284651},{"id":40786,"n":"Riz au lait Bio Bio Village Vanille - 4x100g","p":1.79,"u":"4,48 €/KG","img":"https://fd2-photos.leclercdrive.fr/image.ashx?id=2992636&use=l&cat=p&typeid=i","cat":284418},{"id":40789,"n":"Yaourts à boire Délisse Fraise - 8x100g","p":1.95,"u":"2,44 €/KG","img":"https://fd2-photos.leclercdrive.fr/image.ashx?id=2762504&use=l&cat=p&typeid=i","cat":284415},{"id":40799,"n":"Cylindre d'échange CO2 Sodastream - à visser - 60L","p":9.98,"img":"https://fd2-photos.leclercdrive.fr/image.ashx?id=2858690&use=l&cat=p&typeid=i","cat":335916},{"id":40828,"n":"Cornets La Basquaise x18 - 58g","p":2.33,"u":"40,17 €/KG","img":"https://fd2-photos.leclercdrive.fr/image.ashx?id=2983273&use=l&cat=p&typeid=i","cat":284487},{"id":40872,"n":"Ecrasé de légumes Florette Pomme de terre carottes 2x200g","p":2.96,"u":"7,40 €/KG","img":"https://fd2-photos.leclercdrive.fr/image.ashx?id=2767696&use=l&cat=p&typeid=i","cat":333665},{"id":40904,"n":"Pesto rosso Turini 190g","p":1.68,"u":"8,84 €/KG","img":"https://fd2-photos.leclercdrive.fr/image.ashx?id=2546257&use=l&cat=p&typeid=i","cat":287599},{"id":40908,"n":"Sauce pizza Tomapizza Panzani aux tomates et origan - 390g","p":1.32,"u":"3,38 €/KG","img":"https://fd2-photos.leclercdrive.fr/image.ashx?id=2744626&use=l&cat=p&typeid=i","cat":288384},{"id":40931,"n":"Whisky Aberlour 12 ans Single Malt Scotch 40% vol 70cl","p":30.61,"u":"43,73 €/L","img":"https://fd2-photos.leclercdrive.fr/image.ashx?id=2999847&use=l&cat=p&typeid=i","cat":284547},{"id":40946,"n":"Whisky Chivas Regal 18 ans Blended Scotch 40% vol - 70cl","p":50.9,"pp":45.81,"u":"65,44 €/L","img":"https://fd2-photos.leclercdrive.fr/image.ashx?id=2884084&use=l&cat=p&typeid=i","cat":284547},{"id":40967,"n":"AOP Bourgogne Aligoté vin blanc Antoine Barrier - 75cl","p":6.49,"u":"8,65 €/L","img":"https://fd2-photos.leclercdrive.fr/image.ashx?id=2883011&use=l&cat=p&typeid=i","cat":289557},{"id":40968,"n":"AOP Bordeaux Supérieur rouge Château Labatut Prestige - 75cl","p":5.9,"u":"7,87 €/L","img":"https://fd2-photos.leclercdrive.fr/image.ashx?id=2860973&use=l&cat=p&typeid=i","cat":289556},{"id":41002,"n":"Repas fraicheur pour chat Sheba Volaille en sauce - 6x50g","p":2.56,"u":"8,53 €/KG","img":"https://fd2-photos.leclercdrive.fr/image.ashx?id=2888097&use=l&cat=p&typeid=i","cat":285286},{"id":41006,"n":"Biscuits chien Pedigree Markies fourrés - 500g","p":1.69,"u":"3,38 €/KG","img":"https://fd2-photos.leclercdrive.fr/image.ashx?id=2254319&use=l&cat=p&typeid=i","cat":294527},{"id":41009,"n":"Friandises chat Catisfactions Fromage - 60g","p":1.11,"u":"18,50 €/KG","img":"https://fd2-photos.leclercdrive.fr/image.ashx?id=2912608&use=l&cat=p&typeid=i","cat":285285},{"id":41016,"n":"Sachet fraîcheur chat Sheba Poissons en sauce - 4x85g","p":2.1,"u":"6,18 €/KG","img":"https://fd2-photos.leclercdrive.fr/image.ashx?id=2759625&use=l&cat=p&typeid=i","cat":285286},{"id":41020,"n":"Pur jus Jafaden Clémentine - 1L","p":1.91,"u":"1,91 €/L","img":"https://fd2-photos.leclercdrive.fr/image.ashx?id=2895786&use=l&cat=p&typeid=i","cat":284915},{"id":41022,"n":"Sachet fraicheur chat Sheba Thon cabillaud en sauce - 6x50g","p":2.58,"u":"8,60 €/KG","img":"https://fd2-photos.leclercdrive.fr/image.ashx?id=2347128&use=l&cat=p&typeid=i","cat":285286},{"id":41140,"n":"Filets maquereaux Pêche Océan Naturel - 95g","p":1.48,"u":"15,58 €/KG","img":"https://fd2-photos.leclercdrive.fr/image.ashx?id=2515685&use=l&cat=p&typeid=i","cat":303868},{"id":41162,"n":"Olives Apéritives Cassées à l'ail - 250g","p":2.82,"u":"11,28 €/KG","img":"https://fd2-photos.leclercdrive.fr/image.ashx?id=2833696&use=l&cat=p&typeid=i","cat":316002},{"id":41188,"n":"Captain Morgan Original Spiced Boisson à base de rhum- 70cl","p":12.69,"u":"18,13 €/L","img":"https://fd2-photos.leclercdrive.fr/image.ashx?id=2518403&use=l&cat=p&typeid=i","cat":284551},{"id":41190,"n":"Liqueur de Whisky Jack Daniel's Honey 70cL","p":19.95,"pp":17.95,"u":"25,64 €/L","img":"https://fd2-photos.leclercdrive.fr/image.ashx?id=2973982&use=l&cat=p&typeid=i","cat":286032},{"id":41223,"n":"Chips natures paysannes Bret's Au sel de Guérande 250g","p":2.09,"u":"8,36 €/KG","img":"https://fd2-photos.leclercdrive.fr/image.ashx?id=2217651&use=l&cat=p&typeid=i","cat":284447},{"id":41236,"n":"Beurre gastronomique Président Demi-sel - 80% MG - 250g","p":2.81,"u":"11,24 €/KG","img":"https://fd2-photos.leclercdrive.fr/image.ashx?id=2962257&use=l&cat=p&typeid=i","cat":284379},{"id":41237,"n":"Beurre La Motte Président Doux - 82%mg - 250g","p":3.19,"u":"12,76 €/KG","img":"https://fd2-photos.leclercdrive.fr/image.ashx?id=2896955&use=l&cat=p&typeid=i","cat":284379},{"id":41238,"n":"Beurre La Motte Président Sel de mer - 80% MG - 250g","p":3.19,"u":"12,76 €/KG","img":"https://fd2-photos.leclercdrive.fr/image.ashx?id=2896958&use=l&cat=p&typeid=i","cat":284379},{"id":41268,"n":"Croquettes chat  Eco+ Viandes légumes-  2kg","p":2.33,"u":"1,17 €/KG","img":"https://fd2-photos.leclercdrive.fr/image.ashx?id=2932381&use=l&cat=p&typeid=i","cat":284680},{"id":41269,"n":"Croquettes chat Eco+ Poisson, céréales, légumes 2kg","p":2.48,"u":"1,24 €/KG","img":"https://fd2-photos.leclercdrive.fr/image.ashx?id=2046980&use=l&cat=p&typeid=i","cat":284680},{"id":41275,"n":"Croquettes chat Purina One Sterilisé - Poulet - 1,5kg","p":6.65,"u":"4,43 €/KG","img":"https://fd2-photos.leclercdrive.fr/image.ashx?id=2488046&use=l&cat=p&typeid=i","cat":284680},{"id":41278,"n":"Croquettes chiens Eco+ Adulte - Viande -  4kg","p":3.93,"u":"0,98 €/KG","img":"https://fd2-photos.leclercdrive.fr/image.ashx?id=2946799&use=l&cat=p&typeid=i","cat":284672},{"id":41285,"n":"Croquettes chaton Purina One  Junior -Poulet/Céréales - 1,5kg","p":7.29,"u":"4,86 €/KG","img":"https://fd2-photos.leclercdrive.fr/image.ashx?id=2433563&use=l&cat=p&typeid=i","cat":284680},{"id":41286,"n":"Croquettes chat Purina One  Stérilisé Adulte-Saumon/Blé-3kg","p":13.18,"u":"4,39 €/KG","img":"https://fd2-photos.leclercdrive.fr/image.ashx?id=2488049&use=l&cat=p&typeid=i","cat":284680},{"id":41287,"n":"Croquettes chiens Purina One Minis chiens adultes -  1,5kg","p":5.28,"u":"3,52 €/KG","img":"https://fd2-photos.leclercdrive.fr/image.ashx?id=2899674&use=l&cat=p&typeid=i","cat":294526},{"id":41289,"n":"Croquettes chat Purina One Urinary care - Poulet - 450g","p":2.76,"u":"6,13 €/KG","img":"https://fd2-photos.leclercdrive.fr/image.ashx?id=2459940&use=l&cat=p&typeid=i","cat":284680},{"id":41291,"n":"Croquettes chat Purina One Stérilisé Adulte-Boeuf/blé -3kg","p":12.69,"u":"4,23 €/KG","img":"https://fd2-photos.leclercdrive.fr/image.ashx?id=2488043&use=l&cat=p&typeid=i","cat":284680},{"id":41293,"n":"Sachets repas chats Purina One Stérilisés - Saumon Dinde 4x85g","p":2.0,"u":"5,88 €/KG","img":"https://fd2-photos.leclercdrive.fr/image.ashx?id=2902349&use=l&cat=p&typeid=i","cat":285286},{"id":41357,"n":"Steak *** Charal 130g","p":3.28,"u":"25,23 €/KG","img":"https://fd2-photos.leclercdrive.fr/image.ashx?id=1893005&use=l&cat=p&typeid=i","cat":284328},{"id":41359,"n":"Bavette d'Aloyau *** Charal 260g","p":9.89,"u":"38,04 €/KG","img":"https://fd2-photos.leclercdrive.fr/image.ashx?id=1889183&use=l&cat=p&typeid=i","cat":284328},{"id":41422,"n":"Fromage à Tartiner St Môret  Nature - 300g","p":3.41,"u":"11,37 €/KG","img":"https://fd2-photos.leclercdrive.fr/image.ashx?id=2755465&use=l&cat=p&typeid=i","cat":314029},{"id":41447,"n":"Fromage fruité bloc Les Croisés 220g","p":2.75,"u":"12,50 €/KG","img":"https://fd2-photos.leclercdrive.fr/image.ashx?id=1961168&use=l&cat=p&typeid=i","cat":314034},{"id":41460,"n":"Pain de mie 100% Mie Harrys Complet sans croûte - 500g","p":1.77,"u":"3,54 €/KG","img":"https://fd2-photos.leclercdrive.fr/image.ashx?id=2731864&use=l&cat=p&typeid=i","cat":284477},{"id":41463,"n":"Autocollants Insectivor Anti-mouches - x4","p":2.54,"u":"0,64 €/P","img":"https://fd2-photos.leclercdrive.fr/image.ashx?id=2606828&use=l&cat=p&typeid=i","cat":298368},{"id":41464,"n":"Purée de tomates Turini Brique 500g","p":0.75,"u":"1,50 €/KG","img":"https://fd2-photos.leclercdrive.fr/image.ashx?id=1686100&use=l&cat=p&typeid=i","cat":288384},{"id":41465,"n":"Cotons Inell Maxi confort x80","p":1.78,"img":"https://fd2-photos.leclercdrive.fr/image.ashx?id=1926969&use=l&cat=p&typeid=i","cat":284636},{"id":41466,"n":"Coton carré bébé Mots d'Enfants Aloe vera x50","p":1.67,"u":"0,03 €/P","img":"https://fd2-photos.leclercdrive.fr/image.ashx?id=3014236&use=l&cat=p&typeid=i","cat":284739},{"id":41467,"n":"Sauce Pesto Tradizioni d'Italia Rosso - 180g","p":1.82,"u":"10,11 €/KG","img":"https://fd2-photos.leclercdrive.fr/image.ashx?id=782984&use=l&cat=p&typeid=i","cat":287599},{"id":41478,"n":"Mouchoirs blancs 3 plis Univert Boîte mouchoirs en papier -x100","p":1.55,"u":"0,02 €/P","img":"https://fd2-photos.leclercdrive.fr/image.ashx?id=1960038&use=l&cat=p&typeid=i","cat":284638},{"id":41492,"n":"Tartines croustillantes Wasa Fibres - 230g","p":1.47,"u":"6,39 €/KG","img":"https://fd2-photos.leclercdrive.fr/image.ashx?id=3011854&use=l&cat=p&typeid=i","cat":284479},{"id":41493,"n":"Tartines croustillantes Wasa Authentique - 275g","p":1.45,"u":"5,27 €/KG","img":"https://fd2-photos.leclercdrive.fr/image.ashx?id=3011857&use=l&cat=p&typeid=i","cat":284479},{"id":41517,"n":"Couches bébé Mots d'Enfants T6 Douceur - 16kg+ - x58 changes","p":12.75,"img":"https://fd2-photos.leclercdrive.fr/image.ashx?id=2904577&use=l&cat=p&typeid=i","cat":284737},{"id":41524,"n":"Ossau Iraty AOP Istara Fromage de brebis - 180g","p":3.48,"u":"19,33 €/KG","img":"https://fd2-photos.leclercdrive.fr/image.ashx?id=2766193&use=l&cat=p&typeid=i","cat":329184},{"id":41529,"n":"Déodorant atomiseur Scorpio Noir absolu - 150ml","p":3.02,"u":"20,13 €/L","img":"https://fd2-photos.leclercdrive.fr/image.ashx?id=2425149&use=l&cat=p&typeid=i","cat":284618},{"id":41532,"n":"Gressins Tradizioni d'Italia A la turinoise - 250g","p":2.29,"u":"9,16 €/KG","img":"https://fd2-photos.leclercdrive.fr/image.ashx?id=2743918&use=l&cat=p&typeid=i","cat":297000},{"id":41534,"n":"Déodorant Spray Homme Nivea Men Black&White Original - 200ml","p":2.39,"u":"11,95 €/L","img":"https://fd2-photos.leclercdrive.fr/image.ashx?id=3005218&use=l&cat=p&typeid=i","cat":284618},{"id":41549,"n":"Piles Duracell CR2032 Lithium 3V - x2","p":6.43,"u":"3,22 €/P","img":"https://fd2-photos.leclercdrive.fr/image.ashx?id=3003411&use=l&cat=p&typeid=i","cat":300572},{"id":41551,"n":"Soda Schweppes Saveur Citron - 1,5L","p":1.91,"u":"1,27 €/L","img":"https://fd2-photos.leclercdrive.fr/image.ashx?id=2852417&use=l&cat=p&typeid=i","cat":284532},{"id":41579,"n":"Macédoine déjà égouttée D'aucy  530g","p":2.16,"u":"4,08 €/KG","img":"https://fd2-photos.leclercdrive.fr/image.ashx?id=2835833&use=l&cat=p&typeid=i","cat":312612},{"id":41606,"n":"Artichauts Tradizioni d'Italia  Demi coeurs - 280g","p":3.89,"u":"13,89 €/KG","img":"https://fd2-photos.leclercdrive.fr/image.ashx?id=2840040&use=l&cat=p&typeid=i","cat":312611},{"id":41625,"n":"Tomates Tradizioni d'Italia Séchées à huile d'olive - 270g","p":3.49,"u":"12,93 €/KG","img":"https://fd2-photos.leclercdrive.fr/image.ashx?id=2840037&use=l&cat=p&typeid=i","cat":284458},{"id":41647,"n":"AOP Alsace Gewurztraminer   vin blanc Rebmann - 75 cl","p":5.99,"u":"7,99 €/L","img":"https://fd2-photos.leclercdrive.fr/image.ashx?id=2989938&use=l&cat=p&typeid=i","cat":289557},{"id":41691,"n":"AOP Cabernet d'Anjou BIO vin  rosé Les Caractères - 75cl","p":4.99,"u":"6,65 €/L","img":"https://fd2-photos.leclercdrive.fr/image.ashx?id=2816484&use=l&cat=p&typeid=i","cat":289558},{"id":41700,"n":"Sauce Tomate Cuisinée Heinz Ail & Oignon - 520g","p":1.37,"u":"2,63 €/KG","img":"https://fd2-photos.leclercdrive.fr/image.ashx?id=2950849&use=l&cat=p&typeid=i","cat":288384},{"id":41782,"n":"Whisky Talisker Skye 45,8%vol. Etui - 70cl","p":33.9,"u":"48,43 €/L","img":"https://fd2-photos.leclercdrive.fr/image.ashx?id=2165887&use=l&cat=p&typeid=i","cat":284547},{"id":41797,"n":"Sauce Barbecue Heinz Classic - 480g","p":1.99,"u":"4,15 €/KG","img":"https://fd2-photos.leclercdrive.fr/image.ashx?id=2928351&use=l&cat=p&typeid=i","cat":318431},{"id":41800,"n":"Mayonnaise Fine & Douce Lesieur 475g","p":2.17,"u":"4,57 €/KG","img":"https://fd2-photos.leclercdrive.fr/image.ashx?id=2918541&use=l&cat=p&typeid=i","cat":298295},{"id":41803,"n":"Asperges vertes d'aucy  21,2cl","p":2.14,"u":"21,40 €/KG","img":"https://fd2-photos.leclercdrive.fr/image.ashx?id=2597723&use=l&cat=p&typeid=i","cat":312611},{"id":41804,"n":"Asperges vertes d'aucy  37cl","p":3.38,"u":"18,27 €/KG","img":"https://fd2-photos.leclercdrive.fr/image.ashx?id=2665901&use=l&cat=p&typeid=i","cat":312611},{"id":41819,"n":"Sauce Andalouse Heinz - 220g","p":1.65,"u":"7,50 €/KG","img":"https://fd2-photos.leclercdrive.fr/image.ashx?id=2973327&use=l&cat=p&typeid=i","cat":318431},{"id":41821,"n":"Pomme dauphine Maison Tino 500g","p":3.9,"u":"7,80 €/KG","img":"https://fd2-photos.leclercdrive.fr/image.ashx?id=1746056&use=l&cat=p&typeid=i","cat":333665},{"id":41827,"n":"Nuggets de Poulet Père Dodu   x20 - 400g - Familial","p":4.05,"u":"10,13 €/KG","img":"https://fd2-photos.leclercdrive.fr/image.ashx?id=2957167&use=l&cat=p&typeid=i","cat":333684},{"id":41828,"n":"AOC Bergerac vin rosé  Terrasses d'Autan - 75cl","p":2.99,"u":"3,99 €/L","img":"https://fd2-photos.leclercdrive.fr/image.ashx?id=2865068&use=l&cat=p&typeid=i","cat":289558},{"id":41831,"n":"AOC Bordeaux Sauvignon vin  blanc Chantet Blanet - 75cl","p":3.95,"u":"5,27 €/L","img":"https://fd2-photos.leclercdrive.fr/image.ashx?id=2934957&use=l&cat=p&typeid=i","cat":289557},{"id":41835,"n":"AOC Bourgueil vin rouge Les Caractères - 75cl","p":4.49,"u":"5,99 €/L","img":"https://fd2-photos.leclercdrive.fr/image.ashx?id=2776564&use=l&cat=p&typeid=i","cat":289556},{"id":41841,"n":"AOP Bordeaux vin rouge Chantet Blanet - 75cl","p":2.89,"u":"3,85 €/L","img":"https://fd2-photos.leclercdrive.fr/image.ashx?id=2741285&use=l&cat=p&typeid=i","cat":289556},{"id":41845,"n":"Génoise fourrée Kinder Pingui Lait et cacao x8 - 240g","p":2.24,"u":"9,33 €/KG","img":"https://fd2-photos.leclercdrive.fr/image.ashx?id=2855352&use=l&cat=p&typeid=i","cat":284420},{"id":41846,"n":"Compotes Andros Panachés 16x100g","p":4.63,"u":"2,89 €/KG","img":"https://fd2-photos.leclercdrive.fr/image.ashx?id=2921343&use=l&cat=p&typeid=i","cat":284416},{"id":41858,"n":"Yaourt SMARTIES Fraise bonbons chocolat 4x120g","p":2.37,"u":"4,94 €/KG","img":"https://fd2-photos.leclercdrive.fr/image.ashx?id=2890046&use=l&cat=p&typeid=i","cat":284414},{"id":41862,"n":"Compotes Andros 6 Pommes  et 6 pommes fraises - 12x100g","p":3.7,"u":"3,08 €/KG","img":"https://fd2-photos.leclercdrive.fr/image.ashx?id=2988318&use=l&cat=p&typeid=i","cat":284416},{"id":41865,"n":"AOC Coteaux Varois en Provence vin rosé Terres Ocrées - 75cl","p":4.49,"u":"5,99 €/L","img":"https://fd2-photos.leclercdrive.fr/image.ashx?id=2750141&use=l&cat=p&typeid=i","cat":289558},{"id":41868,"n":"Bûche de chèvre Soignon 400g","p":4.13,"u":"10,33 €/KG","img":"https://fd2-photos.leclercdrive.fr/image.ashx?id=2840988&use=l&cat=p&typeid=i","cat":314031},{"id":41869,"n":"AOC Gros Plant du Pays nantais vin blanc Les Caractères - 75cl","p":3.9,"u":"5,20 €/L","img":"https://fd2-photos.leclercdrive.fr/image.ashx?id=2969604&use=l&cat=p&typeid=i","cat":289557},{"id":41870,"n":"Pur jus d'orange Jafaden Sans pulpe - 50cl","p":1.3,"u":"2,60 €/L","img":"https://fd2-photos.leclercdrive.fr/image.ashx?id=2917652&use=l&cat=p&typeid=i","cat":284521},{"id":41878,"n":"Bière aromatisée Desquiles Red 5,9%vol. - 50cl","p":1.49,"u":"2,98 €/L","img":"https://fd2-photos.leclercdrive.fr/image.ashx?id=2664809&use=l&cat=p&typeid=i","cat":334853},{"id":41881,"n":"AOC Gaillac vin rouge Terrasses d'Autan - 75cl","p":2.99,"u":"3,99 €/L","img":"https://fd2-photos.leclercdrive.fr/image.ashx?id=2943097&use=l&cat=p&typeid=i","cat":289556},{"id":41903,"n":"Jus de pomme Jafaden A base de concentré - 2L","p":1.85,"u":"0,93 €/L","img":"https://fd2-photos.leclercdrive.fr/image.ashx?id=2470240&use=l&cat=p&typeid=i","cat":284522},{"id":41912,"n":"Sirop fraise de Plougastel NRT 70cl","p":3.2,"u":"4,57 €/L","img":"https://fd2-photos.leclercdrive.fr/image.ashx?id=2590481&use=l&cat=p&typeid=i","cat":295020},{"id":41915,"n":"AOP Morgon vin rouge Antoine Barrier - 75cl","p":6.99,"u":"9,32 €/L","img":"https://fd2-photos.leclercdrive.fr/image.ashx?id=2919640&use=l&cat=p&typeid=i","cat":289556},{"id":41923,"n":"Vin d'Union Européenne rosé Adrien Champaud 11% vol BIB 5L","p":8.49,"u":"1,70 €/L","img":"https://fd2-photos.leclercdrive.fr/image.ashx?id=2959707&use=l&cat=p&typeid=i","cat":289560},{"id":41924,"n":"Vin d'Union Européenne rouge Adrien Champaud 12% vol BIB 5L","p":8.49,"u":"1,70 €/L","img":"https://fd2-photos.leclercdrive.fr/image.ashx?id=2959713&use=l&cat=p&typeid=i","cat":289560},{"id":41942,"n":"Bière Extreme 8.6 Canette - 10.5%vol. - 50cl","p":1.68,"u":"3,36 €/L","img":"https://fd2-photos.leclercdrive.fr/image.ashx?id=1883597&use=l&cat=p&typeid=i","cat":334853},{"id":41990,"n":"Steaks Hachés Limousin Charal Pur Bœuf 12%MG - 8x125g - 1kg","p":14.25,"u":"14,25 €/KG","img":"https://fd2-photos.leclercdrive.fr/image.ashx?id=2974626&use=l&cat=p&typeid=i","cat":319778},{"id":42041,"n":"Olives vertes Tropic Apéro Dénoyautées à l'ail - 110g","p":1.68,"u":"15,27 €/KG","img":"https://fd2-photos.leclercdrive.fr/image.ashx?id=2438972&use=l&cat=p&typeid=i","cat":316002},{"id":42044,"n":"Noix de cajou Maître Prunille Sans sel, grillé, sachet 200g","p":4.31,"u":"21,55 €/KG","img":"https://fd2-photos.leclercdrive.fr/image.ashx?id=1750478&use=l&cat=p&typeid=i","cat":284357},{"id":42045,"n":"Amande grillée Maître Prunille Décortiquée sans sel 250g","p":4.07,"u":"16,28 €/KG","img":"https://fd2-photos.leclercdrive.fr/image.ashx?id=1750481&use=l&cat=p&typeid=i","cat":284448},{"id":42057,"n":"Asperges blanches d'aucy  21,2cl","p":2.13,"u":"19,36 €/KG","img":"https://fd2-photos.leclercdrive.fr/image.ashx?id=2597720&use=l&cat=p&typeid=i","cat":312611},{"id":42067,"n":"Biscuits p'tit déjeuner BN Chocolat - 200g","p":1.56,"u":"7,80 €/KG","img":"https://fd2-photos.leclercdrive.fr/image.ashx?id=2603468&use=l&cat=p&typeid=i","cat":284491},{"id":42117,"n":"Céréales muesli Bjorg Bio Sans sucre ajoutés - 375g","p":1.88,"u":"5,01 €/KG","img":"https://fd2-photos.leclercdrive.fr/image.ashx?id=2906163&use=l&cat=p&typeid=i","cat":309512},{"id":42140,"n":"Sirop La Maison Guiot Grenadine - 70cl","p":3.06,"u":"4,37 €/L","img":"https://fd2-photos.leclercdrive.fr/image.ashx?id=2857195&use=l&cat=p&typeid=i","cat":295020},{"id":42218,"n":"Bloc WC Bref Power  Activ'Océan toilettes - 50g x1","p":1.39,"u":"27,80 €/KG","img":"https://fd2-photos.leclercdrive.fr/image.ashx?id=2789802&use=l&cat=p&typeid=i","cat":284662},{"id":42235,"n":"Galette Tipiak Jambon/fromage - 2x125g","p":2.99,"u":"11,96 €/KG","img":"https://fd2-photos.leclercdrive.fr/image.ashx?id=2819334&use=l&cat=p&typeid=i","cat":319776},{"id":42236,"n":"Gambas rouge Gimbert Ocean Sauvage royale 6/8 - 400g","p":11.7,"u":"29,25 €/KG","img":"https://fd2-photos.leclercdrive.fr/image.ashx?id=2889652&use=l&cat=p&typeid=i","cat":319787},{"id":42289,"n":"Huile pimentée pizza Cauvin A l'huile d'olive - 25cl","p":2.38,"u":"9,52 €/L","img":"https://fd2-photos.leclercdrive.fr/image.ashx?id=2539857&use=l&cat=p&typeid=i","cat":284453},{"id":42291,"n":"Huile pour friture Eco + 1L","p":2.23,"u":"2,23 €/L","img":"https://fd2-photos.leclercdrive.fr/image.ashx?id=2493013&use=l&cat=p&typeid=i","cat":284453},{"id":42292,"n":"Vinaigrette allégée Eco + Nature - 1L","p":1.02,"u":"1,02 €/L","img":"https://fd2-photos.leclercdrive.fr/image.ashx?id=2900516&use=l&cat=p&typeid=i","cat":284456},{"id":42295,"n":"Vinaigrette bi-phase Rustica Vin rouge/échalote - 50cl","p":2.49,"u":"4,98 €/L","img":"https://fd2-photos.leclercdrive.fr/image.ashx?id=2142190&use=l&cat=p&typeid=i","cat":284456},{"id":42297,"n":"Sauce caesar Rustica 50cl","p":2.59,"u":"5,18 €/L","img":"https://fd2-photos.leclercdrive.fr/image.ashx?id=1972928&use=l&cat=p&typeid=i","cat":284456},{"id":42298,"n":"Boisson végétale Bio Village Avoine bio - 1l","p":1.39,"u":"1,39 €/L","img":"https://fd2-photos.leclercdrive.fr/image.ashx?id=2739538&use=l&cat=p&typeid=i","cat":316067},{"id":42321,"n":"Nettoyant Menager Cif lingettes Ocean Antibacterien - x120","p":2.21,"img":"https://fd2-photos.leclercdrive.fr/image.ashx?id=2747163&use=l&cat=p&typeid=i","cat":325358},{"id":42325,"n":"Spray Nettoyant Menager Cif  Antibacterien - 750 ml","p":2.09,"u":"2,79 €/L","img":"https://fd2-photos.leclercdrive.fr/image.ashx?id=2813540&use=l&cat=p&typeid=i","cat":325357},{"id":42331,"n":"Saucisses Knacki Herta Poulet x10 - 350g","p":1.47,"u":"4,20 €/KG","img":"https://fd2-photos.leclercdrive.fr/image.ashx?id=2290431&use=l&cat=p&typeid=i","cat":316012},{"id":42341,"n":"Compotes Pom'Potes Gourdes  Multivariétés Inédits - 12x90g","p":5.47,"u":"5,06 €/KG","img":"https://fd2-photos.leclercdrive.fr/image.ashx?id=2864309&use=l&cat=p&typeid=i","cat":284508},{"id":42426,"n":"Lingettes Vanish  Anti-décoloration - x30","p":5.62,"img":"https://fd2-photos.leclercdrive.fr/image.ashx?id=2224145&use=l&cat=p&typeid=i","cat":290450},{"id":42428,"n":"Pains au chocolat Pasquier x8 - 360g","p":2.21,"u":"6,14 €/KG","img":"https://fd2-photos.leclercdrive.fr/image.ashx?id=2863446&use=l&cat=p&typeid=i","cat":296366},{"id":42442,"n":"Moutarde forte Eco + 370g","p":0.73,"u":"1,97 €/KG","img":"https://fd2-photos.leclercdrive.fr/image.ashx?id=2954319&use=l&cat=p&typeid=i","cat":288850},{"id":42448,"n":"Capsules Nescafé Dolce Gusto  Ricoré Latte - x16","p":4.83,"u":"28,75 €/KG","img":"https://fd2-photos.leclercdrive.fr/image.ashx?id=2818085&use=l&cat=p&typeid=i","cat":293239},{"id":42449,"n":"Antipasto tomate séchée Sacla 280g","p":2.72,"u":"9,71 €/KG","img":"https://fd2-photos.leclercdrive.fr/image.ashx?id=2290482&use=l&cat=p&typeid=i","cat":284458},{"id":42452,"n":"Moutarde douce Amora Flacon souple - 260g","p":1.91,"u":"7,35 €/KG","img":"https://fd2-photos.leclercdrive.fr/image.ashx?id=3005401&use=l&cat=p&typeid=i","cat":288850},{"id":42460,"n":"Olives vertes entières Eco + 400g","p":1.07,"u":"2,68 €/KG","img":"https://fd2-photos.leclercdrive.fr/image.ashx?id=2609261&use=l&cat=p&typeid=i","cat":284458},{"id":42461,"n":"Olives vertes Eco + Dénoyautées - 320g","p":1.88,"u":"5,88 €/KG","img":"https://fd2-photos.leclercdrive.fr/image.ashx?id=2609264&use=l&cat=p&typeid=i","cat":284458},{"id":42500,"n":"Eyeliner pointe fine Maybelline Feutre Noir / Maquillage","p":9.76,"img":"https://fd2-photos.leclercdrive.fr/image.ashx?id=2300581&use=l&cat=p&typeid=i","cat":287029},{"id":42508,"n":"Cookies Nestlé Dessert Pépites de chocolat - 351g","p":3.99,"u":"11,37 €/KG","img":"https://fd2-photos.leclercdrive.fr/image.ashx?id=2848382&use=l&cat=p&typeid=i","cat":284505},{"id":42552,"n":"Préfou chèvre 350g","p":3.76,"u":"10,74 €/KG","img":"https://fd2-photos.leclercdrive.fr/image.ashx?id=2676768&use=l&cat=p&typeid=i","cat":316003},{"id":42560,"n":"Jus innocent ananas passion 900ml","p":2.51,"u":"2,79 €/L","img":"https://fd2-photos.leclercdrive.fr/image.ashx?id=2861740&use=l&cat=p&typeid=i","cat":285435},{"id":42563,"n":"Boisson végétale lait d'amande bio bjorg sans sucre - 1l","p":1.63,"u":"1,63 €/L","img":"https://fd2-photos.leclercdrive.fr/image.ashx?id=2939415&use=l&cat=p&typeid=i","cat":316067},{"id":42565,"n":"Vinaigre blanc d'alcool Eco +  - 1,5L","p":0.6,"u":"0,40 €/L","img":"https://fd2-photos.leclercdrive.fr/image.ashx?id=2729269&use=l&cat=p&typeid=i","cat":298543},{"id":42567,"n":"Pâte à tartiner Bio Jardin Bio - 750g","p":6.67,"u":"8,89 €/KG","img":"https://fd2-photos.leclercdrive.fr/image.ashx?id=2918925&use=l&cat=p&typeid=i","cat":284481},{"id":42569,"n":"Double concentré Bio Jardin Bio Tomate - 140g","p":0.87,"u":"6,21 €/KG","img":"https://fd2-photos.leclercdrive.fr/image.ashx?id=2944867&use=l&cat=p&typeid=i","cat":288384},{"id":42577,"n":"Chocolat noir Bio Ethiquable Ecorces d'orange - 100g","p":2.61,"u":"26,10 €/KG","img":"https://fd2-photos.leclercdrive.fr/image.ashx?id=2870851&use=l&cat=p&typeid=i","cat":284956},{"id":42624,"n":"Pâtes coudes rayés Panzani 1kg","p":2.02,"u":"2,02 €/KG","img":"https://fd2-photos.leclercdrive.fr/image.ashx?id=2876029&use=l&cat=p&typeid=i","cat":284427},{"id":42628,"n":"Chips Bret's Fromage du Jura - 125g","p":1.1,"u":"8,80 €/KG","img":"https://fd2-photos.leclercdrive.fr/image.ashx?id=1916976&use=l&cat=p&typeid=i","cat":284447},{"id":42649,"n":"Crème douche Manava Surgras - 250ml","p":0.94,"u":"3,76 €/L","img":"https://fd2-photos.leclercdrive.fr/image.ashx?id=2456147&use=l&cat=p&typeid=i","cat":284594},{"id":42665,"n":"Gel shampooing douche Fa Men Extreme cool flacon - 250ml","p":1.42,"u":"5,68 €/L","img":"https://fd2-photos.leclercdrive.fr/image.ashx?id=2995094&use=l&cat=p&typeid=i","cat":284621},{"id":42703,"n":"P'tit Basque Istara Fromage de brebis - 220g","p":5.01,"u":"22,77 €/KG","img":"https://fd2-photos.leclercdrive.fr/image.ashx?id=2759876&use=l&cat=p&typeid=i","cat":329184},{"id":42740,"n":"Galette saint Jacques Tipiak Au beurre persillé - 2x125g","p":3.98,"u":"15,92 €/KG","img":"https://fd2-photos.leclercdrive.fr/image.ashx?id=2819337&use=l&cat=p&typeid=i","cat":319776},{"id":42747,"n":"Whisky blend the Famous grouse 40%vol. - 1L","p":21.9,"u":"21,90 €/L","img":"https://fd2-photos.leclercdrive.fr/image.ashx?id=2958878&use=l&cat=p&typeid=i","cat":284547},{"id":42757,"n":"Emmental rapé Eco + 30% MG - 500g","p":3.7,"u":"7,40 €/KG","img":"https://fd2-photos.leclercdrive.fr/image.ashx?id=2942172&use=l&cat=p&typeid=i","cat":314035},{"id":42789,"n":"Cheddar Les Croisés 32% MG Tranchettes - 200g","p":2.64,"u":"13,20 €/KG","img":"https://fd2-photos.leclercdrive.fr/image.ashx?id=2796064&use=l&cat=p&typeid=i","cat":314028},{"id":42799,"n":"Miel liquide Bio Squeezer Bio village - 250g","p":2.95,"u":"11,80 €/KG","img":"https://fd2-photos.leclercdrive.fr/image.ashx?id=795654&use=l&cat=p&typeid=i","cat":287643},{"id":42809,"n":"Berlingots de javel Clair Eucalyptus - 3x250ml","p":1.3,"u":"1,73 €/L","img":"https://fd2-photos.leclercdrive.fr/image.ashx?id=2949194&use=l&cat=p&typeid=i","cat":284661},{"id":42826,"n":"Nettoyant vitre cristal Clair 750 ml","p":1.75,"u":"2,33 €/L","img":"https://fd2-photos.leclercdrive.fr/image.ashx?id=1647715&use=l&cat=p&typeid=i","cat":325363},{"id":42846,"n":"Cacahuètes Menguy's Grillées et salées - 800g","p":5.41,"u":"6,76 €/KG","img":"https://fd2-photos.leclercdrive.fr/image.ashx?id=2979800&use=l&cat=p&typeid=i","cat":284448},{"id":42847,"n":"Pop corn salé Menguy's Micro-ondes - 3x90g","p":1.7,"u":"6,30 €/KG","img":"https://fd2-photos.leclercdrive.fr/image.ashx?id=2966023&use=l&cat=p&typeid=i","cat":284449},{"id":42872,"n":"Jus innocent pomme framboise 900ml","p":2.63,"u":"2,92 €/L","img":"https://fd2-photos.leclercdrive.fr/image.ashx?id=2862877&use=l&cat=p&typeid=i","cat":285435},{"id":42938,"n":"Soupe instantanée Royco  Bouillon de Volailles 3x200ml","p":1.32,"u":"41,25 €/KG","img":"https://fd2-photos.leclercdrive.fr/image.ashx?id=2651423&use=l&cat=p&typeid=i","cat":293527},{"id":42964,"n":"Os à mâcher Lydog Fourrés boeuf - 2x100g","p":2.3,"u":"11,50 €/KG","img":"https://fd2-photos.leclercdrive.fr/image.ashx?id=1947283&use=l&cat=p&typeid=i","cat":294527},{"id":42965,"n":"Pepites de chocolat au lait Tablier Blanc - 100g","p":2.03,"u":"20,30 €/KG","img":"https://fd2-photos.leclercdrive.fr/image.ashx?id=2723141&use=l&cat=p&typeid=i","cat":284504},{"id":42966,"n":"Haricots verts Notre Jardin Extra fins - 455g","p":1.97,"u":"4,33 €/KG","img":"https://fd2-photos.leclercdrive.fr/image.ashx?id=2988084&use=l&cat=p&typeid=i","cat":312606},{"id":42980,"n":"Goûter fourré Bio Village Bio Chocolat noir - 185g","p":2.03,"u":"10,97 €/KG","img":"https://fd2-photos.leclercdrive.fr/image.ashx?id=2704502&use=l&cat=p&typeid=i","cat":284488},{"id":42981,"n":"Goûter fourré Bio Village Bio - Chocolat au lait - 185g","p":2.06,"u":"11,14 €/KG","img":"https://fd2-photos.leclercdrive.fr/image.ashx?id=2704505&use=l&cat=p&typeid=i","cat":284488},{"id":42992,"n":"Tortillas chips Tokapi Fromage - 150g","p":0.99,"u":"6,60 €/KG","img":"https://fd2-photos.leclercdrive.fr/image.ashx?id=2647961&use=l&cat=p&typeid=i","cat":287899},{"id":43009,"n":"Biscuits fourrés P'tit Deli Noisette - 225g","p":1.38,"u":"6,13 €/KG","img":"https://fd2-photos.leclercdrive.fr/image.ashx?id=2861419&use=l&cat=p&typeid=i","cat":284488},{"id":43016,"n":"Asperges blanches moyennes Notre Jardin - 205g","p":1.99,"u":"9,71 €/KG","img":"https://fd2-photos.leclercdrive.fr/image.ashx?id=2049058&use=l&cat=p&typeid=i","cat":312611},{"id":43197,"n":"Tartine Grilletine de Pasquier Briochées - x18 - 242g","p":1.77,"u":"7,31 €/KG","img":"https://fd2-photos.leclercdrive.fr/image.ashx?id=2333054&use=l&cat=p&typeid=i","cat":284479},{"id":43218,"n":"Pains au lait Pasquier x20 - 700g","p":2.7,"u":"3,86 €/KG","img":"https://fd2-photos.leclercdrive.fr/image.ashx?id=2609315&use=l&cat=p&typeid=i","cat":293505},{"id":43237,"n":"Lotion démaquillante Inell Douceur yeux - 150ml","p":1.6,"u":"10,67 €/L","img":"https://fd2-photos.leclercdrive.fr/image.ashx?id=1993197&use=l&cat=p&typeid=i","cat":284603},{"id":43247,"n":"Tuiles apéritives Tokapi Poulet braisé - 170g","p":1.55,"u":"9,12 €/KG","img":"https://fd2-photos.leclercdrive.fr/image.ashx?id=2815752&use=l&cat=p&typeid=i","cat":287899},{"id":43266,"n":"Formule boost Daco Bello Fruits secs - 200g","p":3.55,"u":"17,75 €/KG","img":"https://fd2-photos.leclercdrive.fr/image.ashx?id=2576955&use=l&cat=p&typeid=i","cat":284357},{"id":43279,"n":"Sorbet plein fruit L'Angelys Framboise - 500g","p":5.18,"u":"10,36 €/KG","img":"https://fd2-photos.leclercdrive.fr/image.ashx?id=2963556&use=l&cat=p&typeid=i","cat":284263},{"id":43286,"n":"Masque tissu Inell apaisant Hydratant x1","p":0.99,"img":"https://fd2-photos.leclercdrive.fr/image.ashx?id=2691667&use=l&cat=p&typeid=i","cat":325346},{"id":43287,"n":"Dentifrice Dentamyl Blancheur extrême - 75ml","p":0.95,"u":"12,67 €/L","img":"https://fd2-photos.leclercdrive.fr/image.ashx?id=2613837&use=l&cat=p&typeid=i","cat":284612},{"id":43293,"n":"Lotion nettoyante Inell 200ml","p":3.29,"u":"16,45 €/L","img":"https://fd2-photos.leclercdrive.fr/image.ashx?id=2691670&use=l&cat=p&typeid=i","cat":284603},{"id":43303,"n":"Panna Cotta Fruits rouges Rians 2x120g","p":2.38,"u":"9,92 €/KG","img":"https://fd2-photos.leclercdrive.fr/image.ashx?id=2555412&use=l&cat=p&typeid=i","cat":284419},{"id":43330,"n":"Crème dessert chocolat Danette Pop billes magix - 4x120g","p":2.41,"u":"5,02 €/KG","img":"https://fd2-photos.leclercdrive.fr/image.ashx?id=2935717&use=l&cat=p&typeid=i","cat":285041},{"id":43341,"n":"Thon mariné Petit Navire Basilic - 110g","p":2.01,"u":"18,27 €/KG","img":"https://fd2-photos.leclercdrive.fr/image.ashx?id=2542965&use=l&cat=p&typeid=i","cat":303867},{"id":43349,"n":"Laurier feuille entière Ducros 17g","p":1.59,"u":"93,53 €/KG","img":"https://fd2-photos.leclercdrive.fr/image.ashx?id=2486566&use=l&cat=p&typeid=i","cat":298297},{"id":43350,"n":"Coriandre en feuilles Ducros 7g","p":1.97,"u":"281,43 €/KG","img":"https://fd2-photos.leclercdrive.fr/image.ashx?id=2486584&use=l&cat=p&typeid=i","cat":298297},{"id":43358,"n":"Sel fin Eco+ Boîte verseuse - 750g","p":0.53,"u":"0,71 €/KG","img":"https://fd2-photos.leclercdrive.fr/image.ashx?id=2050582&use=l&cat=p&typeid=i","cat":284457},{"id":43371,"n":"AOC Saint-Nicolas-de-Bourgueil vin rouge Les Caractères - 75cl","p":4.99,"u":"6,65 €/L","img":"https://fd2-photos.leclercdrive.fr/image.ashx?id=2894734&use=l&cat=p&typeid=i","cat":289556},{"id":43372,"n":"AOP Saumur-Champigny vin rouge Les Caractères - 75cl","p":4.99,"u":"6,65 €/L","img":"https://fd2-photos.leclercdrive.fr/image.ashx?id=2745478&use=l&cat=p&typeid=i","cat":289556},{"id":43381,"n":"Dessert liégeois Viennois  Chocolat - 12x100g","p":3.88,"u":"3,23 €/KG","img":"https://fd2-photos.leclercdrive.fr/image.ashx?id=2875987&use=l&cat=p&typeid=i","cat":285042},{"id":43394,"n":"Spaghetti  Tradizioni d'Italia n°118  Pasta di Gragnano 500g","p":1.52,"u":"3,04 €/KG","img":"https://fd2-photos.leclercdrive.fr/image.ashx?id=2657301&use=l&cat=p&typeid=i","cat":284427},{"id":43396,"n":"Farfalle Tradizioni d'Italia N°210 - 500g","p":1.52,"u":"3,04 €/KG","img":"https://fd2-photos.leclercdrive.fr/image.ashx?id=2657304&use=l&cat=p&typeid=i","cat":284427},{"id":43398,"n":"Fusilli Tradizioni d'Italia N°140 - 500g","p":1.52,"u":"3,04 €/KG","img":"https://fd2-photos.leclercdrive.fr/image.ashx?id=2657307&use=l&cat=p&typeid=i","cat":284427},{"id":43403,"n":"Orechiette Tradizioni d'Italia N°292 - 500g","p":1.69,"u":"3,38 €/KG","img":"https://fd2-photos.leclercdrive.fr/image.ashx?id=2699507&use=l&cat=p&typeid=i","cat":284427},{"id":43407,"n":"Glace à l'eau Smicy Star  Framboise Orange Citron x8 480g","p":2.59,"u":"5,40 €/KG","img":"https://fd2-photos.leclercdrive.fr/image.ashx?id=2954884&use=l&cat=p&typeid=i","cat":285250},{"id":43408,"n":"AOP Chinon vin rouge Les Caractères - 75cl","p":4.95,"u":"6,60 €/L","img":"https://fd2-photos.leclercdrive.fr/image.ashx?id=2745484&use=l&cat=p&typeid=i","cat":289556},{"id":43409,"n":"AOP Côtes de Bergerac moelleux Terrasses d'Autan - 75cl","p":3.7,"u":"4,93 €/L","img":"https://fd2-photos.leclercdrive.fr/image.ashx?id=2929873&use=l&cat=p&typeid=i","cat":289557},{"id":43417,"n":"IGP Pays d'Oc blanc Roche Mazet Chardonnay 12.5% vol - 75cl","p":3.12,"pp":2.34,"u":"3,12 €/L","img":"https://fd2-photos.leclercdrive.fr/image.ashx?id=2991945&use=l&cat=p&typeid=i","cat":289557},{"id":43509,"n":"Ktipiti Tables du Monde 200g","p":1.54,"u":"7,70 €/KG","img":"https://fd2-photos.leclercdrive.fr/image.ashx?id=2872448&use=l&cat=p&typeid=i","cat":315999},{"id":43602,"n":"Jus d'orange Jafaden Avec pulpe - 1.5L","p":3.39,"u":"2,26 €/L","img":"https://fd2-photos.leclercdrive.fr/image.ashx?id=2723144&use=l&cat=p&typeid=i","cat":285435},{"id":43604,"n":"Jus d'orange Jafaden Sans pulpe - 1.5L","p":3.13,"u":"2,09 €/L","img":"https://fd2-photos.leclercdrive.fr/image.ashx?id=2723147&use=l&cat=p&typeid=i","cat":285435},{"id":43605,"n":"Jus de clémentine Jafaden  1.5L","p":2.99,"u":"1,99 €/L","img":"https://fd2-photos.leclercdrive.fr/image.ashx?id=2723150&use=l&cat=p&typeid=i","cat":285435},{"id":43617,"n":"Poivre gris moulu Ducros Classique - 36g","p":1.32,"u":"36,67 €/KG","img":"https://fd2-photos.leclercdrive.fr/image.ashx?id=2559475&use=l&cat=p&typeid=i","cat":284457},{"id":43618,"n":"Flocons d'avoine Quaker Oats 550g","p":1.71,"u":"3,11 €/KG","img":"https://fd2-photos.leclercdrive.fr/image.ashx?id=2140656&use=l&cat=p&typeid=i","cat":309512},{"id":43621,"n":"Liquide vaisselle Uni vert Ecologique PSS 500ml","p":1.15,"u":"2,30 €/L","img":"https://fd2-photos.leclercdrive.fr/image.ashx?id=2999508&use=l&cat=p&typeid=i","cat":284655},{"id":43669,"n":"AOC Puisseguin Saint-Émilion vin rouge Chantet Blanet - 75cl","p":6.49,"u":"8,65 €/L","img":"https://fd2-photos.leclercdrive.fr/image.ashx?id=2783431&use=l&cat=p&typeid=i","cat":289556},{"id":43696,"n":"AOC Côtes du Marmandais vin rouge Terrasses d'Autan - 75cl","p":2.99,"u":"3,99 €/L","img":"https://fd2-photos.leclercdrive.fr/image.ashx?id=2750150&use=l&cat=p&typeid=i","cat":289556},{"id":43718,"n":"Croquettes chat Whiskas Stérilisé saumon - 1,75kg","p":5.0,"u":"2,86 €/KG","img":"https://fd2-photos.leclercdrive.fr/image.ashx?id=2915597&use=l&cat=p&typeid=i","cat":284680},{"id":43719,"n":"Croquettes chat Whiskas Stérilisé poulet - 1.75kg","p":5.0,"u":"2,86 €/KG","img":"https://fd2-photos.leclercdrive.fr/image.ashx?id=2952872&use=l&cat=p&typeid=i","cat":284680},{"id":43760,"n":"Biscuits fourrés Prince Vanille - 300g","p":1.44,"u":"4,80 €/KG","img":"https://fd2-photos.leclercdrive.fr/image.ashx?id=2907695&use=l&cat=p&typeid=i","cat":284488},{"id":43770,"n":"Après-shampooing Vitanov Nutrition - 750ml","p":4.08,"u":"5,44 €/L","img":"https://fd2-photos.leclercdrive.fr/image.ashx?id=1923583&use=l&cat=p&typeid=i","cat":284607},{"id":43771,"n":"Spray démelant  200ml","p":2.55,"u":"12,75 €/L","img":"https://fd2-photos.leclercdrive.fr/image.ashx?id=2712986&use=l&cat=p&typeid=i","cat":284608},{"id":43778,"n":"Morceaux de thon Listao Eco+ 130g","p":0.99,"u":"7,62 €/KG","img":"https://fd2-photos.leclercdrive.fr/image.ashx?id=2610669&use=l&cat=p&typeid=i","cat":303867},{"id":43816,"n":"Gourmandise Novi 198g","p":8.49,"pp":5.6,"u":"28,28 €/KG","img":"https://fd2-photos.leclercdrive.fr/image.ashx?id=2615179&use=l&cat=p&typeid=i","cat":327595},{"id":43844,"n":"Friandises chats Tous mes amis Sticks au Poulet - 3x5g - 15g","p":0.56,"u":"37,33 €/KG","img":"https://fd2-photos.leclercdrive.fr/image.ashx?id=1947507&use=l&cat=p&typeid=i","cat":285285},{"id":43845,"n":"Friandises chats Tous mes amis Sticks au Saumon  - 3x5g - 15g","p":0.56,"u":"37,33 €/KG","img":"https://fd2-photos.leclercdrive.fr/image.ashx?id=802043&use=l&cat=p&typeid=i","cat":285285},{"id":43924,"n":"AOP Vin blanc italien  Prosecco Vilaveroni 75cl","p":6.5,"u":"8,67 €/L","img":"https://fd2-photos.leclercdrive.fr/image.ashx?id=2492351&use=l&cat=p&typeid=i","cat":289461},{"id":43930,"n":"Vin mousseux blanc Festillant Sans alcool - 75cl","p":3.36,"u":"4,48 €/L","img":"https://fd2-photos.leclercdrive.fr/image.ashx?id=2980899&use=l&cat=p&typeid=i","cat":289460},{"id":43943,"n":"Champagne Cordon rouge Mumm Millésime - 75cl","p":37.95,"pp":34.95,"u":"46,60 €/L","img":"https://fd2-photos.leclercdrive.fr/image.ashx?id=2953758&use=l&cat=p&typeid=i","cat":284542},{"id":43944,"n":"Champagne rosé G.H. Mumm Brut - 12%vol - 75cl","p":35.9,"pp":32.9,"u":"43,87 €/L","img":"https://fd2-photos.leclercdrive.fr/image.ashx?id=2998913&use=l&cat=p&typeid=i","cat":284542},{"id":44011,"n":"Soda Breizh Cola Bouteille - 6x1,5L","p":11.28,"pp":7.9,"u":"0,88 €/L","img":"https://fd2-photos.leclercdrive.fr/image.ashx?id=1654086&use=l&cat=p&typeid=i","cat":284530},{"id":44016,"n":"Bocal Morilles extra séchées   Borde - 25g","p":14.99,"pp":9.89,"u":"395,60 €/KG","img":"https://fd2-photos.leclercdrive.fr/image.ashx?id=2731081&use=l&cat=p&typeid=i","cat":284352},{"id":44039,"n":"Soufflés Grignot' Tokapi Barbecue - 90g","p":0.99,"u":"11,00 €/KG","img":"https://fd2-photos.leclercdrive.fr/image.ashx?id=2059486&use=l&cat=p&typeid=i","cat":284449},{"id":44040,"n":"Soufflé grignot' Tokapi  jambon fromage 90g","p":0.89,"u":"9,89 €/KG","img":"https://fd2-photos.leclercdrive.fr/image.ashx?id=803076&use=l&cat=p&typeid=i","cat":284449},{"id":44081,"n":"Eau aromatisée Volvic Juicy Fraise - 1,5L","p":1.35,"u":"0,90 €/L","img":"https://fd2-photos.leclercdrive.fr/image.ashx?id=2964664&use=l&cat=p&typeid=i","cat":284537},{"id":44082,"n":"Eau aromatisée Volvic juicy Fruits exotiques - 1,5L","p":1.35,"u":"0,90 €/L","img":"https://fd2-photos.leclercdrive.fr/image.ashx?id=2964667&use=l&cat=p&typeid=i","cat":284537},{"id":44083,"n":"Eau gazeuse  Badoit verte finement pétillante - 6x1l","p":3.58,"u":"0,60 €/L","img":"https://fd2-photos.leclercdrive.fr/image.ashx?id=2919259&use=l&cat=p&typeid=i","cat":284536},{"id":44090,"n":"AOP Monbazillac vin blanc Moelleux Terrasses d'Autan-75cl","p":6.99,"u":"9,32 €/L","img":"https://fd2-photos.leclercdrive.fr/image.ashx?id=2756873&use=l&cat=p&typeid=i","cat":289557},{"id":44095,"n":"Bière blonde Leffe 6,6% - 75cl","p":2.44,"u":"3,25 €/L","img":"https://fd2-photos.leclercdrive.fr/image.ashx?id=1720789&use=l&cat=p&typeid=i","cat":334852},{"id":44097,"n":"Quinoa 500g","p":2.84,"u":"5,68 €/KG","img":"https://fd2-photos.leclercdrive.fr/image.ashx?id=3012845&use=l&cat=p&typeid=i","cat":284429},{"id":44168,"n":"Guacamole en pot 300g","p":1.75,"u":"5,83 €/KG","img":"https://fd2-photos.leclercdrive.fr/image.ashx?id=2466072&use=l&cat=p&typeid=i","cat":288993},{"id":44171,"n":"6 wraps de blé nature 370g","p":1.99,"u":"5,38 €/KG","img":"https://fd2-photos.leclercdrive.fr/image.ashx?id=2679741&use=l&cat=p&typeid=i","cat":288993},{"id":44172,"n":"Assaisonnement pour Guacamole Tables du monde - 20g","p":0.95,"u":"47,50 €/KG","img":"https://fd2-photos.leclercdrive.fr/image.ashx?id=2489125&use=l&cat=p&typeid=i","cat":288993},{"id":44173,"n":"Après-shampooing Nateis Cheveux colorés - 250ml","p":1.63,"u":"6,52 €/L","img":"https://fd2-photos.leclercdrive.fr/image.ashx?id=1889788&use=l&cat=p&typeid=i","cat":284607},{"id":44174,"n":"Après-shampooing doux Nateis Cheveux secs - 250ml","p":1.35,"u":"5,40 €/KG","img":"https://fd2-photos.leclercdrive.fr/image.ashx?id=1900117&use=l&cat=p&typeid=i","cat":284607},{"id":44178,"n":"Lessive poudre main Epsil 450g","p":0.97,"u":"2,16 €/KG","img":"https://fd2-photos.leclercdrive.fr/image.ashx?id=2838930&use=l&cat=p&typeid=i","cat":284643},{"id":44179,"n":"Sachets détachants Texil Anti-transferts - x12","p":4.44,"u":"0,37 €/P","img":"https://fd2-photos.leclercdrive.fr/image.ashx?id=2958741&use=l&cat=p&typeid=i","cat":284651},{"id":44183,"n":"Tortillas Old El Paso de blé nature x8 - 326g","p":2.37,"u":"7,27 €/KG","img":"https://fd2-photos.leclercdrive.fr/image.ashx?id=2737642&use=l&cat=p&typeid=i","cat":288993},{"id":44184,"n":"Kit fajitas Old El Paso Original doux - 500g","p":4.75,"u":"9,50 €/KG","img":"https://fd2-photos.leclercdrive.fr/image.ashx?id=2940576&use=l&cat=p&typeid=i","cat":288993},{"id":44185,"n":"Kit Burritos Old El Paso Original paprika doux - 510g","p":4.75,"u":"9,31 €/KG","img":"https://fd2-photos.leclercdrive.fr/image.ashx?id=2940579&use=l&cat=p&typeid=i","cat":288993},{"id":44195,"n":"Détachant avant lavage K2R  Action complète pistolet -750ml","p":3.02,"u":"4,03 €/L","img":"https://fd2-photos.leclercdrive.fr/image.ashx?id=2101180&use=l&cat=p&typeid=i","cat":284651},{"id":44197,"n":"Couches Activ+ Mots d'Enfants T4 : 7/18kg - x39 changes","p":12.89,"u":"0,33 €/P","img":"https://fd2-photos.leclercdrive.fr/image.ashx?id=2699489&use=l&cat=p&typeid=i","cat":284737},{"id":44273,"n":"Miettes de thon Petit Navire À l'huile d'olive - 160g","p":2.41,"u":"15,06 €/KG","img":"https://fd2-photos.leclercdrive.fr/image.ashx?id=2519642&use=l&cat=p&typeid=i","cat":303867},{"id":44279,"n":"Fromage apéritif Apericube Panier de campagne 24 cubes","p":2.26,"u":"18,08 €/KG","img":"https://fd2-photos.leclercdrive.fr/image.ashx?id=2882656&use=l&cat=p&typeid=i","cat":314027},{"id":44293,"n":"Emmental râpé  Entremont  français 160g","p":1.78,"u":"11,13 €/KG","img":"https://fd2-photos.leclercdrive.fr/image.ashx?id=2983153&use=l&cat=p&typeid=i","cat":314035},{"id":44298,"n":"L'Ortolan familial  Fromagerie Milleret-  330g","p":3.13,"u":"9,48 €/KG","img":"https://fd2-photos.leclercdrive.fr/image.ashx?id=2226400&use=l&cat=p&typeid=i","cat":314033},{"id":44307,"n":"Fromage Tomme noire NRT IGP  des Pyrénées - 200g","p":2.45,"u":"12,25 €/KG","img":"https://fd2-photos.leclercdrive.fr/image.ashx?id=2849596&use=l&cat=p&typeid=i","cat":329184},{"id":44309,"n":"Emmental tranches grand cru NRT IGP - Label Rouge -175g","p":2.89,"u":"16,51 €/KG","img":"https://fd2-photos.leclercdrive.fr/image.ashx?id=2405751&use=l&cat=p&typeid=i","cat":314028},{"id":44327,"n":"Vin Union Européenne rosé Le Tonnelier - BIB 5L","p":8.95,"u":"1,79 €/L","img":"https://fd2-photos.leclercdrive.fr/image.ashx?id=2107474&use=l&cat=p&typeid=i","cat":289560},{"id":44330,"n":"IGP Pays d'Oc blanc Roche Mazet Chardonnay 12% vol BIB 3L","p":10.41,"u":"3,47 €/L","img":"https://fd2-photos.leclercdrive.fr/image.ashx?id=2597130&use=l&cat=p&typeid=i","cat":289557},{"id":44336,"n":"Savon Noir liquide Briochin Ecocert - 1L","p":2.48,"u":"2,48 €/L","img":"https://fd2-photos.leclercdrive.fr/image.ashx?id=3011389&use=l&cat=p&typeid=i","cat":325365},{"id":44354,"n":"Préfou chorizo Paso 350g","p":3.76,"u":"10,74 €/KG","img":"https://fd2-photos.leclercdrive.fr/image.ashx?id=2332627&use=l&cat=p&typeid=i","cat":316003},{"id":44355,"n":"Sandwich Baguette Mega Viennois  Sodebo Poulet Œuf - 270g","p":1.59,"u":"5,89 €/KG","img":"https://fd2-photos.leclercdrive.fr/image.ashx?id=2732392&use=l&cat=p&typeid=i","cat":333658},{"id":44356,"n":"Sauce Beurre citronné Gastromer 200g","p":1.58,"u":"7,90 €/KG","img":"https://fd2-photos.leclercdrive.fr/image.ashx?id=2504656&use=l&cat=p&typeid=i","cat":284382},{"id":44357,"n":"Sauce Hollandaise Gastromer Gastronomie de la mer - 200g","p":1.51,"u":"7,55 €/KG","img":"https://fd2-photos.leclercdrive.fr/image.ashx?id=2504659&use=l&cat=p&typeid=i","cat":284382},{"id":44361,"n":"Chocolat Pâtissier Nestlé Dessert : Noir - 205g","p":2.98,"u":"14,54 €/KG","img":"https://fd2-photos.leclercdrive.fr/image.ashx?id=2938920&use=l&cat=p&typeid=i","cat":285562},{"id":44364,"n":"Bonbon Alpin Fresh Ricola Sans sucres - 50g","p":1.54,"u":"30,80 €/KG","img":"https://fd2-photos.leclercdrive.fr/image.ashx?id=2387831&use=l&cat=p&typeid=i","cat":304256},{"id":44368,"n":"Dentifrice mini voyage Dentamyl Haleine fraiche - 25ml","p":1.6,"u":"64,00 €/L","img":"https://fd2-photos.leclercdrive.fr/image.ashx?id=2658581&use=l&cat=p&typeid=i","cat":284612},{"id":44434,"n":"Nectar Bio Pressade Multifruits - 1,5L","p":2.21,"u":"1,47 €/L","img":"https://fd2-photos.leclercdrive.fr/image.ashx?id=2732533&use=l&cat=p&typeid=i","cat":284917},{"id":44445,"n":"Wraps Old El Paso de blé nature x6 - 350g","p":2.29,"u":"6,54 €/KG","img":"https://fd2-photos.leclercdrive.fr/image.ashx?id=2737645&use=l&cat=p&typeid=i","cat":288993},{"id":44567,"n":"Oeufs de Nos Régions Plein air Oméga 3 - x6","p":1.52,"u":"0,25 €/P","img":"https://fd2-photos.leclercdrive.fr/image.ashx?id=2969776&use=l&cat=p&typeid=i","cat":284378},{"id":44568,"n":"Oeufs frais De Nos Régions  Oméga 3 - Plein Air - x12","p":2.88,"u":"0,24 €/P","img":"https://fd2-photos.leclercdrive.fr/image.ashx?id=2969785&use=l&cat=p&typeid=i","cat":284378},{"id":44657,"n":"Bière blonde Leffe Rituel 9% - 12x25cl","p":10.04,"u":"3,35 €/L","img":"https://fd2-photos.leclercdrive.fr/image.ashx?id=2548288&use=l&cat=p&typeid=i","cat":334852},{"id":44706,"n":"Palets bretons P'tit Déli 2x125g","p":1.84,"u":"7,36 €/KG","img":"https://fd2-photos.leclercdrive.fr/image.ashx?id=2820134&use=l&cat=p&typeid=i","cat":284487},{"id":44732,"n":"Brunoise Notre Jardin méditerranéens 600g","p":3.41,"u":"5,68 €/KG","img":"https://fd2-photos.leclercdrive.fr/image.ashx?id=2873150&use=l&cat=p&typeid=i","cat":319823},{"id":44741,"n":"Riz sushi Table du monde 500g","p":1.19,"u":"2,38 €/KG","img":"https://fd2-photos.leclercdrive.fr/image.ashx?id=2679753&use=l&cat=p&typeid=i","cat":288992},{"id":44743,"n":"Julienne de légumes Bio Village Bio - 600g","p":1.99,"u":"3,32 €/KG","img":"https://fd2-photos.leclercdrive.fr/image.ashx?id=2175780&use=l&cat=p&typeid=i","cat":319823},{"id":44745,"n":"Mini boulettes au boeuf Férial  x50 - 750g","p":6.99,"u":"9,32 €/KG","img":"https://fd2-photos.leclercdrive.fr/image.ashx?id=2966511&use=l&cat=p&typeid=i","cat":319779},{"id":44746,"n":"Glace Mystère Extrême Vanille Meringue x4 308.6g","p":5.16,"u":"16,70 €/KG","img":"https://fd2-photos.leclercdrive.fr/image.ashx?id=2878375&use=l&cat=p&typeid=i","cat":284266},{"id":44748,"n":"Purée de carottes Notre Jardin potirons 750g","p":2.62,"u":"3,49 €/KG","img":"https://fd2-photos.leclercdrive.fr/image.ashx?id=2856190&use=l&cat=p&typeid=i","cat":319805},{"id":44767,"n":"Dés Gouda cumin Les Croisés 30%MG - 150g","p":1.95,"u":"13,00 €/KG","img":"https://fd2-photos.leclercdrive.fr/image.ashx?id=2532844&use=l&cat=p&typeid=i","cat":314027},{"id":44770,"n":"Steak haché Férial  5%mg x4 - 400g","p":6.99,"u":"17,48 €/KG","img":"https://fd2-photos.leclercdrive.fr/image.ashx?id=3004663&use=l&cat=p&typeid=i","cat":319778},{"id":44808,"n":"AOC Côtes du Rhône rouge BIO Rives & Terrasses - 75cl","p":3.99,"u":"5,32 €/L","img":"https://fd2-photos.leclercdrive.fr/image.ashx?id=2928318&use=l&cat=p&typeid=i","cat":289556},{"id":44829,"n":"Vin mousseux Veuve Paul Bur Brut - 6x75cl","p":13.5,"u":"3,00 €/L","img":"https://fd2-photos.leclercdrive.fr/image.ashx?id=2385983&use=l&cat=p&typeid=i","cat":284544},{"id":44830,"n":"Vin mousseux Veuve Paul Bur  Demi-sec - 6x75cl","p":13.5,"u":"3,00 €/L","img":"https://fd2-photos.leclercdrive.fr/image.ashx?id=2207178&use=l&cat=p&typeid=i","cat":284544},{"id":44861,"n":"Sauce pesto Tradizioni d'Italia A la génoise - 180g","p":1.79,"u":"9,94 €/KG","img":"https://fd2-photos.leclercdrive.fr/image.ashx?id=2840043&use=l&cat=p&typeid=i","cat":287599},{"id":44865,"n":"Dessert fruits mixés Sojasun Abricot / Goyave - 4x100g","p":1.54,"u":"3,85 €/KG","img":"https://fd2-photos.leclercdrive.fr/image.ashx?id=2355668&use=l&cat=p&typeid=i","cat":316071},{"id":44884,"n":"Soupe Mouliné Bio Village Bio - Légumes variés - 1L","p":1.97,"u":"1,97 €/L","img":"https://fd2-photos.leclercdrive.fr/image.ashx?id=2376115&use=l&cat=p&typeid=i","cat":284462},{"id":44900,"n":"Baguette précuite four Epi d'Or précuite four en pierre - 250g","p":1.35,"u":"5,40 €/KG","img":"https://fd2-photos.leclercdrive.fr/image.ashx?id=2499388&use=l&cat=p&typeid=i","cat":325069},{"id":44910,"n":"Crème dessert La Laitière Pot de crème chocolat - 8x100g","p":4.2,"u":"5,25 €/KG","img":"https://fd2-photos.leclercdrive.fr/image.ashx?id=2692116&use=l&cat=p&typeid=i","cat":285041},{"id":44911,"n":"Crème dessert La Laitière Pot de crème vanille - 8x100g","p":4.16,"u":"5,20 €/KG","img":"https://fd2-photos.leclercdrive.fr/image.ashx?id=2692119&use=l&cat=p&typeid=i","cat":285041},{"id":44939,"n":"Mini gratins Côté Table Pomme de terre salardaise 400g","p":3.89,"u":"9,73 €/KG","img":"https://fd2-photos.leclercdrive.fr/image.ashx?id=2641289&use=l&cat=p&typeid=i","cat":319802},{"id":44944,"n":"Oeufs de caille De Nos Régions x18","p":2.39,"u":"0,13 €/P","img":"https://fd2-photos.leclercdrive.fr/image.ashx?id=1070469&use=l&cat=p&typeid=i","cat":284378},{"id":44947,"n":"Pâtes Tagliatelle Panzani Qualité Pâtes Fraîche - 400G","p":1.75,"u":"4,38 €/KG","img":"https://fd2-photos.leclercdrive.fr/image.ashx?id=2872856&use=l&cat=p&typeid=i","cat":284427},{"id":44953,"n":"Pâtes Sans gluten Barilla Spaghetti - 400g","p":1.84,"u":"4,60 €/KG","img":"https://fd2-photos.leclercdrive.fr/image.ashx?id=2647639&use=l&cat=p&typeid=i","cat":284427},{"id":44954,"n":"Pâtes Sans gluten Barilla Penne Rigate - 400g","p":1.84,"u":"4,60 €/KG","img":"https://fd2-photos.leclercdrive.fr/image.ashx?id=2975461&use=l&cat=p&typeid=i","cat":284427},{"id":44959,"n":"Lingettes démaquillantes Inell Eau micellaire x25","p":2.6,"u":"0,10 €/P","img":"https://fd2-photos.leclercdrive.fr/image.ashx?id=2764392&use=l&cat=p&typeid=i","cat":284603},{"id":44964,"n":"Alèses absorbantes Chorys 60x90cm - x16","p":6.99,"u":"0,44 €/P","img":"https://fd2-photos.leclercdrive.fr/image.ashx?id=2860076&use=l&cat=p&typeid=i","cat":284628},{"id":44967,"n":"Culottes bébé Mots d'Enfants  T5 : 12/18kg - x20 changes","p":5.45,"u":"0,27 €/P","img":"https://fd2-photos.leclercdrive.fr/image.ashx?id=2904580&use=l&cat=p&typeid=i","cat":290633},{"id":44968,"n":"Culottes bébé Mots d'Enfants  T6 : 16kg - x18 changes","p":4.99,"u":"0,28 €/P","img":"https://fd2-photos.leclercdrive.fr/image.ashx?id=2907201&use=l&cat=p&typeid=i","cat":290633},{"id":44980,"n":"Gel lave-vaisselle Visior Classique x75 - 1,5L","p":4.75,"u":"3,17 €/L","img":"https://fd2-photos.leclercdrive.fr/image.ashx?id=1544234&use=l&cat=p&typeid=i","cat":284656},{"id":44982,"n":"Papier toilette Lotus Just.1 Rouleaux blancs - x6","p":3.81,"u":"0,64 €/P","img":"https://fd2-photos.leclercdrive.fr/image.ashx?id=2842915&use=l&cat=p&typeid=i","cat":284634},{"id":45009,"n":"Cacahuètes grillées Tokapi salées 3x120g","p":1.49,"u":"4,14 €/KG","img":"https://fd2-photos.leclercdrive.fr/image.ashx?id=2793230&use=l&cat=p&typeid=i","cat":284448},{"id":45014,"n":"AOC Touraine vin rouge Les Caractères - 75cl","p":4.49,"u":"5,99 €/L","img":"https://fd2-photos.leclercdrive.fr/image.ashx?id=2750159&use=l&cat=p&typeid=i","cat":289556},{"id":45020,"n":"AOC Fitou vin rouge Prieur Barsanne - 75cl","p":3.99,"u":"5,32 €/L","img":"https://fd2-photos.leclercdrive.fr/image.ashx?id=2742623&use=l&cat=p&typeid=i","cat":289556},{"id":45024,"n":"AOC Mâcon Villages vin blanc Antoine Barrier - 75cl","p":7.49,"u":"9,99 €/L","img":"https://fd2-photos.leclercdrive.fr/image.ashx?id=2677104&use=l&cat=p&typeid=i","cat":289557},{"id":45029,"n":"AOP Vin blanc Muscadet Sèvre & Maine sur Lie - 75cl","p":4.19,"u":"5,59 €/L","img":"https://fd2-photos.leclercdrive.fr/image.ashx?id=2905913&use=l&cat=p&typeid=i","cat":289557},{"id":45035,"n":"AOP Alsace Riesling vin blanc Rebmann - 75 cl","p":4.85,"u":"6,47 €/L","img":"https://fd2-photos.leclercdrive.fr/image.ashx?id=2754213&use=l&cat=p&typeid=i","cat":289557},{"id":45036,"n":"AOC Alsace Riesling vin blanc Rebmann - 37,5 cl","p":3.25,"u":"8,67 €/L","img":"https://fd2-photos.leclercdrive.fr/image.ashx?id=2754216&use=l&cat=p&typeid=i","cat":289557},{"id":45038,"n":"AOP Côtes du Rhône vin rouge Grégoire XI - 75 cl","p":2.99,"u":"3,99 €/L","img":"https://fd2-photos.leclercdrive.fr/image.ashx?id=2928222&use=l&cat=p&typeid=i","cat":289556},{"id":45050,"n":"AOP Bourgogne Pinot noir vin rouge Antoine Barrier - 75cl","p":7.99,"u":"10,65 €/L","img":"https://fd2-photos.leclercdrive.fr/image.ashx?id=2694106&use=l&cat=p&typeid=i","cat":289556},{"id":45052,"n":"Velouté Régal Soupe Potiron Châtaigne - 1L","p":2.46,"u":"2,46 €/L","img":"https://fd2-photos.leclercdrive.fr/image.ashx?id=2983811&use=l&cat=p&typeid=i","cat":284462},{"id":45055,"n":"Soupe velouté Régal Soupe Légumes du soleil 2x30cl","p":1.62,"u":"2,70 €/L","img":"https://fd2-photos.leclercdrive.fr/image.ashx?id=2983814&use=l&cat=p&typeid=i","cat":284462},{"id":45065,"n":"Bretzels d'alsace NRT sachet 200g","p":0.74,"u":"3,70 €/KG","img":"https://fd2-photos.leclercdrive.fr/image.ashx?id=2638018&use=l&cat=p&typeid=i","cat":297000},{"id":45097,"n":"Panettone Tradizioni d'Italia 500g","p":5.49,"u":"10,98 €/KG","img":"https://fd2-photos.leclercdrive.fr/image.ashx?id=2743921&use=l&cat=p&typeid=i","cat":293600},{"id":45101,"n":"Carrés de soin Mots d'Enfants Bébés - x100","p":1.99,"u":"0,02 €/P","img":"https://fd2-photos.leclercdrive.fr/image.ashx?id=3014245&use=l&cat=p&typeid=i","cat":284739},{"id":45102,"n":"Culottes bébé Mots d'Enfants  T4 : 8/15kg - x22 changes","p":5.35,"u":"0,24 €/P","img":"https://fd2-photos.leclercdrive.fr/image.ashx?id=2907198&use=l&cat=p&typeid=i","cat":290633},{"id":45138,"n":"Biscuits Bio Bjorg complets P'tit nature - 200g","p":1.49,"u":"7,45 €/KG","img":"https://fd2-photos.leclercdrive.fr/image.ashx?id=2906157&use=l&cat=p&typeid=i","cat":284487},{"id":45145,"n":"Crème amande cuisine  Bjorg  Bio - 200ml","p":1.58,"u":"7,90 €/L","img":"https://fd2-photos.leclercdrive.fr/image.ashx?id=2851770&use=l&cat=p&typeid=i","cat":288383},{"id":45148,"n":"Boisson végétale épeautre noisette Bjorg Bio - 1L","p":2.35,"u":"2,35 €/L","img":"https://fd2-photos.leclercdrive.fr/image.ashx?id=2960804&use=l&cat=p&typeid=i","cat":316067},{"id":45149,"n":"Boisson végétale lait d'amande  chocolat bjorg bio - 1l","p":2.45,"u":"2,45 €/L","img":"https://fd2-photos.leclercdrive.fr/image.ashx?id=2939412&use=l&cat=p&typeid=i","cat":316067},{"id":45157,"n":"Boulghour Tunisienne Céréal Bio Bio repas express - 220g","p":1.87,"u":"8,50 €/KG","img":"https://fd2-photos.leclercdrive.fr/image.ashx?id=2574062&use=l&cat=p&typeid=i","cat":287600},{"id":45165,"n":"Pots soir bébé bio Babybio Légumes blé - 6 mois - 2x200g","p":2.84,"u":"7,10 €/KG","img":"https://fd2-photos.leclercdrive.fr/image.ashx?id=2827479&use=l&cat=p&typeid=i","cat":312239},{"id":45167,"n":"Flocons avoine bio  Terres et Céréales - 500g","p":1.86,"u":"3,72 €/KG","img":"https://fd2-photos.leclercdrive.fr/image.ashx?id=2471907&use=l&cat=p&typeid=i","cat":309512},{"id":45169,"n":"Bouillon cube bio Jardin Bio Volaille dégraissé x10 - 100g","p":2.05,"u":"20,50 €/KG","img":"https://fd2-photos.leclercdrive.fr/image.ashx?id=2535538&use=l&cat=p&typeid=i","cat":288379},{"id":45171,"n":"Chocolat noir Bio Ethiquable   70% Pérou - 100g","p":2.56,"u":"25,60 €/KG","img":"https://fd2-photos.leclercdrive.fr/image.ashx?id=2870896&use=l&cat=p&typeid=i","cat":284956},{"id":45190,"n":"Couscous légumes Jardin Bio  Bio millet sans gluten - 220g","p":2.35,"u":"10,68 €/KG","img":"https://fd2-photos.leclercdrive.fr/image.ashx?id=2918937&use=l&cat=p&typeid=i","cat":284429},{"id":45192,"n":"Pâtes bio Jardin Bio Coquillettes 3 min - 500g","p":1.69,"u":"3,38 €/KG","img":"https://fd2-photos.leclercdrive.fr/image.ashx?id=2939976&use=l&cat=p&typeid=i","cat":284427},{"id":45193,"n":"Chocolat noir Bio Ethiquable  85% Madagascar - 100g","p":2.67,"u":"26,70 €/KG","img":"https://fd2-photos.leclercdrive.fr/image.ashx?id=2870881&use=l&cat=p&typeid=i","cat":284956},{"id":45194,"n":"Chocolat noir Bio Ethiquable  80% Equateur - 100g","p":2.67,"u":"26,70 €/KG","img":"https://fd2-photos.leclercdrive.fr/image.ashx?id=2870917&use=l&cat=p&typeid=i","cat":284956},{"id":45197,"n":"Quinoa boulghour  Céréal Bio  à l'Indienne bio -220g","p":2.25,"u":"10,23 €/KG","img":"https://fd2-photos.leclercdrive.fr/image.ashx?id=2574068&use=l&cat=p&typeid=i","cat":287600},{"id":45205,"n":"Biscuits fourrés Bio Bjorg  Chocolat lait noisette - 225g","p":3.78,"u":"16,80 €/KG","img":"https://fd2-photos.leclercdrive.fr/image.ashx?id=2970930&use=l&cat=p&typeid=i","cat":284488},{"id":45212,"n":"Duo de quinoa Jardin Bio  Bio aux légumes - 250g","p":1.75,"u":"7,00 €/KG","img":"https://fd2-photos.leclercdrive.fr/image.ashx?id=2535481&use=l&cat=p&typeid=i","cat":287600},{"id":45213,"n":"Flageolets Jardin Bio  Bio cuisinés - 680g","p":3.0,"u":"4,41 €/KG","img":"https://fd2-photos.leclercdrive.fr/image.ashx?id=2918319&use=l&cat=p&typeid=i","cat":312606},{"id":45229,"n":"biscuits gaufres bio bjorg  Miel - 175g","p":2.1,"u":"12,00 €/KG","img":"https://fd2-photos.leclercdrive.fr/image.ashx?id=2915973&use=l&cat=p&typeid=i","cat":294777},{"id":45239,"n":"plat cuisiné lentilles bio carottes  bjorg 250g","p":1.76,"u":"7,04 €/KG","img":"https://fd2-photos.leclercdrive.fr/image.ashx?id=2861521&use=l&cat=p&typeid=i","cat":287600},{"id":45244,"n":"boisson végétale lait d'amande  bio bjorg 1l","p":2.25,"u":"2,25 €/L","img":"https://fd2-photos.leclercdrive.fr/image.ashx?id=2967067&use=l&cat=p&typeid=i","cat":316067},{"id":45245,"n":"Boisson végétale lait d'amande  vanille bjorg bio - 1l","p":2.33,"u":"2,33 €/L","img":"https://fd2-photos.leclercdrive.fr/image.ashx?id=2991978&use=l&cat=p&typeid=i","cat":316067},{"id":45247,"n":"Maïs bio Géant Vert extra croquant - 2x140g","p":2.3,"u":"8,21 €/KG","img":"https://fd2-photos.leclercdrive.fr/image.ashx?id=2840545&use=l&cat=p&typeid=i","cat":312611},{"id":45251,"n":"Lentilles vertes Jardin Bio  Bio saveur du terroir - 250g","p":1.56,"u":"6,24 €/KG","img":"https://fd2-photos.leclercdrive.fr/image.ashx?id=2535559&use=l&cat=p&typeid=i","cat":287600},{"id":45254,"n":"Infusion Clipper Bio - Citron gingembre - 50g","p":1.99,"u":"39,80 €/KG","img":"https://fd2-photos.leclercdrive.fr/image.ashx?id=2909176&use=l&cat=p&typeid=i","cat":293234},{"id":45261,"n":"Orge riz rouge bio Céréal Bio  lentilles repas express-220g","p":1.79,"u":"7,16 €/KG","img":"https://fd2-photos.leclercdrive.fr/image.ashx?id=2574080&use=l&cat=p&typeid=i","cat":287600},{"id":45262,"n":"Orge pruneaux bio Céréal Bio  Marocain repas express-220g","p":2.17,"u":"9,86 €/KG","img":"https://fd2-photos.leclercdrive.fr/image.ashx?id=2575075&use=l&cat=p&typeid=i","cat":287600},{"id":45270,"n":"Pains au chocolat Bio La Boulangère - 6x270g","p":2.62,"u":"9,70 €/KG","img":"https://fd2-photos.leclercdrive.fr/image.ashx?id=2912185&use=l&cat=p&typeid=i","cat":296366},{"id":45274,"n":"Maïs doux Jardin Bio  Bio - 230g","p":1.99,"u":"8,65 €/KG","img":"https://fd2-photos.leclercdrive.fr/image.ashx?id=2903233&use=l&cat=p&typeid=i","cat":312611},{"id":45276,"n":"Pain de mie La Boulangère  Céréales Bio - 500g","p":2.23,"u":"4,46 €/KG","img":"https://fd2-photos.leclercdrive.fr/image.ashx?id=2912398&use=l&cat=p&typeid=i","cat":284477},{"id":45278,"n":"Purée potimarron Céréal Bio  lentilles bio-250g","p":1.78,"u":"7,12 €/KG","img":"https://fd2-photos.leclercdrive.fr/image.ashx?id=2574074&use=l&cat=p&typeid=i","cat":287600},{"id":45281,"n":"Riz cuisine Bio - Bjorg  20cl","p":1.31,"u":"6,55 €/L","img":"https://fd2-photos.leclercdrive.fr/image.ashx?id=2642411&use=l&cat=p&typeid=i","cat":316069},{"id":45287,"n":"Repas bébé Babybio - 4 mois Légumes Bio - 2x130g","p":2.07,"u":"7,96 €/KG","img":"https://fd2-photos.leclercdrive.fr/image.ashx?id=2827443&use=l&cat=p&typeid=i","cat":312234},{"id":45288,"n":"Compote bébé Babybio Bio 4 mois Pomme / Myrtille - 2x130g","p":2.08,"u":"8,00 €/KG","img":"https://fd2-photos.leclercdrive.fr/image.ashx?id=2827491&use=l&cat=p&typeid=i","cat":312387},{"id":45289,"n":"Petits pois bio Jardin Bio A l'étuvée extra fins - 230g","p":2.04,"u":"8,87 €/KG","img":"https://fd2-photos.leclercdrive.fr/image.ashx?id=2944732&use=l&cat=p&typeid=i","cat":312607},{"id":45290,"n":"Petits pois Le jardin Bio  Bio extra fins - 445g","p":3.18,"u":"7,15 €/KG","img":"https://fd2-photos.leclercdrive.fr/image.ashx?id=2944735&use=l&cat=p&typeid=i","cat":312607},{"id":45291,"n":"Quinoa Jardin Bio  Bio poulet et Sésame - 250g","p":2.33,"u":"9,32 €/KG","img":"https://fd2-photos.leclercdrive.fr/image.ashx?id=2956433&use=l&cat=p&typeid=i","cat":287600},{"id":45319,"n":"Pineau blanc Charentes NRT  17% vol - 75cl","p":7.95,"u":"10,60 €/L","img":"https://fd2-photos.leclercdrive.fr/image.ashx?id=2562126&use=l&cat=p&typeid=i","cat":284913},{"id":45320,"n":"Pineau rosé Charentes NRT  17% vol - 75cl","p":8.99,"u":"11,99 €/L","img":"https://fd2-photos.leclercdrive.fr/image.ashx?id=2679801&use=l&cat=p&typeid=i","cat":284913},{"id":45340,"n":"Tartine  Céréal Bio  Bio multicéréales - 145g","p":1.51,"u":"10,41 €/KG","img":"https://fd2-photos.leclercdrive.fr/image.ashx?id=2810795&use=l&cat=p&typeid=i","cat":284479},{"id":45345,"n":"Terrine d'aubergine Bio Bjorg  125g","p":2.08,"u":"16,64 €/KG","img":"https://fd2-photos.leclercdrive.fr/image.ashx?id=2786030&use=l&cat=p&typeid=i","cat":315999},{"id":45351,"n":"Tartines bio Jardin Bio Sarrasin sans gluten - 150g","p":1.94,"u":"12,93 €/KG","img":"https://fd2-photos.leclercdrive.fr/image.ashx?id=2535547&use=l&cat=p&typeid=i","cat":318654},{"id":45353,"n":"Tartines bio Jardin Bio Multicéréales sans gluten -150g","p":2.03,"u":"13,53 €/KG","img":"https://fd2-photos.leclercdrive.fr/image.ashx?id=2537646&use=l&cat=p&typeid=i","cat":318654},{"id":45354,"n":"Tartines bio Jardin Bio Châtaigne sans gluten - 150g","p":2.07,"u":"13,80 €/KG","img":"https://fd2-photos.leclercdrive.fr/image.ashx?id=2537649&use=l&cat=p&typeid=i","cat":318654},{"id":45355,"n":"Thé vert Bio Clipper Au Citron - 20 sachets - 35g","p":2.16,"u":"61,71 €/KG","img":"https://fd2-photos.leclercdrive.fr/image.ashx?id=2922089&use=l&cat=p&typeid=i","cat":293233},{"id":45372,"n":"Tomates pelées Jardin Bio  Bio Entières au jus - 240g","p":1.16,"u":"4,83 €/KG","img":"https://fd2-photos.leclercdrive.fr/image.ashx?id=2967911&use=l&cat=p&typeid=i","cat":288384},{"id":45382,"n":"Déodorant Spray Femme Nivea Protect & Care - 200ml","p":2.69,"u":"13,45 €/L","img":"https://fd2-photos.leclercdrive.fr/image.ashx?id=2869188&use=l&cat=p&typeid=i","cat":284595},{"id":45415,"n":"Fromage Emmental Entremont Râpé  - 300g","p":3.26,"u":"10,87 €/KG","img":"https://fd2-photos.leclercdrive.fr/image.ashx?id=2983156&use=l&cat=p&typeid=i","cat":314035},{"id":45437,"n":"Bâtonnets Surimi grands Coraya x10 - 156g","p":2.47,"u":"15,83 €/KG","img":"https://fd2-photos.leclercdrive.fr/image.ashx?id=2762133&use=l&cat=p&typeid=i","cat":285189},{"id":45454,"n":"Soufflés Tornades 3D Tokapi  Paprika 85g","p":0.73,"u":"8,59 €/KG","img":"https://fd2-photos.leclercdrive.fr/image.ashx?id=2093861&use=l&cat=p&typeid=i","cat":284449},{"id":45456,"n":"Chips Bio Village Bio Nature - 6x30g","p":2.99,"u":"16,61 €/KG","img":"https://fd2-photos.leclercdrive.fr/image.ashx?id=2838957&use=l&cat=p&typeid=i","cat":284447},{"id":45483,"n":"Pastilles javel Clair Parfum Menthe x42 - 168g","p":1.44,"u":"8,57 €/KG","img":"https://fd2-photos.leclercdrive.fr/image.ashx?id=2631447&use=l&cat=p&typeid=i","cat":284661},{"id":45498,"n":"Sacs poubelle 30L Elembal Ultra resist - x20","p":3.25,"u":"0,16 €/P","img":"https://fd2-photos.leclercdrive.fr/image.ashx?id=2958729&use=l&cat=p&typeid=i","cat":285168},{"id":45499,"n":"Sacs poubelle 50L Elembal Ultra résist - x15","p":3.9,"u":"0,26 €/P","img":"https://fd2-photos.leclercdrive.fr/image.ashx?id=2958732&use=l&cat=p&typeid=i","cat":285168},{"id":45500,"n":"Sacs poubelle 100L Elembal Ultra résist - x10","p":3.73,"u":"0,37 €/P","img":"https://fd2-photos.leclercdrive.fr/image.ashx?id=2958735&use=l&cat=p&typeid=i","cat":285168},{"id":45536,"n":"Taboulé Bonduelle Poulet - 300g","p":1.84,"u":"6,13 €/KG","img":"https://fd2-photos.leclercdrive.fr/image.ashx?id=2907902&use=l&cat=p&typeid=i","cat":333657},{"id":45541,"n":"Pizza l'Ovale Sodebo 3 fromages fondants - 200g","p":1.55,"u":"7,75 €/KG","img":"https://fd2-photos.leclercdrive.fr/image.ashx?id=2723644&use=l&cat=p&typeid=i","cat":333679},{"id":45575,"n":"Fromage raclette Les Croisés Nature et 3 poivres - 400g","p":5.3,"u":"13,25 €/KG","img":"https://fd2-photos.leclercdrive.fr/image.ashx?id=1735981&use=l&cat=p&typeid=i","cat":314037},{"id":45576,"n":"Fromage raclette Les Croisés  Nature et fumé 400g","p":5.34,"u":"13,35 €/KG","img":"https://fd2-photos.leclercdrive.fr/image.ashx?id=2793233&use=l&cat=p&typeid=i","cat":314037},{"id":45636,"n":"Bouquet garni Ducros Epices à la provençale - 18g","p":1.57,"u":"87,22 €/KG","img":"https://fd2-photos.leclercdrive.fr/image.ashx?id=1715377&use=l&cat=p&typeid=i","cat":298297},{"id":45642,"n":"Ratatouille Cuisinée Cassegrain à la Provençale 185g","p":1.77,"u":"9,57 €/KG","img":"https://fd2-photos.leclercdrive.fr/image.ashx?id=2913007&use=l&cat=p&typeid=i","cat":312612},{"id":45671,"n":"Chips Bret's Chèvre/piment d'espelette -125g","p":1.09,"u":"8,72 €/KG","img":"https://fd2-photos.leclercdrive.fr/image.ashx?id=1941593&use=l&cat=p&typeid=i","cat":284447},{"id":45708,"n":"Yaourt à boire Mini Yop Aromatisé Fraise - 8x100g","p":2.12,"u":"2,65 €/KG","img":"https://fd2-photos.leclercdrive.fr/image.ashx?id=2985159&use=l&cat=p&typeid=i","cat":284415},{"id":45710,"n":"Fromage Burger cheddar/emmental Président - 20 tranches - 340g","p":2.62,"u":"7,71 €/KG","img":"https://fd2-photos.leclercdrive.fr/image.ashx?id=2628239&use=l&cat=p&typeid=i","cat":314028},{"id":45712,"n":"Emmental râpé fondant Président 500g","p":4.84,"u":"9,68 €/KG","img":"https://fd2-photos.leclercdrive.fr/image.ashx?id=2489464&use=l&cat=p&typeid=i","cat":314035},{"id":45805,"n":"Emincé de thon Rondes des Mers Fumé - 100g","p":4.19,"u":"41,90 €/KG","img":"https://fd2-photos.leclercdrive.fr/image.ashx?id=2381435&use=l&cat=p&typeid=i","cat":285188},{"id":45826,"n":"Brosse à dents pro Dentamyl Médium x2","p":0.65,"u":"0,33 €/P","img":"https://fd2-photos.leclercdrive.fr/image.ashx?id=2790982&use=l&cat=p&typeid=i","cat":284614},{"id":45831,"n":"Pâtes nouilles Mamee Curry - 85g","p":0.72,"u":"8,47 €/KG","img":"https://fd2-photos.leclercdrive.fr/image.ashx?id=1951511&use=l&cat=p&typeid=i","cat":288992},{"id":45832,"n":"Pâtes nouilles Mamee Légume - 85g","p":0.69,"u":"8,12 €/KG","img":"https://fd2-photos.leclercdrive.fr/image.ashx?id=1951517&use=l&cat=p&typeid=i","cat":288992},{"id":45867,"n":"Crème dessert Mont Blanc Coupelles Chocolat - 4x125g","p":3.14,"u":"6,28 €/KG","img":"https://fd2-photos.leclercdrive.fr/image.ashx?id=2961104&use=l&cat=p&typeid=i","cat":284506},{"id":45870,"n":"Vinaigre ménager Clair 100% naturel - 1L","p":1.08,"u":"1,08 €/L","img":"https://fd2-photos.leclercdrive.fr/image.ashx?id=2779199&use=l&cat=p&typeid=i","cat":325365},{"id":45908,"n":"Biscuits fourrés Prince Chocolat - 3x300g","p":3.66,"u":"4,07 €/KG","img":"https://fd2-photos.leclercdrive.fr/image.ashx?id=3014641&use=l&cat=p&typeid=i","cat":284488},{"id":45910,"n":"Thon entier Petit Navire Huile de tournesol 3x160g","p":5.59,"u":"34,94 €/KG","img":"https://fd2-photos.leclercdrive.fr/image.ashx?id=2543987&use=l&cat=p&typeid=i","cat":303867},{"id":45911,"n":"Thon en miette Petit Navire Huile de tournesol 3x160g","p":5.59,"u":"34,94 €/KG","img":"https://fd2-photos.leclercdrive.fr/image.ashx?id=2561571&use=l&cat=p&typeid=i","cat":303867},{"id":45914,"n":"Caramel beurre salé NRT De Guérande -200g","p":3.29,"u":"16,45 €/KG","img":"https://fd2-photos.leclercdrive.fr/image.ashx?id=1907759&use=l&cat=p&typeid=i","cat":284481},{"id":45923,"n":"Pur jus d'orange Bio Village Bio avec pulpe - 1L","p":3.11,"u":"3,11 €/L","img":"https://fd2-photos.leclercdrive.fr/image.ashx?id=2901542&use=l&cat=p&typeid=i","cat":284521},{"id":45965,"n":"Saucisses Knacki Herta Poulet x6 - 210g","p":1.51,"u":"7,19 €/KG","img":"https://fd2-photos.leclercdrive.fr/image.ashx?id=2290428&use=l&cat=p&typeid=i","cat":316012},{"id":46006,"n":"AOP Jurançon vin blanc Moelleux Terrasses d'Autan-75cl","p":6.99,"u":"9,32 €/L","img":"https://fd2-photos.leclercdrive.fr/image.ashx?id=2774859&use=l&cat=p&typeid=i","cat":289557},{"id":46016,"n":"Chocolat Pâtissier Tablette dOr Chocolat Noir - 3x200g","p":5.35,"u":"8,92 €/KG","img":"https://fd2-photos.leclercdrive.fr/image.ashx?id=3015392&use=l&cat=p&typeid=i","cat":285562},{"id":46021,"n":"Brandade de morue Gastromer A l'huile d'olive - 600g","p":4.57,"u":"7,62 €/KG","img":"https://fd2-photos.leclercdrive.fr/image.ashx?id=2594630&use=l&cat=p&typeid=i","cat":285094},{"id":46037,"n":"Biscottes Toast Pelletier  Goût brioché - 150g","p":1.29,"u":"8,60 €/KG","img":"https://fd2-photos.leclercdrive.fr/image.ashx?id=1888023&use=l&cat=p&typeid=i","cat":284479},{"id":46043,"n":"Barre 2 chocolats Gerlinéa  Repas minceur x10, 310g","p":5.79,"u":"18,68 €/KG","img":"https://fd2-photos.leclercdrive.fr/image.ashx?id=2638181&use=l&cat=p&typeid=i","cat":318652},{"id":46047,"n":"Sirop d'érable  250g","p":3.3,"u":"13,20 €/KG","img":"https://fd2-photos.leclercdrive.fr/image.ashx?id=2480298&use=l&cat=p&typeid=i","cat":287643},{"id":46051,"n":"Menus chat Tous mes amis Viande menus gourmands 24x100g","p":6.95,"u":"2,90 €/KG","img":"https://fd2-photos.leclercdrive.fr/image.ashx?id=2027607&use=l&cat=p&typeid=i","cat":285286},{"id":46052,"n":"Gelée pour chat Tous mes amis Poisson menus gourmands 24x100g","p":6.95,"u":"2,90 €/KG","img":"https://fd2-photos.leclercdrive.fr/image.ashx?id=2027604&use=l&cat=p&typeid=i","cat":285286},{"id":46098,"n":"Biscuits chocolat Prince Lu 6x300g","p":8.1,"u":"4,50 €/KG","img":"https://fd2-photos.leclercdrive.fr/image.ashx?id=2737165&use=l&cat=p&typeid=i","cat":284488},{"id":46166,"n":"Crackers bio Bio Village 3 graines - 200g","p":2.69,"u":"13,45 €/KG","img":"https://fd2-photos.leclercdrive.fr/image.ashx?id=2310504&use=l&cat=p&typeid=i","cat":297000},{"id":46224,"n":"Friandises chien Pedigree Récompense bœuf fromage - 140g","p":1.69,"u":"12,07 €/KG","img":"https://fd2-photos.leclercdrive.fr/image.ashx?id=2256203&use=l&cat=p&typeid=i","cat":294527},{"id":46381,"n":"Fromage Emmenta Les Croisés En dés - 150g","p":1.89,"u":"12,60 €/KG","img":"https://fd2-photos.leclercdrive.fr/image.ashx?id=2422550&use=l&cat=p&typeid=i","cat":314027},{"id":46433,"n":"Poivrons Tradizioni D'italia  Grillés/huile d'olive - 280g","p":3.49,"u":"12,46 €/KG","img":"https://fd2-photos.leclercdrive.fr/image.ashx?id=2840046&use=l&cat=p&typeid=i","cat":312608},{"id":46462,"n":"Mini coudes Turini 500g","p":0.99,"u":"1,98 €/KG","img":"https://fd2-photos.leclercdrive.fr/image.ashx?id=2607566&use=l&cat=p&typeid=i","cat":284427},{"id":46469,"n":"IGP Pâte Garofalo  Riccioli - 500g","p":1.31,"u":"2,62 €/KG","img":"https://fd2-photos.leclercdrive.fr/image.ashx?id=2884840&use=l&cat=p&typeid=i","cat":284427},{"id":46470,"n":"IGP Penne rigate Garofalo  - 500g","p":1.59,"u":"3,18 €/KG","img":"https://fd2-photos.leclercdrive.fr/image.ashx?id=3011893&use=l&cat=p&typeid=i","cat":284427},{"id":46471,"n":"IGP Pâte Garofalo  Linguine - 500g","p":1.69,"u":"3,38 €/KG","img":"https://fd2-photos.leclercdrive.fr/image.ashx?id=3005347&use=l&cat=p&typeid=i","cat":284427},{"id":46473,"n":"Rhum blanc Trois Rivières 40% vol - 70cl","p":11.45,"u":"16,36 €/L","img":"https://fd2-photos.leclercdrive.fr/image.ashx?id=2766334&use=l&cat=p&typeid=i","cat":284550},{"id":46498,"n":"Pomme de terre Bio Bio Village Four Potage - 1.5kg","p":2.62,"u":"1,75 €/KG","img":"https://fd2-photos.leclercdrive.fr/image.ashx?id=2959752&use=l&cat=p&typeid=i","cat":284352},{"id":46547,"n":"Croquette chat stérilisé Ultima  Truite - Sensible - 1.5kg","p":6.91,"u":"4,61 €/KG","img":"https://fd2-photos.leclercdrive.fr/image.ashx?id=2937436&use=l&cat=p&typeid=i","cat":284680},{"id":46654,"n":"Bière blonde La Chouffe 33cl","p":2.25,"u":"6,82 €/L","img":"https://fd2-photos.leclercdrive.fr/image.ashx?id=2877073&use=l&cat=p&typeid=i","cat":334872},{"id":46667,"n":"Monster Munch Salé - 135g","p":1.36,"u":"10,07 €/KG","img":"https://fd2-photos.leclercdrive.fr/image.ashx?id=2996935&use=l&cat=p&typeid=i","cat":284449},{"id":46703,"n":"Spray désodorisant Airwick  Pure Douceur de Coton - 250ml","p":2.69,"u":"10,76 €/L","img":"https://fd2-photos.leclercdrive.fr/image.ashx?id=2858600&use=l&cat=p&typeid=i","cat":311626},{"id":46852,"n":"Dos de cabillaud MSC Delpierre 325g","p":11.78,"u":"36,25 €/KG","img":"https://fd2-photos.leclercdrive.fr/image.ashx?id=2958836&use=l&cat=p&typeid=i","cat":284342},{"id":46906,"n":"Merguez Socopa A la Marocaine - 660g","p":8.74,"u":"13,24 €/KG","img":"https://fd2-photos.leclercdrive.fr/image.ashx?id=2972400&use=l&cat=p&typeid=i","cat":284334},{"id":46907,"n":"Chipolatas Socopa Façon charcutière x12 - 660g","p":7.23,"u":"10,95 €/KG","img":"https://fd2-photos.leclercdrive.fr/image.ashx?id=2655835&use=l&cat=p&typeid=i","cat":284334},{"id":46979,"n":"Biscotte bretonne heudebert Au sel de  guérande - 290g","p":2.34,"u":"8,07 €/KG","img":"https://fd2-photos.leclercdrive.fr/image.ashx?id=3002243&use=l&cat=p&typeid=i","cat":284479},{"id":46982,"n":"Cookies gros éclats Granola Chocolat - 276g","p":2.43,"u":"8,80 €/KG","img":"https://fd2-photos.leclercdrive.fr/image.ashx?id=3005335&use=l&cat=p&typeid=i","cat":325066},{"id":46984,"n":"Café et Chicorée Soluble Ricoré  Original Recharge - 180g","p":3.73,"u":"20,72 €/KG","img":"https://fd2-photos.leclercdrive.fr/image.ashx?id=2980112&use=l&cat=p&typeid=i","cat":284843},{"id":46990,"n":"Chocolat en poudre Nestlé Boîte - 500g","p":4.6,"u":"9,20 €/KG","img":"https://fd2-photos.leclercdrive.fr/image.ashx?id=2817335&use=l&cat=p&typeid=i","cat":293235},{"id":47070,"n":"Filet de poulet Kerchant 720g","p":9.2,"u":"12,78 €/KG","img":"https://fd2-photos.leclercdrive.fr/image.ashx?id=2962422&use=l&cat=p&typeid=i","cat":284336},{"id":47127,"n":"Bière Red Desperados 5.9%vol. - 6x33cl","p":8.8,"u":"4,44 €/L","img":"https://fd2-photos.leclercdrive.fr/image.ashx?id=2766229&use=l&cat=p&typeid=i","cat":334878},{"id":47142,"n":"Glace à l'eau Mr.Freeze Big Pop x20 - 900g","p":3.35,"u":"3,72 €/KG","img":"https://fd2-photos.leclercdrive.fr/image.ashx?id=2654038&use=l&cat=p&typeid=i","cat":285250},{"id":47169,"n":"Sacs poubelle 10L Elembal Salle de bain - x20","p":0.8,"u":"0,04 €/P","img":"https://fd2-photos.leclercdrive.fr/image.ashx?id=1732829&use=l&cat=p&typeid=i","cat":285168},{"id":47171,"n":"Papier toilette Eco+ x4","p":1.3,"u":"0,33 €/P","img":"https://fd2-photos.leclercdrive.fr/image.ashx?id=2765831&use=l&cat=p&typeid=i","cat":284634},{"id":47176,"n":"Déodorant Spray Femme Nivea Black&White Original - 200ml","p":2.65,"u":"13,25 €/L","img":"https://fd2-photos.leclercdrive.fr/image.ashx?id=2980031&use=l&cat=p&typeid=i","cat":284595},{"id":47180,"n":"Gel douche enfant Tahiti Fruits exotiques - 300ml","p":1.88,"u":"6,27 €/L","img":"https://fd2-photos.leclercdrive.fr/image.ashx?id=2687332&use=l&cat=p&typeid=i","cat":284594},{"id":47181,"n":"Essuie-tout compact 3=9 Eco+ x3","p":2.27,"u":"0,76 €/P","img":"https://fd2-photos.leclercdrive.fr/image.ashx?id=2741282&use=l&cat=p&typeid=i","cat":284635},{"id":47253,"n":"Escalope de dinde Le Gaulois x6 - 720g","p":10.85,"u":"15,07 €/KG","img":"https://fd2-photos.leclercdrive.fr/image.ashx?id=2405506&use=l&cat=p&typeid=i","cat":284337},{"id":47254,"n":"Pâtes Coudes Rayés Turini 1kg","p":1.75,"u":"1,75 €/KG","img":"https://fd2-photos.leclercdrive.fr/image.ashx?id=2980812&use=l&cat=p&typeid=i","cat":284427},{"id":47255,"n":"Pâtes linguine Turini  500g","p":0.91,"u":"1,82 €/KG","img":"https://fd2-photos.leclercdrive.fr/image.ashx?id=2607554&use=l&cat=p&typeid=i","cat":284427},{"id":47256,"n":"Pâtes Farfalles Turini  1kg","p":1.28,"u":"1,28 €/KG","img":"https://fd2-photos.leclercdrive.fr/image.ashx?id=2665574&use=l&cat=p&typeid=i","cat":284427},{"id":47258,"n":"Pâtes coquillettes Turini Blé complet  - 500g","p":1.09,"u":"2,18 €/KG","img":"https://fd2-photos.leclercdrive.fr/image.ashx?id=2607563&use=l&cat=p&typeid=i","cat":284427},{"id":47259,"n":"Pistaches Tokapi  Grillées à sec - 75g","p":1.65,"u":"22,00 €/KG","img":"https://fd2-photos.leclercdrive.fr/image.ashx?id=2795571&use=l&cat=p&typeid=i","cat":284448},{"id":47359,"n":"Sandwich Mega Club Sodebo  Pain Complet Poulet Mayo - 230g","p":1.82,"u":"7,91 €/KG","img":"https://fd2-photos.leclercdrive.fr/image.ashx?id=2960156&use=l&cat=p&typeid=i","cat":333658},{"id":47360,"n":"Fromage à tartiner Madame Loïk Fouetté Ail Fines Herbes - 150g","p":1.58,"u":"10,53 €/KG","img":"https://fd2-photos.leclercdrive.fr/image.ashx?id=2948021&use=l&cat=p&typeid=i","cat":314029},{"id":47363,"n":"Préfou à l'ail Paso L'authentique - 300g","p":4.46,"u":"14,87 €/KG","img":"https://fd2-photos.leclercdrive.fr/image.ashx?id=2801446&use=l&cat=p&typeid=i","cat":316003},{"id":47397,"n":"Salade frisée Les Crudettes 100% coeurs - 200g","p":2.37,"u":"11,85 €/KG","img":"https://fd2-photos.leclercdrive.fr/image.ashx?id=1933278&use=l&cat=p&typeid=i","cat":284353},{"id":47404,"n":"Eau gazeuse aromatisée Badoit citron sans sucres - 6x50cl","p":3.3,"u":"1,10 €/L","img":"https://fd2-photos.leclercdrive.fr/image.ashx?id=2730643&use=l&cat=p&typeid=i","cat":284536},{"id":47408,"n":"Plateau Fromageries Occitane 5 fromages - 400g","p":6.98,"u":"17,45 €/KG","img":"https://fd2-photos.leclercdrive.fr/image.ashx?id=2808854&use=l&cat=p&typeid=i","cat":314036},{"id":47441,"n":"Cidre normand Les Goelleries Brut 4.5% - 2x75cl","p":3.58,"u":"2,39 €/L","img":"https://fd2-photos.leclercdrive.fr/image.ashx?id=2856546&use=l&cat=p&typeid=i","cat":334880},{"id":47470,"n":"Bouillon de poule Knorr x15 - 150g","p":1.19,"u":"7,93 €/KG","img":"https://fd2-photos.leclercdrive.fr/image.ashx?id=2940678&use=l&cat=p&typeid=i","cat":288379},{"id":47472,"n":"Bouillon herbe Knorr Huile d'olive puget x15 - 150g","p":1.19,"u":"7,93 €/KG","img":"https://fd2-photos.leclercdrive.fr/image.ashx?id=2940681&use=l&cat=p&typeid=i","cat":288379},{"id":47483,"n":"Champagne Rothschild Brut millésimé - 75cl","p":25.95,"u":"34,60 €/L","img":"https://fd2-photos.leclercdrive.fr/image.ashx?id=2819328&use=l&cat=p&typeid=i","cat":284542},{"id":47493,"n":"Tablette chocolat au lait Milka Morceaux de Oreo -  3x100g","p":4.17,"u":"13,90 €/KG","img":"https://fd2-photos.leclercdrive.fr/image.ashx?id=2617081&use=l&cat=p&typeid=i","cat":284497},{"id":47494,"n":"Tablette chocolat au lait Milka Eclats de caramel Daim - 3x100g","p":4.17,"u":"13,90 €/KG","img":"https://fd2-photos.leclercdrive.fr/image.ashx?id=2617084&use=l&cat=p&typeid=i","cat":284497},{"id":47542,"n":"Starmint Haribo Sachet bonbons menthe - 200g","p":1.39,"u":"6,95 €/KG","img":"https://fd2-photos.leclercdrive.fr/image.ashx?id=2984889&use=l&cat=p&typeid=i","cat":304252},{"id":47543,"n":"Sucettes Chupa Chups Au fruits, sachet - 192g","p":2.11,"u":"10,99 €/KG","img":"https://fd2-photos.leclercdrive.fr/image.ashx?id=2647651&use=l&cat=p&typeid=i","cat":304252},{"id":47563,"n":"Macédoine de Légumes Bonduelle 265g","p":0.9,"u":"3,40 €/KG","img":"https://fd2-photos.leclercdrive.fr/image.ashx?id=2910007&use=l&cat=p&typeid=i","cat":312612},{"id":47592,"n":"Crêpe fourrée Whaou Cracky choco x8 - 256g","p":2.21,"u":"8,63 €/KG","img":"https://fd2-photos.leclercdrive.fr/image.ashx?id=2971029&use=l&cat=p&typeid=i","cat":284494},{"id":47593,"n":"Yaourts Mamie Nova Chocolat - 2x150g","p":1.29,"u":"4,30 €/KG","img":"https://fd2-photos.leclercdrive.fr/image.ashx?id=2909029&use=l&cat=p&typeid=i","cat":285041},{"id":47646,"n":"Pâtes Macaroni Panzani  3 Minutes - 500G","p":1.18,"u":"2,36 €/KG","img":"https://fd2-photos.leclercdrive.fr/image.ashx?id=2896081&use=l&cat=p&typeid=i","cat":284427},{"id":47648,"n":"Filets de maquereaux Saupiquet Vin blanc et aromates - 176g","p":2.01,"u":"11,42 €/KG","img":"https://fd2-photos.leclercdrive.fr/image.ashx?id=2829967&use=l&cat=p&typeid=i","cat":303868},{"id":47657,"n":"Bâtonnets Dentastix Pedigree Grand chien x56 - 2160g","p":16.98,"u":"7,86 €/KG","img":"https://fd2-photos.leclercdrive.fr/image.ashx?id=2980064&use=l&cat=p&typeid=i","cat":294527},{"id":47667,"n":"Pâtes Penne Rigate Panzani 3 Minutes - 500G","p":1.09,"u":"2,18 €/KG","img":"https://fd2-photos.leclercdrive.fr/image.ashx?id=2896087&use=l&cat=p&typeid=i","cat":284427},{"id":47681,"n":"Sauce pizza Turini aux tomates et origan - 390g","p":0.99,"u":"2,54 €/KG","img":"https://fd2-photos.leclercdrive.fr/image.ashx?id=2412025&use=l&cat=p&typeid=i","cat":288384},{"id":47693,"n":"AOP Saint-Émilion vin rouge Chantet Blanet - 75cl","p":8.95,"u":"11,93 €/L","img":"https://fd2-photos.leclercdrive.fr/image.ashx?id=2677116&use=l&cat=p&typeid=i","cat":289556},{"id":47698,"n":"AOC Madiran vin rouge  Terrasses d'Autan - 75cl","p":4.49,"u":"5,99 €/L","img":"https://fd2-photos.leclercdrive.fr/image.ashx?id=2800270&use=l&cat=p&typeid=i","cat":289556},{"id":47718,"n":"Boisson gourmande PAGO Cocktail Tropical Vitaminé - 75cl","p":1.79,"u":"2,39 €/L","img":"https://fd2-photos.leclercdrive.fr/image.ashx?id=2861854&use=l&cat=p&typeid=i","cat":284917},{"id":47722,"n":"Compotes Pom'Potes Gourdes  Pomme Nature - 12x90g","p":4.53,"u":"4,19 €/KG","img":"https://fd2-photos.leclercdrive.fr/image.ashx?id=2968082&use=l&cat=p&typeid=i","cat":284508},{"id":47794,"n":"Fromage Tomme de Savoie NRT IGP 300g","p":4.29,"u":"14,30 €/KG","img":"https://fd2-photos.leclercdrive.fr/image.ashx?id=2934835&use=l&cat=p&typeid=i","cat":329184},{"id":47795,"n":"Papier toilette humide Lotus Aloe Douceur - x42 feuilles","p":1.76,"u":"0,04 €/P","img":"https://fd2-photos.leclercdrive.fr/image.ashx?id=2864840&use=l&cat=p&typeid=i","cat":284634},{"id":47796,"n":"Papier toilette humide Lotus Pure - x42 feuilles","p":1.6,"u":"0,04 €/P","img":"https://fd2-photos.leclercdrive.fr/image.ashx?id=2866070&use=l&cat=p&typeid=i","cat":284634},{"id":47841,"n":"Crème glacée l'Angélys Café - 450g","p":5.18,"u":"11,51 €/KG","img":"https://fd2-photos.leclercdrive.fr/image.ashx?id=2963568&use=l&cat=p&typeid=i","cat":284263},{"id":47843,"n":"Cordon bleu poulet Maître Coq 1kg","p":6.14,"u":"6,14 €/KG","img":"https://fd2-photos.leclercdrive.fr/image.ashx?id=2939475&use=l&cat=p&typeid=i","cat":319780},{"id":47865,"n":"Apéritif Lillet Rosé à base de vin 17% vol 75cl","p":11.49,"u":"15,32 €/L","img":"https://fd2-photos.leclercdrive.fr/image.ashx?id=2946493&use=l&cat=p&typeid=i","cat":304569},{"id":47866,"n":"Apéritif Lillet Blanc à base de vin 17% vol 75cl","p":11.25,"u":"15,00 €/L","img":"https://fd2-photos.leclercdrive.fr/image.ashx?id=2998922&use=l&cat=p&typeid=i","cat":304569},{"id":47926,"n":"Ktipiti Extra L'atelier blini - 175g","p":2.8,"u":"16,00 €/KG","img":"https://fd2-photos.leclercdrive.fr/image.ashx?id=2973706&use=l&cat=p&typeid=i","cat":315999},{"id":47936,"n":"Saumon fumé de  l'atlantique   200g","p":5.97,"u":"29,85 €/KG","img":"https://fd2-photos.leclercdrive.fr/image.ashx?id=2506137&use=l&cat=p&typeid=i","cat":285188},{"id":48007,"n":"Vin mousseux de France Kriter blanc Demi-sec - 75cl","p":4.75,"u":"6,33 €/L","img":"https://fd2-photos.leclercdrive.fr/image.ashx?id=2840871&use=l&cat=p&typeid=i","cat":284544},{"id":48029,"n":"Sirop Moulin de Valdonne Pêche blanche - 70cl","p":3.29,"u":"4,70 €/L","img":"https://fd2-photos.leclercdrive.fr/image.ashx?id=2842678&use=l&cat=p&typeid=i","cat":295020},{"id":48030,"n":"Bâtonnets surimi Fleury Michon  Fromage et herbes MSC x16 -256g","p":3.41,"u":"13,32 €/KG","img":"https://fd2-photos.leclercdrive.fr/image.ashx?id=2936944&use=l&cat=p&typeid=i","cat":285189},{"id":48048,"n":"Flan bio les 2 vaches Vanille caramel - 4x100g","p":1.98,"u":"4,95 €/KG","img":"https://fd2-photos.leclercdrive.fr/image.ashx?id=2735446&use=l&cat=p&typeid=i","cat":284420},{"id":48055,"n":"Hachis parmentier Marie  1kg","p":5.89,"u":"5,89 €/KG","img":"https://fd2-photos.leclercdrive.fr/image.ashx?id=2993385&use=l&cat=p&typeid=i","cat":284254},{"id":48079,"n":"Vinaigre de Cidre MAILLE au jus de pomme concentré 50cl","p":2.14,"u":"4,28 €/L","img":"https://fd2-photos.leclercdrive.fr/image.ashx?id=2945421&use=l&cat=p&typeid=i","cat":298543},{"id":48106,"n":"Thon vapeur Petit Navire 130g","p":1.95,"u":"15,00 €/KG","img":"https://fd2-photos.leclercdrive.fr/image.ashx?id=2536918&use=l&cat=p&typeid=i","cat":303867},{"id":48114,"n":"Persil Ducros 5g","p":1.39,"u":"278,00 €/KG","img":"https://fd2-photos.leclercdrive.fr/image.ashx?id=2490503&use=l&cat=p&typeid=i","cat":298297},{"id":48123,"n":"IGP Pâte Radiatori Garofalo Festives - 500g","p":2.27,"u":"4,54 €/KG","img":"https://fd2-photos.leclercdrive.fr/image.ashx?id=2994560&use=l&cat=p&typeid=i","cat":284427},{"id":48164,"n":"Barres céréales Extra Kellogg's Chocolat et Amande - 4x32g","p":2.76,"u":"21,56 €/KG","img":"https://fd2-photos.leclercdrive.fr/image.ashx?id=2736601&use=l&cat=p&typeid=i","cat":285869},{"id":48167,"n":"Dosettes café Plantation  Doux - x36 - 250g","p":3.83,"u":"15,32 €/KG","img":"https://fd2-photos.leclercdrive.fr/image.ashx?id=2622121&use=l&cat=p&typeid=i","cat":293238},{"id":48179,"n":"Tendre de boeuf Charal  240g","p":6.57,"u":"27,38 €/KG","img":"https://fd2-photos.leclercdrive.fr/image.ashx?id=2915958&use=l&cat=p&typeid=i","cat":284328},{"id":48200,"n":"Rillettes de poulet rôti Bordeau Chesnel - 220g","p":2.16,"u":"9,82 €/KG","img":"https://fd2-photos.leclercdrive.fr/image.ashx?id=2855046&use=l&cat=p&typeid=i","cat":316008},{"id":48202,"n":"Olives farcies Croc'frais Aux amandes - 200g","p":3.81,"u":"19,05 €/KG","img":"https://fd2-photos.leclercdrive.fr/image.ashx?id=2589401&use=l&cat=p&typeid=i","cat":316002},{"id":48203,"n":"Olives vertes Croc'frais A l'orientale Dénoyautées 200g","p":2.92,"u":"14,60 €/KG","img":"https://fd2-photos.leclercdrive.fr/image.ashx?id=2833702&use=l&cat=p&typeid=i","cat":316002},{"id":48211,"n":"Mélange de saison Florette 320g","p":2.72,"u":"8,50 €/KG","img":"https://fd2-photos.leclercdrive.fr/image.ashx?id=2844055&use=l&cat=p&typeid=i","cat":284353},{"id":48226,"n":"Petit Pois, Carotte Cassegrain Tendres et Fondants 130g","p":1.21,"u":"9,31 €/KG","img":"https://fd2-photos.leclercdrive.fr/image.ashx?id=2912977&use=l&cat=p&typeid=i","cat":312607},{"id":48251,"n":"Paupiette de veau Tendriade 780g","p":12.9,"u":"16,54 €/KG","img":"https://fd2-photos.leclercdrive.fr/image.ashx?id=2799491&use=l&cat=p&typeid=i","cat":284329},{"id":48255,"n":"Recharge EasyWax Expert Veet Bras Jambes Peaux Normales 50ml","p":6.55,"u":"131,00 €/L","img":"https://fd2-photos.leclercdrive.fr/image.ashx?id=2970789&use=l&cat=p&typeid=i","cat":325351},{"id":48258,"n":"Croquettes chat Ultima Stérilisé - Saumon - 3kg","p":11.05,"u":"3,68 €/KG","img":"https://fd2-photos.leclercdrive.fr/image.ashx?id=2922221&use=l&cat=p&typeid=i","cat":284680},{"id":48267,"n":"Rhum ambré Saint James 45%vol - 70cl","p":14.06,"u":"20,09 €/L","img":"https://fd2-photos.leclercdrive.fr/image.ashx?id=2970945&use=l&cat=p&typeid=i","cat":284550},{"id":48272,"n":"Liqueur de menthe Get 31 24° - 70cl","p":13.78,"u":"19,69 €/L","img":"https://fd2-photos.leclercdrive.fr/image.ashx?id=2840497&use=l&cat=p&typeid=i","cat":286032},{"id":48307,"n":"IGP Pays d'Oc rosé Grenache Les Ormes de Cambras - BIB 5L","p":15.79,"u":"3,16 €/L","img":"https://fd2-photos.leclercdrive.fr/image.ashx?id=2489458&use=l&cat=p&typeid=i","cat":289560},{"id":48309,"n":"Bière aromatisée Skøll Vodka et agrumes - 3x33cl","p":4.27,"u":"4,31 €/L","img":"https://fd2-photos.leclercdrive.fr/image.ashx?id=2803556&use=l&cat=p&typeid=i","cat":334878},{"id":48310,"n":"Concentré à diluer Pulco Citron vert - 70cl","p":2.48,"u":"3,54 €/L","img":"https://fd2-photos.leclercdrive.fr/image.ashx?id=2686630&use=l&cat=p&typeid=i","cat":295020},{"id":48311,"n":"Concentré à diluer Pulco Orange Citron - 70cl","p":2.57,"u":"3,67 €/L","img":"https://fd2-photos.leclercdrive.fr/image.ashx?id=2686633&use=l&cat=p&typeid=i","cat":295020},{"id":48339,"n":"Chocolat au lait Lindt  Praliné Noisette - 100g","p":2.02,"u":"20,20 €/KG","img":"https://fd2-photos.leclercdrive.fr/image.ashx?id=2751321&use=l&cat=p&typeid=i","cat":284497},{"id":48348,"n":"Chocolat au lait Lindt Création Caramel - 150g","p":3.06,"u":"20,40 €/KG","img":"https://fd2-photos.leclercdrive.fr/image.ashx?id=2685814&use=l&cat=p&typeid=i","cat":284497},{"id":48352,"n":"Tablette de chocolat noir Lindt Orange intense - 100g","p":2.23,"u":"22,30 €/KG","img":"https://fd2-photos.leclercdrive.fr/image.ashx?id=2689496&use=l&cat=p&typeid=i","cat":284956},{"id":48353,"n":"Tablette de chocolat noir Lindt 70% cacao - 100g","p":2.23,"u":"22,30 €/KG","img":"https://fd2-photos.leclercdrive.fr/image.ashx?id=2681592&use=l&cat=p&typeid=i","cat":284956},{"id":48354,"n":"Tablette de chocolat noir Lindt 85% cacao - 100g","p":2.23,"u":"22,30 €/KG","img":"https://fd2-photos.leclercdrive.fr/image.ashx?id=2681589&use=l&cat=p&typeid=i","cat":284956},{"id":48355,"n":"Tablette de chocolat noir Lindt Caramel Pointe de sel - 100g","p":2.24,"u":"22,40 €/KG","img":"https://fd2-photos.leclercdrive.fr/image.ashx?id=2689493&use=l&cat=p&typeid=i","cat":284956},{"id":48373,"n":"Démélant Petit Manava Pour enfants, spray - 200ml","p":2.05,"u":"10,25 €/L","img":"https://fd2-photos.leclercdrive.fr/image.ashx?id=2713655&use=l&cat=p&typeid=i","cat":284608},{"id":48383,"n":"Gel Lubrifiant Massage 2 en 1 Durex Sensuel Ylang Ylang 200ml","p":6.73,"u":"33,65 €/L","img":"https://fd2-photos.leclercdrive.fr/image.ashx?id=2736562&use=l&cat=p&typeid=i","cat":285160},{"id":48392,"n":"Boules en cire naturelle Quies x12 paires","p":4.05,"u":"0,34 €/P","img":"https://fd2-photos.leclercdrive.fr/image.ashx?id=2159502&use=l&cat=p&typeid=i","cat":284630},{"id":48419,"n":"AOP Alsace Riesling blanc Wolfberger - 75cl","p":6.5,"pp":4.87,"u":"6,49 €/L","img":"https://fd2-photos.leclercdrive.fr/image.ashx?id=2905357&use=l&cat=p&typeid=i","cat":289557},{"id":48421,"n":"AOP Alsace Gewurztraminer blanc Wolfberger 13,5% - 75cl","p":7.85,"pp":5.89,"u":"7,85 €/L","img":"https://fd2-photos.leclercdrive.fr/image.ashx?id=2936368&use=l&cat=p&typeid=i","cat":289557},{"id":48471,"n":"Mélange 5 baies n°5 Ducros 70g","p":4.19,"u":"59,86 €/KG","img":"https://fd2-photos.leclercdrive.fr/image.ashx?id=2486602&use=l&cat=p&typeid=i","cat":284457},{"id":48485,"n":"Farine à gâteaux Francine 1kg","p":1.62,"u":"1,62 €/KG","img":"https://fd2-photos.leclercdrive.fr/image.ashx?id=1966511&use=l&cat=p&typeid=i","cat":284503},{"id":48508,"n":"Ketchup AMORA Flacon Souple - 550g","p":1.47,"u":"2,67 €/KG","img":"https://fd2-photos.leclercdrive.fr/image.ashx?id=2766649&use=l&cat=p&typeid=i","cat":284455},{"id":48511,"n":"Menagère poivre blanc  Ducros N° 8 - 90g","p":4.27,"u":"47,44 €/KG","img":"https://fd2-photos.leclercdrive.fr/image.ashx?id=2559481&use=l&cat=p&typeid=i","cat":284457},{"id":48512,"n":"Poivre noir n°6 Ducros Moulin - 28g","p":3.45,"u":"123,21 €/KG","img":"https://fd2-photos.leclercdrive.fr/image.ashx?id=2559472&use=l&cat=p&typeid=i","cat":284457},{"id":48513,"n":"Poivre noir n°6 Ducros Grains - 90g","p":3.58,"u":"39,78 €/KG","img":"https://fd2-photos.leclercdrive.fr/image.ashx?id=2473336&use=l&cat=p&typeid=i","cat":284457},{"id":48515,"n":"Coriandre Ducros Moulue - 32g","p":1.22,"u":"38,13 €/KG","img":"https://fd2-photos.leclercdrive.fr/image.ashx?id=2490497&use=l&cat=p&typeid=i","cat":298297},{"id":48525,"n":"Tomato Ketchup Heinz - 700g","p":2.65,"u":"3,79 €/KG","img":"https://fd2-photos.leclercdrive.fr/image.ashx?id=2729326&use=l&cat=p&typeid=i","cat":284455},{"id":48545,"n":"Biscuits petit beurre LU 400g","p":2.11,"u":"5,28 €/KG","img":"https://fd2-photos.leclercdrive.fr/image.ashx?id=2119376&use=l&cat=p&typeid=i","cat":284487},{"id":48589,"n":"Lait bébé poudre Gallia Calisma croissance Dès 12 mois 1,2kg","p":15.8,"u":"13,17 €/KG","img":"https://fd2-photos.leclercdrive.fr/image.ashx?id=2973553&use=l&cat=p&typeid=i","cat":290219},{"id":48596,"n":"Gourdes Bio bébé Hipp  4 variétés - 8x90g","p":6.83,"u":"9,49 €/KG","img":"https://fd2-photos.leclercdrive.fr/image.ashx?id=3000357&use=l&cat=p&typeid=i","cat":312393},{"id":48598,"n":"Cannelloni bio Hipp Bio Aux légumes - 250g","p":2.23,"u":"8,92 €/KG","img":"https://fd2-photos.leclercdrive.fr/image.ashx?id=2929083&use=l&cat=p&typeid=i","cat":312238},{"id":48602,"n":"Repas du soir Babybio 12 mois Légumes vert Bio - 400g","p":2.72,"u":"6,80 €/KG","img":"https://fd2-photos.leclercdrive.fr/image.ashx?id=2834524&use=l&cat=p&typeid=i","cat":312239},{"id":48603,"n":"Farine de blé Francine 1,4kg","p":1.54,"u":"1,10 €/KG","img":"https://fd2-photos.leclercdrive.fr/image.ashx?id=2881308&use=l&cat=p&typeid=i","cat":284503},{"id":48604,"n":"Farine fluide Francine 1.4kg","p":1.61,"u":"1,15 €/KG","img":"https://fd2-photos.leclercdrive.fr/image.ashx?id=2881305&use=l&cat=p&typeid=i","cat":284503},{"id":48611,"n":"Plat bébé soir Blédiner 12 mois Pâtes légumes - 2x200g","p":2.21,"u":"5,53 €/KG","img":"https://fd2-photos.leclercdrive.fr/image.ashx?id=2975068&use=l&cat=p&typeid=i","cat":312239},{"id":48633,"n":"Boisson gourmande PAGO Fraise 75cl","p":2.61,"u":"3,48 €/L","img":"https://fd2-photos.leclercdrive.fr/image.ashx?id=2954007&use=l&cat=p&typeid=i","cat":284915},{"id":48646,"n":"Soda à l'orange Orangina Sans Sucres - 6x33cl","p":3.42,"u":"1,73 €/L","img":"https://fd2-photos.leclercdrive.fr/image.ashx?id=2946931&use=l&cat=p&typeid=i","cat":284532},{"id":48697,"n":"Sachet chat Purina One Sterillcat - 8x85g","p":3.82,"u":"5,62 €/KG","img":"https://fd2-photos.leclercdrive.fr/image.ashx?id=2899695&use=l&cat=p&typeid=i","cat":285286},{"id":48698,"n":"Croquettes chat Purina One Stérilisé/Intérieur-Poulet1.5kg","p":6.65,"u":"4,43 €/KG","img":"https://fd2-photos.leclercdrive.fr/image.ashx?id=2681257&use=l&cat=p&typeid=i","cat":284680},{"id":48704,"n":"Boîte chat Whiskas Gelée du pêcheur - 4x390g","p":4.42,"u":"2,83 €/KG","img":"https://fd2-photos.leclercdrive.fr/image.ashx?id=2759622&use=l&cat=p&typeid=i","cat":285601},{"id":48715,"n":"Poires demi-fruits Eco+ Sirop léger - 455 g","p":1.67,"u":"3,67 €/KG","img":"https://fd2-photos.leclercdrive.fr/image.ashx?id=2084832&use=l&cat=p&typeid=i","cat":284507},{"id":48717,"n":"Barquettes chats Gourmet Gold Les mousselines - 24x85g","p":10.56,"u":"5,18 €/KG","img":"https://fd2-photos.leclercdrive.fr/image.ashx?id=2861500&use=l&cat=p&typeid=i","cat":285286},{"id":48721,"n":"Poêlée jardinière D'aucy  580g","p":2.48,"u":"4,28 €/KG","img":"https://fd2-photos.leclercdrive.fr/image.ashx?id=2582816&use=l&cat=p&typeid=i","cat":312612},{"id":48725,"n":"Légumes pour Couscous D'Aucy Orientale - 800g","p":1.73,"u":"2,16 €/KG","img":"https://fd2-photos.leclercdrive.fr/image.ashx?id=2577800&use=l&cat=p&typeid=i","cat":312612},{"id":48734,"n":"Grand duc Ducros Touch'salade Provençale -180g","p":4.82,"u":"26,78 €/KG","img":"https://fd2-photos.leclercdrive.fr/image.ashx?id=1637670&use=l&cat=p&typeid=i","cat":298297},{"id":48744,"n":"Pulpe de  tomate Turini  Nature - 390g","p":1.59,"u":"4,08 €/KG","img":"https://fd2-photos.leclercdrive.fr/image.ashx?id=2181810&use=l&cat=p&typeid=i","cat":288384},{"id":48745,"n":"Chocolat Pâtissier Nestlé Dessert Lait - 170g","p":2.98,"u":"17,53 €/KG","img":"https://fd2-photos.leclercdrive.fr/image.ashx?id=2961242&use=l&cat=p&typeid=i","cat":285562},{"id":48777,"n":"Confiture Confipote allégée en  Sucres - Pot Fraise - 350g","p":1.91,"u":"5,46 €/KG","img":"https://fd2-photos.leclercdrive.fr/image.ashx?id=2388436&use=l&cat=p&typeid=i","cat":284480},{"id":48787,"n":"Chocolat noir Bio Ethiquable  Quinoa - 100g","p":2.76,"u":"27,60 €/KG","img":"https://fd2-photos.leclercdrive.fr/image.ashx?id=2870854&use=l&cat=p&typeid=i","cat":284956},{"id":48809,"n":"Tartines bio Jardin Bio Craquantes au sarrasin - 300g","p":3.73,"u":"12,43 €/KG","img":"https://fd2-photos.leclercdrive.fr/image.ashx?id=2535562&use=l&cat=p&typeid=i","cat":284479},{"id":48812,"n":"Masque Nuti-extrême Dessange Cheveux très secs - 250ml","p":6.55,"u":"26,20 €/L","img":"https://fd2-photos.leclercdrive.fr/image.ashx?id=2819400&use=l&cat=p&typeid=i","cat":284608},{"id":48817,"n":"Lait sucré Régilait Caramel beurre salé - 300g","p":2.84,"u":"9,47 €/KG","img":"https://fd2-photos.leclercdrive.fr/image.ashx?id=2018640&use=l&cat=p&typeid=i","cat":299162},{"id":48823,"n":"Haché Végétal bio Céréal Bio Façon Bolognaise au Soja 250g","p":2.64,"u":"10,56 €/KG","img":"https://fd2-photos.leclercdrive.fr/image.ashx?id=2575090&use=l&cat=p&typeid=i","cat":287600},{"id":48839,"n":"Lait concentré Régilait Non sucré, demi écrémé - 410g","p":1.45,"u":"3,54 €/KG","img":"https://fd2-photos.leclercdrive.fr/image.ashx?id=2405863&use=l&cat=p&typeid=i","cat":299162},{"id":48843,"n":"Préparation gâteau Nestlé Fondant chocolat - 317g","p":3.99,"u":"12,59 €/KG","img":"https://fd2-photos.leclercdrive.fr/image.ashx?id=2848379&use=l&cat=p&typeid=i","cat":284505},{"id":48846,"n":"Purée tomate bio Jardin Bio 200g","p":0.93,"u":"4,65 €/KG","img":"https://fd2-photos.leclercdrive.fr/image.ashx?id=2535034&use=l&cat=p&typeid=i","cat":288384},{"id":48870,"n":"Infusion bio Jardin Bio Thym de France x20 - 28g","p":2.4,"u":"85,71 €/KG","img":"https://fd2-photos.leclercdrive.fr/image.ashx?id=2792840&use=l&cat=p&typeid=i","cat":293234},{"id":48877,"n":"Récré O'lé Mont Blanc - 12x85g Choco/Caramel/Biscuit/Brownie","p":5.74,"u":"5,63 €/KG","img":"https://fd2-photos.leclercdrive.fr/image.ashx?id=3011608&use=l&cat=p&typeid=i","cat":284506},{"id":48917,"n":"Sauce pour nems Ayam 200ml","p":2.0,"u":"10,00 €/L","img":"https://fd2-photos.leclercdrive.fr/image.ashx?id=1721071&use=l&cat=p&typeid=i","cat":288992},{"id":48993,"n":"Sauce Samouraï Colona Tube - 500ml","p":3.2,"u":"6,40 €/L","img":"https://fd2-photos.leclercdrive.fr/image.ashx?id=2687167&use=l&cat=p&typeid=i","cat":318431},{"id":48994,"n":"Sauce Pitta Kebab Colona Tube - 500ml","p":3.27,"u":"6,54 €/L","img":"https://fd2-photos.leclercdrive.fr/image.ashx?id=2687173&use=l&cat=p&typeid=i","cat":318431},{"id":49018,"n":"Beurre Moulé Paysan Breton Sel de guérande - 80% MG - 250g","p":3.35,"u":"13,40 €/KG","img":"https://fd2-photos.leclercdrive.fr/image.ashx?id=2869035&use=l&cat=p&typeid=i","cat":284379},{"id":49055,"n":"Steak haché charolais 15% MG Férial - 250g","p":4.31,"u":"17,24 €/KG","img":"https://fd2-photos.leclercdrive.fr/image.ashx?id=2903983&use=l&cat=p&typeid=i","cat":284332},{"id":49058,"n":"Piles Tech+ Foxter AA/LR6 1,5V - x8","p":2.99,"u":"0,37 €/P","img":"https://fd2-photos.leclercdrive.fr/image.ashx?id=2162324&use=l&cat=p&typeid=i","cat":300572},{"id":49059,"n":"Piles Tech+ Foxter AAA/LR3 1,5V - x8","p":2.99,"img":"https://fd2-photos.leclercdrive.fr/image.ashx?id=2162327&use=l&cat=p&typeid=i","cat":300572},{"id":49078,"n":"Gaufrette P'tit Déli  Chocolat lait - 125g","p":1.29,"u":"10,32 €/KG","img":"https://fd2-photos.leclercdrive.fr/image.ashx?id=2858839&use=l&cat=p&typeid=i","cat":284490},{"id":49079,"n":"Petites madeleines P'tit Deli  Pépites de chocolat - 400g","p":1.69,"u":"4,23 €/KG","img":"https://fd2-photos.leclercdrive.fr/image.ashx?id=2999511&use=l&cat=p&typeid=i","cat":284492},{"id":49080,"n":"Gâteau fourré fraise P'tit Deli Lapin - 140g","p":1.14,"u":"8,14 €/KG","img":"https://fd2-photos.leclercdrive.fr/image.ashx?id=2671411&use=l&cat=p&typeid=i","cat":284495},{"id":49131,"n":"Gin Bombay Sapphire 40° - 70cl","p":22.33,"u":"31,90 €/L","img":"https://fd2-photos.leclercdrive.fr/image.ashx?id=2842879&use=l&cat=p&typeid=i","cat":284550},{"id":49132,"n":"Gin Tanqueray 43.1%vol - 70cl","p":19.9,"u":"28,43 €/L","img":"https://fd2-photos.leclercdrive.fr/image.ashx?id=2414906&use=l&cat=p&typeid=i","cat":284550},{"id":49249,"n":"Gousse de vanille Bio Vahiné Madagascar Grand cru - 3g","p":5.2,"img":"https://fd2-photos.leclercdrive.fr/image.ashx?id=2559826&use=l&cat=p&typeid=i","cat":284504},{"id":49254,"n":"Gelifiant Vahiné Agar Agar - 8g","p":3.12,"u":"390,00 €/KG","img":"https://fd2-photos.leclercdrive.fr/image.ashx?id=2833342&use=l&cat=p&typeid=i","cat":284504},{"id":49282,"n":"Tablette de chocolat noir Lindt Zeste de citron vert - 100g","p":2.33,"u":"23,30 €/KG","img":"https://fd2-photos.leclercdrive.fr/image.ashx?id=2608160&use=l&cat=p&typeid=i","cat":284956},{"id":49288,"n":"Bols soir bébé bio Babybio Pâtes - 8 mois - 2x200g","p":2.84,"u":"7,10 €/KG","img":"https://fd2-photos.leclercdrive.fr/image.ashx?id=2838344&use=l&cat=p&typeid=i","cat":312239},{"id":49294,"n":"Cotons Démaquillants Demak'Up Original - x105","p":1.46,"u":"0,01 €/P","img":"https://fd2-photos.leclercdrive.fr/image.ashx?id=2745274&use=l&cat=p&typeid=i","cat":284636},{"id":49295,"n":"Cotons Démaquillants Demak'Up Ovale sensitive - x48","p":1.5,"u":"0,03 €/P","img":"https://fd2-photos.leclercdrive.fr/image.ashx?id=2745277&use=l&cat=p&typeid=i","cat":284636},{"id":49296,"n":"Barre Chocolat au Lait Lion x10 barres - 420g","p":3.74,"u":"8,90 €/KG","img":"https://fd2-photos.leclercdrive.fr/image.ashx?id=2736988&use=l&cat=p&typeid=i","cat":284498},{"id":49298,"n":"Biscuits croquant Nutella &Go! Pâte à tartiner x2 packs - 104g","p":2.17,"u":"20,87 €/KG","img":"https://fd2-photos.leclercdrive.fr/image.ashx?id=2737240&use=l&cat=p&typeid=i","cat":284488},{"id":49333,"n":"Déodorant bille Men Expert Carbon Protection 48h - 50ml","p":2.54,"u":"50,80 €/L","img":"https://fd2-photos.leclercdrive.fr/image.ashx?id=2394561&use=l&cat=p&typeid=i","cat":284618},{"id":49340,"n":"Cornichons Eco+ Au vinaigre - 190g","p":0.88,"u":"4,63 €/KG","img":"https://fd2-photos.leclercdrive.fr/image.ashx?id=2974711&use=l&cat=p&typeid=i","cat":284458},{"id":49342,"n":"Moutarde Eco+ Forte au vinaigre - 850g","p":1.66,"u":"1,95 €/KG","img":"https://fd2-photos.leclercdrive.fr/image.ashx?id=2954325&use=l&cat=p&typeid=i","cat":288850},{"id":49349,"n":"Petit croquant Kühne Aigre doux - 360g","p":3.38,"u":"9,39 €/KG","img":"https://fd2-photos.leclercdrive.fr/image.ashx?id=2551036&use=l&cat=p&typeid=i","cat":284458},{"id":49354,"n":"Olives Noires Grecques Tramier  Dénoyautées 220g","p":2.49,"u":"24,90 €/KG","img":"https://fd2-photos.leclercdrive.fr/image.ashx?id=2836340&use=l&cat=p&typeid=i","cat":284450},{"id":49374,"n":"Terrine de campagne Petitgas Supérieure - 200g","p":2.48,"u":"12,40 €/KG","img":"https://fd2-photos.leclercdrive.fr/image.ashx?id=2746929&use=l&cat=p&typeid=i","cat":316008},{"id":49375,"n":"Terrine de lapin Petitgas Supérieure -200g","p":2.66,"u":"13,30 €/KG","img":"https://fd2-photos.leclercdrive.fr/image.ashx?id=2861581&use=l&cat=p&typeid=i","cat":316008},{"id":49385,"n":"Litchis St-Mamet Dénoyautés - 250g","p":3.26,"u":"13,04 €/KG","img":"https://fd2-photos.leclercdrive.fr/image.ashx?id=2474215&use=l&cat=p&typeid=i","cat":284507},{"id":49494,"n":"Snack soufflés bacon Tokapi Lot - 4x85g","p":2.72,"u":"8,00 €/KG","img":"https://fd2-photos.leclercdrive.fr/image.ashx?id=2691384&use=l&cat=p&typeid=i","cat":284449},{"id":49495,"n":"Soufflés Tornades Tokapi Fromage- 4x85g","p":2.88,"u":"8,47 €/KG","img":"https://fd2-photos.leclercdrive.fr/image.ashx?id=2982631&use=l&cat=p&typeid=i","cat":284449},{"id":49497,"n":"Soufflés Tornades Tokapi Paprika- 4x85g","p":2.92,"u":"8,59 €/KG","img":"https://fd2-photos.leclercdrive.fr/image.ashx?id=2691390&use=l&cat=p&typeid=i","cat":284449},{"id":49540,"n":"Salade La Belle Henriette Pêcheur  - 300g","p":2.29,"u":"7,63 €/KG","img":"https://fd2-photos.leclercdrive.fr/image.ashx?id=2973766&use=l&cat=p&typeid=i","cat":333657},{"id":49541,"n":"Salade La Belle Henriette Marco polo - 300g","p":2.46,"u":"8,20 €/KG","img":"https://fd2-photos.leclercdrive.fr/image.ashx?id=2973772&use=l&cat=p&typeid=i","cat":333657},{"id":49542,"n":"Salade pâtes La Belle Henriette Jambon/emmental - 300g","p":2.35,"u":"7,83 €/KG","img":"https://fd2-photos.leclercdrive.fr/image.ashx?id=2973775&use=l&cat=p&typeid=i","cat":333657},{"id":49553,"n":"Bière Licorne Black 6%vol - 3x33cl","p":4.16,"u":"4,20 €/L","img":"https://fd2-photos.leclercdrive.fr/image.ashx?id=2853617&use=l&cat=p&typeid=i","cat":334852},{"id":49602,"n":"Cartouches d'encre HP Pack noir/couleurs 364","p":61.99,"u":"Dont 0,05 € d'éco-part.","img":"https://fd2-photos.leclercdrive.fr/image.ashx?id=1710449&use=l&cat=p&typeid=i","cat":316445},{"id":49624,"n":"Vin Union Européenne rosé Champlure - BIB 5L","p":13.8,"u":"2,76 €/L","img":"https://fd2-photos.leclercdrive.fr/image.ashx?id=2552523&use=l&cat=p&typeid=i","cat":289560},{"id":49632,"n":"Pain de mie 100% Mie Harrys Nature Longue conservation 325g","p":2.06,"u":"6,34 €/KG","img":"https://fd2-photos.leclercdrive.fr/image.ashx?id=2469647&use=l&cat=p&typeid=i","cat":284477},{"id":49636,"n":"Biscuits Baiocchi Mulino Bianco Chocolat noisette Snack - 336g","p":2.62,"u":"7,80 €/KG","img":"https://fd2-photos.leclercdrive.fr/image.ashx?id=2787962&use=l&cat=p&typeid=i","cat":284488},{"id":49639,"n":"Haricots verts Rochefontaine Extra-fins - 345g","p":3.29,"u":"9,54 €/KG","img":"https://fd2-photos.leclercdrive.fr/image.ashx?id=2101459&use=l&cat=p&typeid=i","cat":312606},{"id":49640,"n":"Bières blonde Bio Dremmwel 5% - 6x25cl","p":5.66,"u":"3,77 €/L","img":"https://fd2-photos.leclercdrive.fr/image.ashx?id=2678050&use=l&cat=p&typeid=i","cat":334873},{"id":49649,"n":"Sauce Tomate Cuisinée Heinz Ail & Oignon x2 - 210g","p":1.49,"u":"3,55 €/KG","img":"https://fd2-photos.leclercdrive.fr/image.ashx?id=2926990&use=l&cat=p&typeid=i","cat":288384},{"id":49653,"n":"Chapelure dorée Tipiak 250g","p":0.64,"u":"2,56 €/KG","img":"https://fd2-photos.leclercdrive.fr/image.ashx?id=2563490&use=l&cat=p&typeid=i","cat":288382},{"id":49656,"n":"Sauce burger Amora 448g","p":1.93,"u":"4,31 €/KG","img":"https://fd2-photos.leclercdrive.fr/image.ashx?id=3014656&use=l&cat=p&typeid=i","cat":318431},{"id":49664,"n":"Farine complète Francine Boîte - 1kg","p":1.65,"u":"1,65 €/KG","img":"https://fd2-photos.leclercdrive.fr/image.ashx?id=2018898&use=l&cat=p&typeid=i","cat":284503},{"id":49681,"n":"Yaourt La Laitière Nature - 4x125g","p":1.74,"u":"3,48 €/KG","img":"https://fd2-photos.leclercdrive.fr/image.ashx?id=3007978&use=l&cat=p&typeid=i","cat":284409},{"id":49682,"n":"Yaourt La Laitière Vanille - 4x125g","p":1.91,"u":"3,82 €/KG","img":"https://fd2-photos.leclercdrive.fr/image.ashx?id=2650393&use=l&cat=p&typeid=i","cat":286006},{"id":49767,"n":"Ananas entier Découpe fraîche   400g","p":4.75,"u":"11,88 €/KG","img":"https://fd2-photos.leclercdrive.fr/image.ashx?id=969953&use=l&cat=p&typeid=i","cat":290298},{"id":49800,"n":"Chorizo doux César Moroni   200g","p":2.76,"u":"13,80 €/KG","img":"https://fd2-photos.leclercdrive.fr/image.ashx?id=2854420&use=l&cat=p&typeid=i","cat":316006},{"id":49825,"n":"Croco Pik Haribo  Sachet bonbons acidulés - 275g","p":1.63,"u":"5,93 €/KG","img":"https://fd2-photos.leclercdrive.fr/image.ashx?id=2802350&use=l&cat=p&typeid=i","cat":304250},{"id":49828,"n":"Happy Life Haribo Sachet bonbons - 275g","p":1.48,"u":"5,38 €/KG","img":"https://fd2-photos.leclercdrive.fr/image.ashx?id=2803577&use=l&cat=p&typeid=i","cat":304250},{"id":49834,"n":"Bonbons LUTTI BestFizz Assortiment Piquant - 550g","p":3.46,"u":"6,29 €/KG","img":"https://fd2-photos.leclercdrive.fr/image.ashx?id=2815022&use=l&cat=p&typeid=i","cat":304250},{"id":49845,"n":"Jus multifruits Jafaden Brique, ABC - 2L","p":2.65,"u":"1,33 €/L","img":"https://fd2-photos.leclercdrive.fr/image.ashx?id=2759220&use=l&cat=p&typeid=i","cat":284917},{"id":49851,"n":"Limonade Sprink's 1.5L","p":0.95,"u":"0,63 €/L","img":"https://fd2-photos.leclercdrive.fr/image.ashx?id=2913721&use=l&cat=p&typeid=i","cat":284531},{"id":49857,"n":"Mortadella bologna IGP Tradizioni d'Italia - 150g","p":2.59,"u":"17,27 €/KG","img":"https://fd2-photos.leclercdrive.fr/image.ashx?id=2925222&use=l&cat=p&typeid=i","cat":316009},{"id":49858,"n":"Prosciutto di parma AOP 18 mois Tradizioni d'Italia - 80g","p":3.79,"u":"47,38 €/KG","img":"https://fd2-photos.leclercdrive.fr/image.ashx?id=1961988&use=l&cat=p&typeid=i","cat":316007},{"id":49862,"n":"Essuie-tout Okay XXL x2","p":2.01,"u":"1,01 €/P","img":"https://fd2-photos.leclercdrive.fr/image.ashx?id=2892499&use=l&cat=p&typeid=i","cat":284635},{"id":49863,"n":"Pizza feu de bois  Turini  Saumon  - 420g","p":2.45,"u":"5,83 €/KG","img":"https://fd2-photos.leclercdrive.fr/image.ashx?id=2816579&use=l&cat=p&typeid=i","cat":284256},{"id":49865,"n":"Steak haché Authentique Charal Pur Bœuf 10% MG  8x125g - 1kg","p":14.25,"u":"14,25 €/KG","img":"https://fd2-photos.leclercdrive.fr/image.ashx?id=2741955&use=l&cat=p&typeid=i","cat":319778},{"id":49870,"n":"Protection Absorbante Tena Men  Médium - x10","p":4.53,"u":"0,45 €/P","img":"https://fd2-photos.leclercdrive.fr/image.ashx?id=2428573&use=l&cat=p&typeid=i","cat":291514},{"id":49872,"n":"Tampons Tampax Compak Pearl Super - x18","p":2.75,"u":"0,15 €/P","img":"https://fd2-photos.leclercdrive.fr/image.ashx?id=2956616&use=l&cat=p&typeid=i","cat":284626},{"id":49880,"n":"Boisson concentrée Frucci Menthe avec édulcorants - 75cl","p":2.39,"u":"3,19 €/L","img":"https://fd2-photos.leclercdrive.fr/image.ashx?id=2909903&use=l&cat=p&typeid=i","cat":295020},{"id":49881,"n":"Sirop Frucci Zero Grenadine avec edulcorants-75cl","p":2.49,"u":"3,32 €/L","img":"https://fd2-photos.leclercdrive.fr/image.ashx?id=2956110&use=l&cat=p&typeid=i","cat":295020},{"id":49883,"n":"Soda tonic Sprink's 1.5L","p":1.05,"u":"0,70 €/L","img":"https://fd2-photos.leclercdrive.fr/image.ashx?id=2913739&use=l&cat=p&typeid=i","cat":284531},{"id":49900,"n":"Feuilletés fromage fondu Eco+ 650g","p":1.61,"u":"2,48 €/KG","img":"https://fd2-photos.leclercdrive.fr/image.ashx?id=2079792&use=l&cat=p&typeid=i","cat":319776},{"id":49930,"n":"Yaourt douceur Le Petit Basque Brebis nature - 4x100g","p":2.8,"u":"7,00 €/KG","img":"https://fd2-photos.leclercdrive.fr/image.ashx?id=2248084&use=l&cat=p&typeid=i","cat":314998},{"id":49931,"n":"Yaourt douceur Le Petit Basque Brebis citron - 4x100g","p":2.47,"u":"6,18 €/KG","img":"https://fd2-photos.leclercdrive.fr/image.ashx?id=2248087&use=l&cat=p&typeid=i","cat":314998},{"id":49932,"n":"Fromage Pavé d'Affinois Original - 180g","p":2.5,"u":"13,89 €/KG","img":"https://fd2-photos.leclercdrive.fr/image.ashx?id=2644070&use=l&cat=p&typeid=i","cat":314030},{"id":49933,"n":"Fromage Pavé d'Affinois Mini Mix 5 variétés - 130g","p":2.57,"u":"19,77 €/KG","img":"https://fd2-photos.leclercdrive.fr/image.ashx?id=2644076&use=l&cat=p&typeid=i","cat":314030},{"id":49971,"n":"Frites Pom Bistro à la Graisse de Canard - 500g","p":3.44,"u":"6,88 €/KG","img":"https://fd2-photos.leclercdrive.fr/image.ashx?id=2866412&use=l&cat=p&typeid=i","cat":319791},{"id":49979,"n":"Soupe liquide Liebig  Potiron Chataîgne - Brique 1L","p":2.68,"u":"2,68 €/L","img":"https://fd2-photos.leclercdrive.fr/image.ashx?id=2785358&use=l&cat=p&typeid=i","cat":284462},{"id":49981,"n":"Velouté Liebig Légumes du soleil - 1L","p":2.8,"u":"2,80 €/L","img":"https://fd2-photos.leclercdrive.fr/image.ashx?id=2750991&use=l&cat=p&typeid=i","cat":284462},{"id":49997,"n":"Boisson aux fruits Oasis Mini Tropical - 6x25cl","p":3.08,"u":"2,05 €/L","img":"https://fd2-photos.leclercdrive.fr/image.ashx?id=2684443&use=l&cat=p&typeid=i","cat":295018},{"id":50002,"n":"Sauce soja Kikkoman  150ml","p":3.39,"u":"22,60 €/L","img":"https://fd2-photos.leclercdrive.fr/image.ashx?id=2536284&use=l&cat=p&typeid=i","cat":288992},{"id":50004,"n":"Kit Crousti Fajitas Old El Paso extra doux - 521g","p":4.51,"u":"8,66 €/KG","img":"https://fd2-photos.leclercdrive.fr/image.ashx?id=2765402&use=l&cat=p&typeid=i","cat":288993},{"id":50018,"n":"Légumes grillés Florelli 280g","p":3.25,"u":"11,61 €/KG","img":"https://fd2-photos.leclercdrive.fr/image.ashx?id=2664199&use=l&cat=p&typeid=i","cat":289010},{"id":50052,"n":"Lait bébé en poudre Galliagest croissance Dès 12 mois 900g","p":13.64,"u":"15,16 €/KG","img":"https://fd2-photos.leclercdrive.fr/image.ashx?id=2616844&use=l&cat=p&typeid=i","cat":290219},{"id":50072,"n":"Soupe Liquide Douceur Knorr 8 légumes à la crème - 50cl","p":1.52,"u":"3,04 €/L","img":"https://fd2-photos.leclercdrive.fr/image.ashx?id=2738023&use=l&cat=p&typeid=i","cat":284462},{"id":50083,"n":"Taboulé aux tomates  Garbit - 730g","p":2.61,"u":"3,58 €/KG","img":"https://fd2-photos.leclercdrive.fr/image.ashx?id=2901905&use=l&cat=p&typeid=i","cat":325094},{"id":50088,"n":"Pulpe tomate basilic Jardin Bio Bio - 500g","p":2.1,"u":"4,20 €/KG","img":"https://fd2-photos.leclercdrive.fr/image.ashx?id=2535025&use=l&cat=p&typeid=i","cat":288384},{"id":50106,"n":"Nems au Porc Tables du Monde x4 - 280g","p":1.76,"u":"6,29 €/KG","img":"https://fd2-photos.leclercdrive.fr/image.ashx?id=2967670&use=l&cat=p&typeid=i","cat":333673},{"id":50123,"n":"Vinaigrette Puget  Ciboulette/échalotes - 33cl","p":2.18,"u":"6,61 €/L","img":"https://fd2-photos.leclercdrive.fr/image.ashx?id=2912146&use=l&cat=p&typeid=i","cat":284456},{"id":50131,"n":"Compotes Pom'Potes Gourdes  Multivariétés - 20x90g","p":7.19,"u":"3,99 €/KG","img":"https://fd2-photos.leclercdrive.fr/image.ashx?id=3010930&use=l&cat=p&typeid=i","cat":284508},{"id":50132,"n":"Compotes Pom'Potes Gourdes  Multivariétés Inédits - 12x90g","p":5.44,"u":"5,04 €/KG","img":"https://fd2-photos.leclercdrive.fr/image.ashx?id=2870170&use=l&cat=p&typeid=i","cat":284508},{"id":50135,"n":"Lingettes Textil Anti-transfert - x40","p":3.71,"u":"0,09 €/P","img":"https://fd2-photos.leclercdrive.fr/image.ashx?id=2964574&use=l&cat=p&typeid=i","cat":290450},{"id":50191,"n":"Whisky The Glenlivet Founder's Scotch Single Malt 40% vol 70cl","p":24.62,"u":"35,17 €/L","img":"https://fd2-photos.leclercdrive.fr/image.ashx?id=2866019&use=l&cat=p&typeid=i","cat":284547},{"id":50211,"n":"Pain Bruschetta La Boulangère 400g","p":2.35,"u":"5,88 €/KG","img":"https://fd2-photos.leclercdrive.fr/image.ashx?id=2912404&use=l&cat=p&typeid=i","cat":284985},{"id":50218,"n":"Tronches de Cake St Michel 175g","p":1.65,"u":"9,43 €/KG","img":"https://fd2-photos.leclercdrive.fr/image.ashx?id=2949946&use=l&cat=p&typeid=i","cat":284495},{"id":50224,"n":"Cookies Milka Pépites de chocolat - 168g","p":1.53,"u":"9,11 €/KG","img":"https://fd2-photos.leclercdrive.fr/image.ashx?id=3002285&use=l&cat=p&typeid=i","cat":325066},{"id":50225,"n":"Biscuits Choco suprême Milka Chocolat - 180g","p":2.3,"u":"12,78 €/KG","img":"https://fd2-photos.leclercdrive.fr/image.ashx?id=2990991&use=l&cat=p&typeid=i","cat":284488},{"id":50226,"n":"Biscuits sablés Granola Chocolat au lait - 3x200g","p":4.29,"u":"7,15 €/KG","img":"https://fd2-photos.leclercdrive.fr/image.ashx?id=3009125&use=l&cat=p&typeid=i","cat":284488},{"id":50227,"n":"Biscuits Granola Chocolat au lait - 200g","p":1.44,"u":"7,20 €/KG","img":"https://fd2-photos.leclercdrive.fr/image.ashx?id=2324282&use=l&cat=p&typeid=i","cat":284488},{"id":50231,"n":"Biscuit Dinosaurus Lotus Chocolat au lait - 225g","p":1.94,"u":"8,62 €/KG","img":"https://fd2-photos.leclercdrive.fr/image.ashx?id=2859815&use=l&cat=p&typeid=i","cat":284488},{"id":50257,"n":"Jus d'orange Jafaden Pur jus sans pulpe - 6x1L","p":11.94,"u":"1,99 €/L","img":"https://fd2-photos.leclercdrive.fr/image.ashx?id=2842504&use=l&cat=p&typeid=i","cat":284521},{"id":50262,"n":"Kebab de poulet Fleury Michon Semoule à l'orientale - 280g","p":2.78,"u":"9,93 €/KG","img":"https://fd2-photos.leclercdrive.fr/image.ashx?id=2680167&use=l&cat=p&typeid=i","cat":333665},{"id":50432,"n":"Pain Campagnard GERBLE  Sans gluten - 350g","p":4.28,"u":"12,23 €/KG","img":"https://fd2-photos.leclercdrive.fr/image.ashx?id=2662829&use=l&cat=p&typeid=i","cat":325069},{"id":50442,"n":"Haut de Cuisse Poulet Blanc Les Accessibles - 1kg","p":4.53,"u":"4,53 €/KG","img":"https://fd2-photos.leclercdrive.fr/image.ashx?id=2831975&use=l&cat=p&typeid=i","cat":284336},{"id":50445,"n":"Filet de poulet Le Gaulois Les Accessibles - 1kg","p":10.59,"u":"10,59 €/KG","img":"https://fd2-photos.leclercdrive.fr/image.ashx?id=2831966&use=l&cat=p&typeid=i","cat":284336},{"id":50446,"n":"Aiguilette Poulet Blanc S/Atm Les Accessibles - 500g","p":5.44,"u":"10,88 €/KG","img":"https://fd2-photos.leclercdrive.fr/image.ashx?id=2831978&use=l&cat=p&typeid=i","cat":284336},{"id":50458,"n":"Fromage Roucoulons Fromagerie Milleret- 220g","p":2.73,"u":"12,41 €/KG","img":"https://fd2-photos.leclercdrive.fr/image.ashx?id=2450922&use=l&cat=p&typeid=i","cat":329558},{"id":50459,"n":"Fromage à Tartiner St Môret  Nature - 150g","p":2.02,"u":"13,47 €/KG","img":"https://fd2-photos.leclercdrive.fr/image.ashx?id=2755468&use=l&cat=p&typeid=i","cat":314029},{"id":50485,"n":"Sirop Frucci Sans sucres - 75cl","p":2.39,"u":"3,19 €/L","img":"https://fd2-photos.leclercdrive.fr/image.ashx?id=2956735&use=l&cat=p&typeid=i","cat":295020},{"id":50524,"n":"Crème soin Nivea visage Sensitive soin de jour - 50ml","p":4.8,"u":"96,00 €/L","img":"https://fd2-photos.leclercdrive.fr/image.ashx?id=2221581&use=l&cat=p&typeid=i","cat":325345},{"id":50530,"n":"Bonbons Tic Tac Acidulé Fruit du dragon - x100 - 49g","p":1.94,"u":"39,59 €/KG","img":"https://fd2-photos.leclercdrive.fr/image.ashx?id=2985597&use=l&cat=p&typeid=i","cat":304256},{"id":50585,"n":"Haricots verts d'aucy  Extra-fins - 440g","p":1.72,"u":"3,91 €/KG","img":"https://fd2-photos.leclercdrive.fr/image.ashx?id=2527370&use=l&cat=p&typeid=i","cat":312606},{"id":50590,"n":"Lentilles préparées D'aucy  530g","p":1.52,"u":"2,87 €/KG","img":"https://fd2-photos.leclercdrive.fr/image.ashx?id=2560597&use=l&cat=p&typeid=i","cat":312609},{"id":50592,"n":"Pois chiches Sultanines 265g","p":0.9,"u":"3,40 €/KG","img":"https://fd2-photos.leclercdrive.fr/image.ashx?id=1920223&use=l&cat=p&typeid=i","cat":312609},{"id":50593,"n":"Eau de source Cristaline 6x1L","p":1.07,"u":"0,18 €/L","img":"https://fd2-photos.leclercdrive.fr/image.ashx?id=2650510&use=l&cat=p&typeid=i","cat":284535},{"id":50599,"n":"Crème soyeuse Bio Lait d'anesse So'Bio Etic - 50 ml","p":7.87,"u":"157,40 €/L","img":"https://fd2-photos.leclercdrive.fr/image.ashx?id=2906463&use=l&cat=p&typeid=i","cat":325345},{"id":50600,"n":"Crème onctueuse lait d'anesse Bio - So'Bio Etic - 50 ml","p":7.59,"u":"151,80 €/L","img":"https://fd2-photos.leclercdrive.fr/image.ashx?id=2909062&use=l&cat=p&typeid=i","cat":325345},{"id":50672,"n":"Biscuits à la cuillère x30 Bonne Maman - 250g","p":4.46,"u":"17,84 €/KG","img":"https://fd2-photos.leclercdrive.fr/image.ashx?id=2936152&use=l&cat=p&typeid=i","cat":284487},{"id":50673,"n":"Financier amandes Bonne Maman 250g","p":3.44,"u":"13,76 €/KG","img":"https://fd2-photos.leclercdrive.fr/image.ashx?id=2936176&use=l&cat=p&typeid=i","cat":284492},{"id":50674,"n":"Quatre quarts Bonne Maman 500g","p":3.11,"u":"6,22 €/KG","img":"https://fd2-photos.leclercdrive.fr/image.ashx?id=2936158&use=l&cat=p&typeid=i","cat":294776},{"id":50675,"n":"Gâteau Bonne Maman  Marbré chocolat - 475g","p":3.23,"u":"6,80 €/KG","img":"https://fd2-photos.leclercdrive.fr/image.ashx?id=2936161&use=l&cat=p&typeid=i","cat":294776},{"id":50676,"n":"Madeleine coquille St Michel  Oeuf plein air x24 - 600g","p":3.23,"u":"5,38 €/KG","img":"https://fd2-photos.leclercdrive.fr/image.ashx?id=2936197&use=l&cat=p&typeid=i","cat":284492},{"id":50678,"n":"IGP Vinaigre balsamique Modène Maille - 75cl","p":4.54,"u":"6,05 €/L","img":"https://fd2-photos.leclercdrive.fr/image.ashx?id=2805666&use=l&cat=p&typeid=i","cat":298543},{"id":50680,"n":"Barre Chocolatée KINDER Country  Céréales chocolat x15 - 352,5g","p":4.77,"u":"13,55 €/KG","img":"https://fd2-photos.leclercdrive.fr/image.ashx?id=2231903&use=l&cat=p&typeid=i","cat":284498},{"id":50682,"n":"Gâteau Ker Cadélac Le Moelleux Original - 500g","p":2.44,"u":"4,88 €/KG","img":"https://fd2-photos.leclercdrive.fr/image.ashx?id=2955797&use=l&cat=p&typeid=i","cat":294776},{"id":50683,"n":"Barre marbré  Ker Cadélac  Cacao - 500g","p":2.39,"u":"4,78 €/KG","img":"https://fd2-photos.leclercdrive.fr/image.ashx?id=2939508&use=l&cat=p&typeid=i","cat":294776},{"id":50686,"n":"Compotes Pom'Potes Gourdes  Multivariétés Inédits - 12x90g","p":5.97,"u":"5,53 €/KG","img":"https://fd2-photos.leclercdrive.fr/image.ashx?id=2864303&use=l&cat=p&typeid=i","cat":284508},{"id":50688,"n":"Pains au chocolat Pasquier  x16 - 720g","p":4.35,"u":"6,04 €/KG","img":"https://fd2-photos.leclercdrive.fr/image.ashx?id=2686837&use=l&cat=p&typeid=i","cat":296366},{"id":50689,"n":"Croissants Pasquier x8 - 320g","p":1.85,"u":"5,78 €/KG","img":"https://fd2-photos.leclercdrive.fr/image.ashx?id=2853053&use=l&cat=p&typeid=i","cat":296366},{"id":50690,"n":"Brioche tressée Pasquier Tranchée nature - 500g","p":2.36,"u":"4,72 €/KG","img":"https://fd2-photos.leclercdrive.fr/image.ashx?id=2978706&use=l&cat=p&typeid=i","cat":284478},{"id":50703,"n":"Mini canapés nature Jacquet - 255g","p":1.29,"u":"5,06 €/KG","img":"https://fd2-photos.leclercdrive.fr/image.ashx?id=2894794&use=l&cat=p&typeid=i","cat":285454},{"id":50705,"n":"Toasts ronds nature Jacquet - 250g","p":1.43,"u":"5,72 €/KG","img":"https://fd2-photos.leclercdrive.fr/image.ashx?id=2979602&use=l&cat=p&typeid=i","cat":285454},{"id":50706,"n":"Toasts foie gras ronds Jacquet - 250g","p":1.44,"u":"5,76 €/KG","img":"https://fd2-photos.leclercdrive.fr/image.ashx?id=2979599&use=l&cat=p&typeid=i","cat":285454},{"id":50712,"n":"Biscuits Choco Pause Milka Chocolat au lait - 260g","p":1.45,"u":"5,58 €/KG","img":"https://fd2-photos.leclercdrive.fr/image.ashx?id=2192572&use=l&cat=p&typeid=i","cat":284488},{"id":50713,"n":"Biscuits Oreo Vanille / chocolat blanc - 246g","p":2.32,"u":"9,43 €/KG","img":"https://fd2-photos.leclercdrive.fr/image.ashx?id=2989447&use=l&cat=p&typeid=i","cat":284488},{"id":50714,"n":"Biscottes Heudebert  Goût brioché - 290g","p":1.65,"u":"5,69 €/KG","img":"https://fd2-photos.leclercdrive.fr/image.ashx?id=3001979&use=l&cat=p&typeid=i","cat":284479},{"id":50715,"n":"Biscottes Gourmande Pelletier Goût brioché - 260g","p":2.21,"u":"8,50 €/KG","img":"https://fd2-photos.leclercdrive.fr/image.ashx?id=2961825&use=l&cat=p&typeid=i","cat":284479},{"id":50717,"n":"Gâche tranchée La Fournée Dorée Pépites de chocolat - 500g","p":2.77,"u":"5,54 €/KG","img":"https://fd2-photos.leclercdrive.fr/image.ashx?id=2347035&use=l&cat=p&typeid=i","cat":284478},{"id":50734,"n":"Soda Sprink's Orange - 1.5L","p":0.92,"u":"0,61 €/L","img":"https://fd2-photos.leclercdrive.fr/image.ashx?id=2974810&use=l&cat=p&typeid=i","cat":284532},{"id":50736,"n":"Blancs de poulet Eco+ 4 tranches - 180g","p":1.33,"u":"7,39 €/KG","img":"https://fd2-photos.leclercdrive.fr/image.ashx?id=2683634&use=l&cat=p&typeid=i","cat":316010},{"id":50744,"n":"Cervelas Eco+ 400g","p":1.67,"u":"4,18 €/KG","img":"https://fd2-photos.leclercdrive.fr/image.ashx?id=2683637&use=l&cat=p&typeid=i","cat":316012},{"id":50760,"n":"Sablés Bonne Maman  Tout Chocolat - 150g","p":1.49,"u":"9,93 €/KG","img":"https://fd2-photos.leclercdrive.fr/image.ashx?id=2923687&use=l&cat=p&typeid=i","cat":325066},{"id":50767,"n":"Roti de porc Eco+ 5 tranches - 150g","p":1.81,"u":"12,07 €/KG","img":"https://fd2-photos.leclercdrive.fr/image.ashx?id=2706747&use=l&cat=p&typeid=i","cat":316009},{"id":50770,"n":"Pâtes serpentin Turini  Cuisson rapide - 500g","p":1.16,"u":"2,32 €/KG","img":"https://fd2-photos.leclercdrive.fr/image.ashx?id=2607560&use=l&cat=p&typeid=i","cat":284427},{"id":50773,"n":"Dés de jambon Eco+ 2x100G","p":1.65,"u":"8,25 €/KG","img":"https://fd2-photos.leclercdrive.fr/image.ashx?id=2930936&use=l&cat=p&typeid=i","cat":316011},{"id":50775,"n":"Mousse de canard au porto Eco+ 200g","p":1.16,"u":"5,80 €/KG","img":"https://fd2-photos.leclercdrive.fr/image.ashx?id=2998898&use=l&cat=p&typeid=i","cat":316008},{"id":50776,"n":"Mousse de foie Eco+ 300g","p":1.32,"u":"4,40 €/KG","img":"https://fd2-photos.leclercdrive.fr/image.ashx?id=2728297&use=l&cat=p&typeid=i","cat":316008},{"id":50778,"n":"Jambon qualité choix Eco+ 10 tranches - 500g","p":4.21,"u":"8,42 €/KG","img":"https://fd2-photos.leclercdrive.fr/image.ashx?id=2970492&use=l&cat=p&typeid=i","cat":316009},{"id":50779,"n":"Saucisse de Strasbourg Eco+ x10 - 350g","p":1.22,"u":"3,49 €/KG","img":"https://fd2-photos.leclercdrive.fr/image.ashx?id=2794856&use=l&cat=p&typeid=i","cat":316012},{"id":50810,"n":"Sauce Tomates Barilla Arrabbiata - 400g","p":1.64,"u":"4,10 €/KG","img":"https://fd2-photos.leclercdrive.fr/image.ashx?id=2832509&use=l&cat=p&typeid=i","cat":287599},{"id":50903,"n":"Rana Feuilles de lasagnes Fraîches - 250g","p":2.09,"u":"8,36 €/KG","img":"https://fd2-photos.leclercdrive.fr/image.ashx?id=2529144&use=l&cat=p&typeid=i","cat":333682},{"id":50905,"n":"Briquet Mega Lighter U140 Fluo - x1","p":3.46,"img":"https://fd2-photos.leclercdrive.fr/image.ashx?id=2730880&use=l&cat=p&typeid=i","cat":300578},{"id":50906,"n":"Cubes allume-feu Eco+ x32","p":1.4,"u":"0,04 €/P","img":"https://fd2-photos.leclercdrive.fr/image.ashx?id=2645125&use=l&cat=p&typeid=i","cat":300578},{"id":50915,"n":"Gnocchi à poêler Lustucru Fromage - 300g","p":1.66,"u":"5,53 €/KG","img":"https://fd2-photos.leclercdrive.fr/image.ashx?id=3014482&use=l&cat=p&typeid=i","cat":333682},{"id":50919,"n":"Emincés de boeuf Fleury Michon pommes de terre poivre - 280g","p":3.6,"u":"12,86 €/KG","img":"https://fd2-photos.leclercdrive.fr/image.ashx?id=3003299&use=l&cat=p&typeid=i","cat":333665},{"id":50984,"n":"Soda zéro Sprink's Agrumes - 1,5L","p":0.76,"u":"0,51 €/L","img":"https://fd2-photos.leclercdrive.fr/image.ashx?id=2913724&use=l&cat=p&typeid=i","cat":284532},{"id":50991,"n":"Fruits au sirop St Mamet Ananas en tranches - 345g","p":2.92,"u":"8,46 €/KG","img":"https://fd2-photos.leclercdrive.fr/image.ashx?id=2630226&use=l&cat=p&typeid=i","cat":284507},{"id":51046,"n":"Mouchoirs blancs 3 plis Eco+ x15","p":0.97,"u":"0,06 €/P","img":"https://fd2-photos.leclercdrive.fr/image.ashx?id=2824244&use=l&cat=p&typeid=i","cat":284638},{"id":51047,"n":"Biscuits Petit Brun extra 300g","p":1.35,"u":"4,50 €/KG","img":"https://fd2-photos.leclercdrive.fr/image.ashx?id=3002264&use=l&cat=p&typeid=i","cat":284487},{"id":51048,"n":"Lentilles Notre Jardin 3x130g","p":2.09,"u":"5,36 €/KG","img":"https://fd2-photos.leclercdrive.fr/image.ashx?id=3002617&use=l&cat=p&typeid=i","cat":312609},{"id":51050,"n":"Chips Pom'lisse Barbecue - 6x30g","p":1.99,"u":"11,06 €/KG","img":"https://fd2-photos.leclercdrive.fr/image.ashx?id=2809668&use=l&cat=p&typeid=i","cat":284447},{"id":51089,"n":"Soda Sprink's Aux agrumes - 1.5L","p":1.4,"u":"0,93 €/L","img":"https://fd2-photos.leclercdrive.fr/image.ashx?id=2913727&use=l&cat=p&typeid=i","cat":284532},{"id":51249,"n":"Crème brûlée La Laitière saveur vanille - 4x100g","p":2.9,"u":"7,25 €/KG","img":"https://fd2-photos.leclercdrive.fr/image.ashx?id=2624116&use=l&cat=p&typeid=i","cat":284419},{"id":51254,"n":"Eau aromatisée O'Fresh Pêche - 1.5L","p":0.91,"u":"0,61 €/L","img":"https://fd2-photos.leclercdrive.fr/image.ashx?id=2450029&use=l&cat=p&typeid=i","cat":284537},{"id":51257,"n":"Eau aromatisée O'Fresh Citron vert - 1.5L","p":0.75,"u":"0,50 €/L","img":"https://fd2-photos.leclercdrive.fr/image.ashx?id=2450038&use=l&cat=p&typeid=i","cat":284537},{"id":51265,"n":"Eau aromatisée O'Fresh Citron - 1.5L","p":0.75,"u":"0,50 €/L","img":"https://fd2-photos.leclercdrive.fr/image.ashx?id=2450041&use=l&cat=p&typeid=i","cat":284537},{"id":51268,"n":"Eau aromatisée O'Fresh Fraise - 1.5L","p":0.75,"u":"0,50 €/L","img":"https://fd2-photos.leclercdrive.fr/image.ashx?id=2450044&use=l&cat=p&typeid=i","cat":284537},{"id":51271,"n":"Tablette chocolat Côte d'Or Noir extra - 3x100g","p":3.58,"u":"11,93 €/KG","img":"https://fd2-photos.leclercdrive.fr/image.ashx?id=2875564&use=l&cat=p&typeid=i","cat":284956},{"id":51274,"n":"Tablette chocolat Côte d'Or Chocolar lait/ Raisin - 180g","p":3.24,"u":"18,00 €/KG","img":"https://fd2-photos.leclercdrive.fr/image.ashx?id=2961272&use=l&cat=p&typeid=i","cat":284497},{"id":51275,"n":"Tablette chocolat Côte d'Or Chocolat lait/Noisettes - 180g","p":3.27,"u":"18,17 €/KG","img":"https://fd2-photos.leclercdrive.fr/image.ashx?id=2993140&use=l&cat=p&typeid=i","cat":284497},{"id":51276,"n":"Tablette chocolat Côte d'Or Chocolat noir/Noisettes - 180g","p":3.27,"u":"18,17 €/KG","img":"https://fd2-photos.leclercdrive.fr/image.ashx?id=2993143&use=l&cat=p&typeid=i","cat":284956},{"id":51289,"n":"Fromage Blanc Calin Nature - 0% extra - 850g","p":2.27,"u":"2,67 €/KG","img":"https://fd2-photos.leclercdrive.fr/image.ashx?id=2973724&use=l&cat=p&typeid=i","cat":315000},{"id":51291,"n":"Fromage blanc Soignon Nature lait de chèvre - 4x100g","p":2.6,"u":"6,50 €/KG","img":"https://fd2-photos.leclercdrive.fr/image.ashx?id=2539902&use=l&cat=p&typeid=i","cat":314998},{"id":51298,"n":"Compotes Andros  Pomme nature - 16x100g","p":3.17,"u":"1,98 €/KG","img":"https://fd2-photos.leclercdrive.fr/image.ashx?id=2908195&use=l&cat=p&typeid=i","cat":284416},{"id":51300,"n":"Yaourt Nature Sucré Yoplait - 4x125g","p":1.17,"u":"2,34 €/KG","img":"https://fd2-photos.leclercdrive.fr/image.ashx?id=2799898&use=l&cat=p&typeid=i","cat":284409},{"id":51318,"n":"Nonnettes de Dijon NRT Cassis - 200g","p":3.99,"u":"19,95 €/KG","img":"https://fd2-photos.leclercdrive.fr/image.ashx?id=2622338&use=l&cat=p&typeid=i","cat":284493},{"id":51346,"n":"Dessert liégeois Viennois Vanille lit de caramel - 4x100g","p":1.57,"u":"3,93 €/KG","img":"https://fd2-photos.leclercdrive.fr/image.ashx?id=2692122&use=l&cat=p&typeid=i","cat":285042},{"id":51353,"n":"Fromage Cantal jeune NRT AOP  200g","p":3.19,"u":"15,95 €/KG","img":"https://fd2-photos.leclercdrive.fr/image.ashx?id=2934832&use=l&cat=p&typeid=i","cat":314034},{"id":51392,"n":"Yaourts à la Grecque Délisse Lit de fruit jaunes - 4x150g","p":1.99,"u":"3,32 €/KG","img":"https://fd2-photos.leclercdrive.fr/image.ashx?id=2699699&use=l&cat=p&typeid=i","cat":314999},{"id":51395,"n":"Profiteroles Délisse 4x90g","p":2.49,"u":"6,92 €/KG","img":"https://fd2-photos.leclercdrive.fr/image.ashx?id=2844842&use=l&cat=p&typeid=i","cat":284419},{"id":51607,"n":"Fromage enfant Kiri Goûter 8 portions barquettes - 280g","p":3.27,"u":"11,68 €/KG","img":"https://fd2-photos.leclercdrive.fr/image.ashx?id=2972886&use=l&cat=p&typeid=i","cat":314030},{"id":51653,"n":"Bananes Panier du Primeur x5","p":1.69,"u":"0,34 €/P","img":"https://fd2-photos.leclercdrive.fr/image.ashx?id=2302456&use=l&cat=p&typeid=i","cat":284356},{"id":51722,"n":"Bâtonnet Magic Smicy Mutlifruits x8 - 320g","p":2.51,"u":"7,84 €/KG","img":"https://fd2-photos.leclercdrive.fr/image.ashx?id=2133942&use=l&cat=p&typeid=i","cat":285250},{"id":51750,"n":"Sel fin La Baleine Iodé - 500g","p":0.52,"u":"1,04 €/KG","img":"https://fd2-photos.leclercdrive.fr/image.ashx?id=1752100&use=l&cat=p&typeid=i","cat":284457},{"id":51822,"n":"Thé glacé Lipton Ice Tea Pêche - 4x50cl","p":3.92,"u":"1,96 €/L","img":"https://fd2-photos.leclercdrive.fr/image.ashx?id=2505471&use=l&cat=p&typeid=i","cat":295019},{"id":51866,"n":"Lait Croissance Mots d'Enfants 12 à 36 mois - 6x1L","p":8.04,"u":"1,34 €/L","img":"https://fd2-photos.leclercdrive.fr/image.ashx?id=2770684&use=l&cat=p&typeid=i","cat":284728},{"id":51935,"n":"Goûter laitier Récré O'Lé Gourdes Saveur Vanille - 12x85g","p":5.48,"u":"5,37 €/KG","img":"https://fd2-photos.leclercdrive.fr/image.ashx?id=2795213&use=l&cat=p&typeid=i","cat":284506},{"id":51939,"n":"Trio salade Florette Mâche roquette betterave - 175g","p":1.97,"u":"11,26 €/KG","img":"https://fd2-photos.leclercdrive.fr/image.ashx?id=2650534&use=l&cat=p&typeid=i","cat":284353},{"id":51980,"n":"Lait demi-écrémé Délisse UHT -  6x25cl","p":3.36,"u":"2,24 €/L","img":"https://fd2-photos.leclercdrive.fr/image.ashx?id=2971503&use=l&cat=p&typeid=i","cat":284377},{"id":51995,"n":"Spécialité laitière Délisse Epaisse - 7% MG - 50cl","p":1.43,"u":"2,86 €/L","img":"https://fd2-photos.leclercdrive.fr/image.ashx?id=2363802&use=l&cat=p&typeid=i","cat":284381},{"id":52001,"n":"Pâte à pizza fine Herta Rectangulaire - 390g","p":1.52,"u":"3,90 €/KG","img":"https://fd2-photos.leclercdrive.fr/image.ashx?id=2976110&use=l&cat=p&typeid=i","cat":333681},{"id":52002,"n":"HERTA Pâte à pizza fine & ronde 265g","p":1.19,"u":"4,49 €/KG","img":"https://fd2-photos.leclercdrive.fr/image.ashx?id=2975674&use=l&cat=p&typeid=i","cat":333681},{"id":52004,"n":"AOC Alsace Edelzwicker  vin blanc Rebmann - 75 cl","p":4.49,"u":"5,99 €/L","img":"https://fd2-photos.leclercdrive.fr/image.ashx?id=2775472&use=l&cat=p&typeid=i","cat":289557},{"id":52057,"n":"Fromage L'Ortolan Paysange  Fromagerie Milleret - 250g","p":2.44,"u":"9,76 €/KG","img":"https://fd2-photos.leclercdrive.fr/image.ashx?id=1745387&use=l&cat=p&typeid=i","cat":314033},{"id":52071,"n":"Tortillas Table du Monde De maïs - 320g","p":1.69,"u":"5,28 €/KG","img":"https://fd2-photos.leclercdrive.fr/image.ashx?id=2679759&use=l&cat=p&typeid=i","cat":288993},{"id":52080,"n":"Emmental fromage rapé Les Croisés - 1kg","p":7.97,"u":"7,97 €/KG","img":"https://fd2-photos.leclercdrive.fr/image.ashx?id=2832990&use=l&cat=p&typeid=i","cat":314035},{"id":52091,"n":"Aiguillettes canard Périgord NRT - 300g","p":6.95,"u":"23,17 €/KG","img":"https://fd2-photos.leclercdrive.fr/image.ashx?id=2753532&use=l&cat=p&typeid=i","cat":284339},{"id":52094,"n":"Poulet rôti purée Côté Table Barquette - 300g","p":2.38,"u":"7,93 €/KG","img":"https://fd2-photos.leclercdrive.fr/image.ashx?id=2624001&use=l&cat=p&typeid=i","cat":284953},{"id":52096,"n":"Confit de figues NRT De Provence - 150g","p":1.87,"u":"12,47 €/KG","img":"https://fd2-photos.leclercdrive.fr/image.ashx?id=2839995&use=l&cat=p&typeid=i","cat":284480},{"id":52104,"n":"Gaufres P'tit Deli Poudrées - 260g","p":1.69,"u":"6,50 €/KG","img":"https://fd2-photos.leclercdrive.fr/image.ashx?id=2932417&use=l&cat=p&typeid=i","cat":294777},{"id":52111,"n":"Chiffonade chorizo Saint Azay 100g","p":2.19,"u":"21,90 €/KG","img":"https://fd2-photos.leclercdrive.fr/image.ashx?id=2845146&use=l&cat=p&typeid=i","cat":316007},{"id":52112,"n":"Jambon sec Saint Azay  4 tranches - 100g","p":2.06,"u":"20,60 €/KG","img":"https://fd2-photos.leclercdrive.fr/image.ashx?id=2869275&use=l&cat=p&typeid=i","cat":316007},{"id":52113,"n":"Jambon sec Saint Azay  8 tranches - 200g","p":4.09,"u":"20,45 €/KG","img":"https://fd2-photos.leclercdrive.fr/image.ashx?id=2872451&use=l&cat=p&typeid=i","cat":316007},{"id":52115,"n":"Ail Rustica  250g","p":3.29,"u":"13,16 €/KG","img":"https://fd2-photos.leclercdrive.fr/image.ashx?id=2341894&use=l&cat=p&typeid=i","cat":319804},{"id":52122,"n":"Limonade Sprink's Zero - 1.5L","p":0.59,"u":"0,39 €/L","img":"https://fd2-photos.leclercdrive.fr/image.ashx?id=2913681&use=l&cat=p&typeid=i","cat":284531},{"id":52124,"n":"Pâtes Tagliatelles Turini  Fraiches - 600g","p":1.89,"u":"3,15 €/KG","img":"https://fd2-photos.leclercdrive.fr/image.ashx?id=2823081&use=l&cat=p&typeid=i","cat":333682},{"id":52128,"n":"Dés de saumon Ronde des Mers  Fumé nature - 90g","p":4.1,"u":"45,56 €/KG","img":"https://fd2-photos.leclercdrive.fr/image.ashx?id=3004624&use=l&cat=p&typeid=i","cat":285188},{"id":52136,"n":"Mozzarella Pic'Express 250g","p":2.99,"u":"11,96 €/KG","img":"https://fd2-photos.leclercdrive.fr/image.ashx?id=2678800&use=l&cat=p&typeid=i","cat":319774},{"id":52139,"n":"Confit d'oignons NRT 150g","p":1.87,"u":"12,47 €/KG","img":"https://fd2-photos.leclercdrive.fr/image.ashx?id=2839998&use=l&cat=p&typeid=i","cat":284458},{"id":52141,"n":"Bâtonnets Dentastix Pedigree Moyen chien x7 - 180g","p":2.25,"u":"12,50 €/KG","img":"https://fd2-photos.leclercdrive.fr/image.ashx?id=2981301&use=l&cat=p&typeid=i","cat":294527},{"id":52142,"n":"Bâtonnets Dentastix Pedigree Grand chien x7 - 270g","p":3.03,"u":"11,22 €/KG","img":"https://fd2-photos.leclercdrive.fr/image.ashx?id=2877046&use=l&cat=p&typeid=i","cat":294527},{"id":52143,"n":"Bâtonnets Dentastix Pedigree Petit chien x7 - 110g","p":1.68,"u":"15,27 €/KG","img":"https://fd2-photos.leclercdrive.fr/image.ashx?id=2832338&use=l&cat=p&typeid=i","cat":294527},{"id":52147,"n":"Les Apéro' Champi à la Provençale Bonduelle 160g","p":1.86,"u":"11,63 €/KG","img":"https://fd2-photos.leclercdrive.fr/image.ashx?id=2910130&use=l&cat=p&typeid=i","cat":284450},{"id":52148,"n":"Filet de poulet Fleury Michon pommes de terre - 300g","p":3.02,"u":"10,07 €/KG","img":"https://fd2-photos.leclercdrive.fr/image.ashx?id=2656754&use=l&cat=p&typeid=i","cat":333665},{"id":52170,"n":"Amandes effilées Vahiné 125g","p":3.73,"u":"29,84 €/KG","img":"https://fd2-photos.leclercdrive.fr/image.ashx?id=2490575&use=l&cat=p&typeid=i","cat":284504},{"id":52171,"n":"Noix de coco Vahiné  Râpée - 115g","p":1.76,"u":"15,30 €/KG","img":"https://fd2-photos.leclercdrive.fr/image.ashx?id=2559811&use=l&cat=p&typeid=i","cat":284504},{"id":52177,"n":"Pignons de pin Vahiné 50g","p":3.95,"u":"79,00 €/KG","img":"https://fd2-photos.leclercdrive.fr/image.ashx?id=2559799&use=l&cat=p&typeid=i","cat":284357},{"id":52246,"n":"Spray retouche L'Oréal Paris Magic Retouch Noir","p":8.44,"u":"112,53 €/L","img":"https://fd2-photos.leclercdrive.fr/image.ashx?id=2586420&use=l&cat=p&typeid=i","cat":288899},{"id":52249,"n":"Spray retouche L'Oréal Paris Magic Retouch Blond foncé","p":8.97,"u":"119,60 €/L","img":"https://fd2-photos.leclercdrive.fr/image.ashx?id=2586429&use=l&cat=p&typeid=i","cat":288899},{"id":52250,"n":"Spray Coloration L'Oréal Paris Magic Retouch Châtain","p":9.11,"u":"121,47 €/L","img":"https://fd2-photos.leclercdrive.fr/image.ashx?id=2586426&use=l&cat=p&typeid=i","cat":288899},{"id":52286,"n":"Pilon de poulet blanc  Volaille Française - 1kg","p":5.75,"u":"5,75 €/KG","img":"https://fd2-photos.leclercdrive.fr/image.ashx?id=2551144&use=l&cat=p&typeid=i","cat":284336},{"id":52287,"n":"Haut de cuisse de poulet blanc Volaille Française - 1kg","p":5.33,"u":"5,33 €/KG","img":"https://fd2-photos.leclercdrive.fr/image.ashx?id=2551138&use=l&cat=p&typeid=i","cat":284336},{"id":52335,"n":"Sauce tomate cuisinée Panzani Tube légumes - 180g","p":0.96,"u":"5,33 €/KG","img":"https://fd2-photos.leclercdrive.fr/image.ashx?id=2984751&use=l&cat=p&typeid=i","cat":288384},{"id":52367,"n":"Whisky Ballantine's Finest Blended Scotch 40% vol - 1,5L","p":31.32,"u":"20,88 €/L","img":"https://fd2-photos.leclercdrive.fr/image.ashx?id=3000833&use=l&cat=p&typeid=i","cat":284547},{"id":52389,"n":"Gelée nuit anti âge So Bio Etic Argan bio - 40ml","p":8.93,"u":"223,25 €/L","img":"https://fd2-photos.leclercdrive.fr/image.ashx?id=2494734&use=l&cat=p&typeid=i","cat":325345},{"id":52392,"n":"Contour yeux lèvres So Bio Etic Anti-âge Argan bio - 15ml","p":9.36,"u":"624,00 €/L","img":"https://fd2-photos.leclercdrive.fr/image.ashx?id=2494740&use=l&cat=p&typeid=i","cat":325345},{"id":52412,"n":"Poélée Parisienne D'Aucy 2x580g","p":4.69,"u":"4,04 €/KG","img":"https://fd2-photos.leclercdrive.fr/image.ashx?id=2197558&use=l&cat=p&typeid=i","cat":312612},{"id":52539,"n":"Pur jus de citron Jardin Bio Bio - 50cl","p":2.65,"u":"5,30 €/L","img":"https://fd2-photos.leclercdrive.fr/image.ashx?id=3014524&use=l&cat=p&typeid=i","cat":288383},{"id":52540,"n":"Pur jus de citron Jardin Bio Bio - 25cl","p":1.74,"u":"6,96 €/L","img":"https://fd2-photos.leclercdrive.fr/image.ashx?id=2673745&use=l&cat=p&typeid=i","cat":288383},{"id":52582,"n":"Sauce Bolognaise Panzani - 210G","p":1.3,"u":"6,19 €/KG","img":"https://fd2-photos.leclercdrive.fr/image.ashx?id=2977927&use=l&cat=p&typeid=i","cat":287599},{"id":52618,"n":"Crème brulée Rians  3x100g","p":3.21,"u":"10,70 €/KG","img":"https://fd2-photos.leclercdrive.fr/image.ashx?id=2396246&use=l&cat=p&typeid=i","cat":284419},{"id":52625,"n":"Sauce Pommes de Terre Bénédicta - 255g","p":1.48,"u":"5,69 €/KG","img":"https://fd2-photos.leclercdrive.fr/image.ashx?id=2689925&use=l&cat=p&typeid=i","cat":318430},{"id":52631,"n":"Sauce Béarnaise Bénédicta - 260g","p":1.34,"u":"5,15 €/KG","img":"https://fd2-photos.leclercdrive.fr/image.ashx?id=2689931&use=l&cat=p&typeid=i","cat":318430},{"id":52632,"n":"Sauce au Poivre Bénédicta - 260g","p":1.43,"u":"5,50 €/KG","img":"https://fd2-photos.leclercdrive.fr/image.ashx?id=2689937&use=l&cat=p&typeid=i","cat":318430},{"id":52633,"n":"Sauce Tartare Bénédicta - 260g","p":1.45,"u":"5,58 €/KG","img":"https://fd2-photos.leclercdrive.fr/image.ashx?id=2689940&use=l&cat=p&typeid=i","cat":318430},{"id":52634,"n":"Sauce Bourguignonne Bénédicta - 260g","p":1.36,"u":"5,04 €/KG","img":"https://fd2-photos.leclercdrive.fr/image.ashx?id=2689943&use=l&cat=p&typeid=i","cat":318430},{"id":52673,"n":"Fromage Burger cheddar/emmental Président - 12 tranches - 200g","p":1.51,"u":"7,55 €/KG","img":"https://fd2-photos.leclercdrive.fr/image.ashx?id=2445024&use=l&cat=p&typeid=i","cat":314028},{"id":52679,"n":"Fromage cabecou Rians 22%mg - 3x35g","p":2.33,"u":"22,19 €/KG","img":"https://fd2-photos.leclercdrive.fr/image.ashx?id=2668455&use=l&cat=p&typeid=i","cat":314031},{"id":52684,"n":"Cheddar fromage râpé  Les Croisés - 200g","p":2.39,"u":"11,95 €/KG","img":"https://fd2-photos.leclercdrive.fr/image.ashx?id=2044381&use=l&cat=p&typeid=i","cat":314035},{"id":52688,"n":"Burrata Di Andria IGP  Tradizioni d'italia - 200g","p":4.79,"u":"23,95 €/KG","img":"https://fd2-photos.leclercdrive.fr/image.ashx?id=2904025&use=l&cat=p&typeid=i","cat":314026},{"id":52699,"n":"Comté Entremont Râpé - 2x70g","p":2.33,"u":"16,64 €/KG","img":"https://fd2-photos.leclercdrive.fr/image.ashx?id=2983162&use=l&cat=p&typeid=i","cat":314035},{"id":52720,"n":"Essuie-tout blanc Mimosa Super absorbant - x3 compacts","p":3.99,"u":"1,33 €/P","img":"https://fd2-photos.leclercdrive.fr/image.ashx?id=2752631&use=l&cat=p&typeid=i","cat":284635},{"id":52757,"n":"Biscuits sablés Granola Chocolat au lait - 2x200g","p":2.62,"u":"6,55 €/KG","img":"https://fd2-photos.leclercdrive.fr/image.ashx?id=2347275&use=l&cat=p&typeid=i","cat":284488},{"id":52787,"n":"Velouté Pursoup' Liebig Légumes du soleil - 2x1L","p":5.24,"u":"2,62 €/L","img":"https://fd2-photos.leclercdrive.fr/image.ashx?id=2385425&use=l&cat=p&typeid=i","cat":284462},{"id":52788,"n":"Velouté Pursoup' Liebig Légumes facon pôelée - 2x1L","p":5.24,"u":"2,62 €/L","img":"https://fd2-photos.leclercdrive.fr/image.ashx?id=2385428&use=l&cat=p&typeid=i","cat":284462},{"id":52790,"n":"Fromage mi-chèvre Soignon 180g","p":1.94,"u":"10,78 €/KG","img":"https://fd2-photos.leclercdrive.fr/image.ashx?id=2734357&use=l&cat=p&typeid=i","cat":314031},{"id":52802,"n":"Lait demi-écrémé De Nous à Vous UHT oméga 3 - 6x1L","p":6.84,"u":"1,14 €/L","img":"https://fd2-photos.leclercdrive.fr/image.ashx?id=1989558&use=l&cat=p&typeid=i","cat":284377},{"id":52804,"n":"Fromage à Raclette RichesMonts  Classique 18 Tranches - 420g","p":5.23,"u":"12,45 €/KG","img":"https://fd2-photos.leclercdrive.fr/image.ashx?id=2953489&use=l&cat=p&typeid=i","cat":314037},{"id":52806,"n":"Fromage à Tartiner St Môret  Nature Léger - 300g","p":3.76,"u":"12,53 €/KG","img":"https://fd2-photos.leclercdrive.fr/image.ashx?id=2914507&use=l&cat=p&typeid=i","cat":314029},{"id":52809,"n":"Fromage raclette Les Croisés 28%mg - 800g","p":7.39,"u":"9,24 €/KG","img":"https://fd2-photos.leclercdrive.fr/image.ashx?id=2793221&use=l&cat=p&typeid=i","cat":314037},{"id":52811,"n":"Fromage raclette fumée Les Croisés 26%mg - 250g","p":2.99,"u":"11,96 €/KG","img":"https://fd2-photos.leclercdrive.fr/image.ashx?id=2793236&use=l&cat=p&typeid=i","cat":314037},{"id":52816,"n":"yaourt nature bifidus Activia 8x125g","p":2.89,"u":"2,89 €/KG","img":"https://fd2-photos.leclercdrive.fr/image.ashx?id=2741709&use=l&cat=p&typeid=i","cat":315000},{"id":52820,"n":"Fromage Mont d'Or AOP  Nos Régions ont du Talent -400g","p":7.59,"u":"18,98 €/KG","img":"https://fd2-photos.leclercdrive.fr/image.ashx?id=2934841&use=l&cat=p&typeid=i","cat":314037},{"id":52958,"n":"Café dosettes Tassimo L'Or Espresso Classique x16","p":4.47,"u":"42,98 €/KG","img":"https://fd2-photos.leclercdrive.fr/image.ashx?id=2507335&use=l&cat=p&typeid=i","cat":293240},{"id":52961,"n":"Gnocchi Bio Village Bio - 300g","p":2.18,"u":"7,27 €/KG","img":"https://fd2-photos.leclercdrive.fr/image.ashx?id=2607960&use=l&cat=p&typeid=i","cat":333682},{"id":52962,"n":"Biscuits fourrés Prince Chocolat - 300g","p":1.35,"u":"4,50 €/KG","img":"https://fd2-photos.leclercdrive.fr/image.ashx?id=3014638&use=l&cat=p&typeid=i","cat":284488},{"id":52964,"n":"Essuie-tout blanc Mimosa Super absorbant - x4 compacts","p":4.95,"u":"1,24 €/P","img":"https://fd2-photos.leclercdrive.fr/image.ashx?id=2752628&use=l&cat=p&typeid=i","cat":284635},{"id":52979,"n":"Truite fumée de Bretagne NRT x4 - 120g","p":5.39,"u":"44,92 €/KG","img":"https://fd2-photos.leclercdrive.fr/image.ashx?id=2663851&use=l&cat=p&typeid=i","cat":285188},{"id":53003,"n":"Vin d'Espagne rouge Merlot Adrien Champaud - BIB 5L","p":9.99,"u":"2,00 €/L","img":"https://fd2-photos.leclercdrive.fr/image.ashx?id=2960496&use=l&cat=p&typeid=i","cat":289560},{"id":53064,"n":"Eponges grattantes Mamison  Vaisselle délicate - x2","p":1.26,"u":"0,63 €/P","img":"https://fd2-photos.leclercdrive.fr/image.ashx?id=2202440&use=l&cat=p&typeid=i","cat":284667},{"id":53116,"n":"Rhum blanc agricole Damoiseau 50%vol - 1L","p":18.78,"u":"18,78 €/L","img":"https://fd2-photos.leclercdrive.fr/image.ashx?id=2021214&use=l&cat=p&typeid=i","cat":284550},{"id":53162,"n":"Roucoulons Fromagerie Milleret Offre Plaisir - 220g","p":2.72,"u":"12,36 €/KG","img":"https://fd2-photos.leclercdrive.fr/image.ashx?id=1884397&use=l&cat=p&typeid=i","cat":329558},{"id":53165,"n":"Lomo Saint Azay 100g","p":2.69,"u":"26,90 €/KG","img":"https://fd2-photos.leclercdrive.fr/image.ashx?id=2453192&use=l&cat=p&typeid=i","cat":316007},{"id":53167,"n":"Gaufres liégoise P'tit Déli Nappée chocolat - x7 - 402g","p":2.61,"u":"6,49 €/KG","img":"https://fd2-photos.leclercdrive.fr/image.ashx?id=1077913&use=l&cat=p&typeid=i","cat":294777},{"id":53168,"n":"Snacks chats Tous mes amis Hygiène dentaire mini - 40g","p":0.99,"u":"24,75 €/KG","img":"https://fd2-photos.leclercdrive.fr/image.ashx?id=1946868&use=l&cat=p&typeid=i","cat":285285},{"id":53174,"n":"Chocolat noir Equador Caramel salé - 100g","p":1.39,"u":"13,90 €/KG","img":"https://fd2-photos.leclercdrive.fr/image.ashx?id=2553339&use=l&cat=p&typeid=i","cat":284956},{"id":53183,"n":"Tartinable Saumon Cap Océan Fromage ail fines herbes - 140g","p":1.88,"u":"13,43 €/KG","img":"https://fd2-photos.leclercdrive.fr/image.ashx?id=2406028&use=l&cat=p&typeid=i","cat":285191},{"id":53396,"n":"Yaourt nature bifidus Activia 4x125g","p":1.38,"u":"2,76 €/KG","img":"https://fd2-photos.leclercdrive.fr/image.ashx?id=2885944&use=l&cat=p&typeid=i","cat":315000},{"id":53432,"n":"Cidre normand Les Goelleries Doux, 2% - 2x75cl","p":3.58,"u":"2,39 €/L","img":"https://fd2-photos.leclercdrive.fr/image.ashx?id=2856540&use=l&cat=p&typeid=i","cat":334880},{"id":53434,"n":"Salade d'Alaska Menu Fraîcheur 300g","p":2.59,"u":"8,63 €/KG","img":"https://fd2-photos.leclercdrive.fr/image.ashx?id=2727638&use=l&cat=p&typeid=i","cat":333657},{"id":53469,"n":"Cidre breton Les Goelleries Doux, 2%vol - 2x75cl","p":3.58,"u":"2,39 €/L","img":"https://fd2-photos.leclercdrive.fr/image.ashx?id=2856534&use=l&cat=p&typeid=i","cat":334880},{"id":53470,"n":"Cidre breton Les Goelleries Brut, 5%vol - 2x75cl","p":3.58,"u":"2,39 €/L","img":"https://fd2-photos.leclercdrive.fr/image.ashx?id=2856531&use=l&cat=p&typeid=i","cat":334880},{"id":53474,"n":"Bloc de foie gras pour apéritif Pierre De Chaumeyrac - 100g","p":6.09,"u":"60,90 €/KG","img":"https://fd2-photos.leclercdrive.fr/image.ashx?id=2804332&use=l&cat=p&typeid=i","cat":316008},{"id":53508,"n":"Fine chapelure de pain Tipiak 275g","p":0.55,"u":"2,00 €/KG","img":"https://fd2-photos.leclercdrive.fr/image.ashx?id=2594124&use=l&cat=p&typeid=i","cat":288382},{"id":53606,"n":"Salade Mexicaine Côté Snack Au thon - 250g","p":1.9,"u":"7,60 €/KG","img":"https://fd2-photos.leclercdrive.fr/image.ashx?id=2884255&use=l&cat=p&typeid=i","cat":284437},{"id":53607,"n":"Salade Piémontaise Côté Snack Thon - 250g","p":1.9,"u":"7,60 €/KG","img":"https://fd2-photos.leclercdrive.fr/image.ashx?id=2868319&use=l&cat=p&typeid=i","cat":284437},{"id":53651,"n":"Paupiettes de porc Ferial x3 - 390g","p":5.09,"u":"13,05 €/KG","img":"https://fd2-photos.leclercdrive.fr/image.ashx?id=2852294&use=l&cat=p&typeid=i","cat":284331},{"id":53663,"n":"Dés d'épaule Fleury Michon - 2x75g","p":1.48,"u":"9,87 €/KG","img":"https://fd2-photos.leclercdrive.fr/image.ashx?id=2650429&use=l&cat=p&typeid=i","cat":316011},{"id":53669,"n":"Assortiment Justin Bridou  4 charcuteries - 260g","p":5.23,"u":"20,12 €/KG","img":"https://fd2-photos.leclercdrive.fr/image.ashx?id=2770783&use=l&cat=p&typeid=i","cat":316007},{"id":53776,"n":"Brioche tressée Pasquier Nature - 630g","p":2.65,"u":"4,21 €/KG","img":"https://fd2-photos.leclercdrive.fr/image.ashx?id=2850946&use=l&cat=p&typeid=i","cat":284478},{"id":53777,"n":"Brioche tressée Pasquier  Pépites - 630g","p":2.66,"u":"4,22 €/KG","img":"https://fd2-photos.leclercdrive.fr/image.ashx?id=2848809&use=l&cat=p&typeid=i","cat":284478},{"id":53783,"n":"Lait de coco Suzi Wan 200ml","p":1.17,"u":"5,85 €/L","img":"https://fd2-photos.leclercdrive.fr/image.ashx?id=3002177&use=l&cat=p&typeid=i","cat":288992},{"id":53816,"n":"Chocolats Ferrero Collection Assortiments x32- 359g","p":12.37,"u":"34,46 €/KG","img":"https://fd2-photos.leclercdrive.fr/image.ashx?id=2940507&use=l&cat=p&typeid=i","cat":327595},{"id":53820,"n":"Madeleines Armor Délices x13 - 430g","p":3.67,"u":"8,53 €/KG","img":"https://fd2-photos.leclercdrive.fr/image.ashx?id=2788688&use=l&cat=p&typeid=i","cat":284492},{"id":53899,"n":"Eau minérale gazeuse Perrier  Naturelle - 6x1L","p":3.86,"u":"0,64 €/L","img":"https://fd2-photos.leclercdrive.fr/image.ashx?id=2454463&use=l&cat=p&typeid=i","cat":284536},{"id":53902,"n":"Eau minérale gazeuse Perrier  Fines bulles - 6x1L","p":3.58,"u":"0,60 €/L","img":"https://fd2-photos.leclercdrive.fr/image.ashx?id=2830924&use=l&cat=p&typeid=i","cat":284536},{"id":54112,"n":"Absolut Vodka 40%vol - 1L","p":23.92,"u":"23,92 €/L","img":"https://fd2-photos.leclercdrive.fr/image.ashx?id=2550261&use=l&cat=p&typeid=i","cat":284550},{"id":54184,"n":"Pétillant AOC Jaillance Clairette Bio, 7%vol - 75cl","p":5.1,"u":"6,80 €/L","img":"https://fd2-photos.leclercdrive.fr/image.ashx?id=2867455&use=l&cat=p&typeid=i","cat":284544},{"id":54244,"n":"Liqueur de menthe Get 31 Edition Limitée 24° - 70cl","p":13.89,"u":"19,84 €/L","img":"https://fd2-photos.leclercdrive.fr/image.ashx?id=2989051&use=l&cat=p&typeid=i","cat":286032},{"id":54297,"n":"Désodorisant Bien Air Mèches actives, lavande - 375ml","p":1.65,"u":"4,40 €/L","img":"https://fd2-photos.leclercdrive.fr/image.ashx?id=2934721&use=l&cat=p&typeid=i","cat":311628},{"id":54299,"n":"Désodorisant Bien Air Mèche active Fruit rouge 375ml","p":1.65,"u":"4,40 €/L","img":"https://fd2-photos.leclercdrive.fr/image.ashx?id=2777806&use=l&cat=p&typeid=i","cat":311628},{"id":54300,"n":"Désodorisant Bien Air Mèche active agrume 375ml","p":1.65,"u":"4,40 €/L","img":"https://fd2-photos.leclercdrive.fr/image.ashx?id=2777809&use=l&cat=p&typeid=i","cat":311628},{"id":54311,"n":"Bière blonde Bio Jade 4.5%vol - 6x25cl","p":5.54,"u":"3,69 €/L","img":"https://fd2-photos.leclercdrive.fr/image.ashx?id=2511282&use=l&cat=p&typeid=i","cat":334873},{"id":54312,"n":"Bière Sans gluten Jade Bio - 4.5%vol - 6x25cl","p":5.69,"u":"3,79 €/L","img":"https://fd2-photos.leclercdrive.fr/image.ashx?id=2672161&use=l&cat=p&typeid=i","cat":334873},{"id":54316,"n":"AOC Coteaux du Layon vin blanc Les Caractères - 75cl","p":6.99,"u":"9,32 €/L","img":"https://fd2-photos.leclercdrive.fr/image.ashx?id=2898762&use=l&cat=p&typeid=i","cat":289557},{"id":54344,"n":"Tablette chocolat Côte d'Or Chocolat lait/Amandes - 180g","p":3.97,"u":"22,06 €/KG","img":"https://fd2-photos.leclercdrive.fr/image.ashx?id=3009143&use=l&cat=p&typeid=i","cat":284497},{"id":54345,"n":"Soda Pepsi Cola Regular 4x1.5L","p":4.6,"u":"0,77 €/L","img":"https://fd2-photos.leclercdrive.fr/image.ashx?id=2896321&use=l&cat=p&typeid=i","cat":284530},{"id":54346,"n":"Barre Chocolatée KINDER Country  Céréales chocolat x10 - 235g","p":3.64,"u":"15,49 €/KG","img":"https://fd2-photos.leclercdrive.fr/image.ashx?id=2231942&use=l&cat=p&typeid=i","cat":284498},{"id":54354,"n":"Crevettes décortiquées ASC Delpierre - 180g","p":6.53,"u":"36,28 €/KG","img":"https://fd2-photos.leclercdrive.fr/image.ashx?id=2867999&use=l&cat=p&typeid=i","cat":284343},{"id":54386,"n":"Gâteau multicouche P'tit Déli Genoise fourré chocolat - 175g","p":1.27,"u":"7,26 €/KG","img":"https://fd2-photos.leclercdrive.fr/image.ashx?id=1756935&use=l&cat=p&typeid=i","cat":284495},{"id":54396,"n":"Salade Catalane Côté Snack Thon à la catalane - 250g","p":2.17,"u":"8,68 €/KG","img":"https://fd2-photos.leclercdrive.fr/image.ashx?id=2910589&use=l&cat=p&typeid=i","cat":284437},{"id":54404,"n":"Sauce Tomacouli Panzani - 3X200G","p":1.58,"u":"2,63 €/KG","img":"https://fd2-photos.leclercdrive.fr/image.ashx?id=2744623&use=l&cat=p&typeid=i","cat":288384},{"id":54405,"n":"Sauce Tomacouli Panzani - 700G","p":1.54,"u":"2,20 €/KG","img":"https://fd2-photos.leclercdrive.fr/image.ashx?id=2744632&use=l&cat=p&typeid=i","cat":288384},{"id":54416,"n":"Bâtonnet à macher Dentalife Chien moyen - 345g","p":3.64,"u":"10,55 €/KG","img":"https://fd2-photos.leclercdrive.fr/image.ashx?id=2896426&use=l&cat=p&typeid=i","cat":294527},{"id":54417,"n":"Barre chocolat lait P'tit Déli x5 - 130g","p":1.5,"u":"11,54 €/KG","img":"https://fd2-photos.leclercdrive.fr/image.ashx?id=2568936&use=l&cat=p&typeid=i","cat":284488},{"id":54418,"n":"Bâtonnet à mâche Dentalife Grand chien x12 - 426g","p":3.62,"u":"8,50 €/KG","img":"https://fd2-photos.leclercdrive.fr/image.ashx?id=2897342&use=l&cat=p&typeid=i","cat":294527},{"id":54429,"n":"Jambon cru fumé forêt noire  Saint Azay - 6 tranches - 100g","p":1.99,"u":"19,90 €/KG","img":"https://fd2-photos.leclercdrive.fr/image.ashx?id=1975243&use=l&cat=p&typeid=i","cat":316007},{"id":54471,"n":"Madeleines longues Le Ster Marbrées choco - 250g","p":1.61,"u":"6,44 €/KG","img":"https://fd2-photos.leclercdrive.fr/image.ashx?id=2962548&use=l&cat=p&typeid=i","cat":284492},{"id":54492,"n":"Tortillas chips Bio village Bio Nature - 150g","p":1.75,"u":"11,67 €/KG","img":"https://fd2-photos.leclercdrive.fr/image.ashx?id=2538385&use=l&cat=p&typeid=i","cat":287899},{"id":54494,"n":"Biscuits Petit Ecolier LU Chocolat au lait - 2x150g","p":3.31,"u":"11,03 €/KG","img":"https://fd2-photos.leclercdrive.fr/image.ashx?id=3009122&use=l&cat=p&typeid=i","cat":284488},{"id":54496,"n":"Gâteaux fourrés Milka Chocolat - 175g","p":1.58,"u":"9,03 €/KG","img":"https://fd2-photos.leclercdrive.fr/image.ashx?id=3005338&use=l&cat=p&typeid=i","cat":284495},{"id":54513,"n":"Falafels Végé - 200g","p":1.99,"u":"9,95 €/KG","img":"https://fd2-photos.leclercdrive.fr/image.ashx?id=2865266&use=l&cat=p&typeid=i","cat":316036},{"id":54520,"n":"Pâte a pizza Tablier Blanc Rectangle - 385g","p":1.3,"u":"3,38 €/KG","img":"https://fd2-photos.leclercdrive.fr/image.ashx?id=2635925&use=l&cat=p&typeid=i","cat":333681},{"id":54523,"n":"Nuggets végétales Végé - 200g","p":1.52,"u":"7,60 €/KG","img":"https://fd2-photos.leclercdrive.fr/image.ashx?id=2865263&use=l&cat=p&typeid=i","cat":316036},{"id":54637,"n":"Farce aux marrons et raisins Maître Coq - 400g","p":3.65,"u":"9,13 €/KG","img":"https://fd2-photos.leclercdrive.fr/image.ashx?id=2233802&use=l&cat=p&typeid=i","cat":284332},{"id":54665,"n":"Rôti de chapon farci Maître Coq Morille - 700g","p":13.98,"u":"19,97 €/KG","img":"https://fd2-photos.leclercdrive.fr/image.ashx?id=2831888&use=l&cat=p&typeid=i","cat":327289},{"id":54744,"n":"Soupe Délice Liebig Potiron/châtaigne - 2x1L","p":5.24,"u":"2,62 €/L","img":"https://fd2-photos.leclercdrive.fr/image.ashx?id=2926257&use=l&cat=p&typeid=i","cat":284462},{"id":54776,"n":"Pavés de biche aux échalotes Saveurs Forestières - 250g","p":6.9,"u":"27,60 €/KG","img":"https://fd2-photos.leclercdrive.fr/image.ashx?id=1637979&use=l&cat=p&typeid=i","cat":327289},{"id":54777,"n":"Pavé de biche crème morilles Saveurs Forestières - 250g","p":6.9,"u":"27,60 €/KG","img":"https://fd2-photos.leclercdrive.fr/image.ashx?id=1637688&use=l&cat=p&typeid=i","cat":327289},{"id":54778,"n":"Pavé de biche à la truffe Saveurs Forestières - 250g","p":6.9,"u":"27,60 €/KG","img":"https://fd2-photos.leclercdrive.fr/image.ashx?id=1637982&use=l&cat=p&typeid=i","cat":327289},{"id":54779,"n":"Pavé Kangourou aux 3 poivres Saveurs Forestières - 250g","p":6.9,"u":"27,60 €/KG","img":"https://fd2-photos.leclercdrive.fr/image.ashx?id=1637673&use=l&cat=p&typeid=i","cat":327289},{"id":54857,"n":"Polenta Turini  500g","p":1.19,"u":"2,38 €/KG","img":"https://fd2-photos.leclercdrive.fr/image.ashx?id=2682792&use=l&cat=p&typeid=i","cat":284431},{"id":54860,"n":"Mix apéritif Bio Village  Bio -  120g","p":2.74,"u":"22,83 €/KG","img":"https://fd2-photos.leclercdrive.fr/image.ashx?id=1944243&use=l&cat=p&typeid=i","cat":284448},{"id":54944,"n":"Cône Nestlé Extrême  Café intense - 6x71g","p":3.61,"u":"8,47 €/KG","img":"https://fd2-photos.leclercdrive.fr/image.ashx?id=3000435&use=l&cat=p&typeid=i","cat":284264},{"id":54956,"n":"Macarons Autour Du Dessert Assortiment - x12","p":4.82,"img":"https://fd2-photos.leclercdrive.fr/image.ashx?id=2987485&use=l&cat=p&typeid=i","cat":284267},{"id":54957,"n":"Cône Extrême Nestle Vanille Fraise - 6x71g","p":3.57,"u":"8,38 €/KG","img":"https://fd2-photos.leclercdrive.fr/image.ashx?id=2353113&use=l&cat=p&typeid=i","cat":284264},{"id":54958,"n":"Cône Extrême Nestle Menthe chocolat - 6x71g","p":3.58,"u":"8,40 €/KG","img":"https://fd2-photos.leclercdrive.fr/image.ashx?id=2737048&use=l&cat=p&typeid=i","cat":284264},{"id":54959,"n":"Cône Extrême Intense Nestle Pistache Chocolat - 6x71g","p":3.64,"u":"8,54 €/KG","img":"https://fd2-photos.leclercdrive.fr/image.ashx?id=2353116&use=l&cat=p&typeid=i","cat":284264},{"id":55065,"n":"AOP Champagne Tsarine Brut Cuvée Premium - 75cl","p":24.9,"u":"33,20 €/L","img":"https://fd2-photos.leclercdrive.fr/image.ashx?id=2757749&use=l&cat=p&typeid=i","cat":284542},{"id":55073,"n":"Bière La Blanche légère 4.7%vol - 75cl","p":4.65,"u":"6,20 €/L","img":"https://fd2-photos.leclercdrive.fr/image.ashx?id=2432961&use=l&cat=p&typeid=i","cat":334872},{"id":55090,"n":"AOP Bordeaux rouge Mouton Cadet - 75cl","p":6.95,"u":"9,27 €/L","img":"https://fd2-photos.leclercdrive.fr/image.ashx?id=2959940&use=l&cat=p&typeid=i","cat":289556},{"id":55102,"n":"Dentifrice expert Bionaïa Menthe Bio - 75ml","p":1.79,"u":"23,87 €/L","img":"https://fd2-photos.leclercdrive.fr/image.ashx?id=2529540&use=l&cat=p&typeid=i","cat":284612},{"id":55104,"n":"Recharge brosse à dents Dentamyl - Double zone - x2","p":6.99,"u":"3,50 €/P","img":"https://fd2-photos.leclercdrive.fr/image.ashx?id=2790988&use=l&cat=p&typeid=i","cat":297133},{"id":55144,"n":"Emincés de poulet Fleury Michon Rôti sans nitrite 2x75g","p":2.34,"u":"15,60 €/KG","img":"https://fd2-photos.leclercdrive.fr/image.ashx?id=2649804&use=l&cat=p&typeid=i","cat":316011},{"id":55145,"n":"Allumettes Fleury Michon Jambon cuit - 2x75g","p":1.23,"u":"8,20 €/KG","img":"https://fd2-photos.leclercdrive.fr/image.ashx?id=2651047&use=l&cat=p&typeid=i","cat":316011},{"id":55153,"n":"Champignon Découpe fraîche   350g","p":4.2,"u":"12,00 €/KG","img":"https://fd2-photos.leclercdrive.fr/image.ashx?id=635019&use=l&cat=p&typeid=i","cat":290299},{"id":55160,"n":"Brioche tréssée Pasquier Tranchée Pépite chocolat - 500g","p":2.77,"u":"5,54 €/KG","img":"https://fd2-photos.leclercdrive.fr/image.ashx?id=2971969&use=l&cat=p&typeid=i","cat":284478},{"id":55197,"n":"Plat bébé soir Blédiner 12 mois Macaroni ratatouille - 2x200g","p":2.21,"u":"5,53 €/KG","img":"https://fd2-photos.leclercdrive.fr/image.ashx?id=2845826&use=l&cat=p&typeid=i","cat":312239},{"id":55254,"n":"Gâche ronde La Fournée Dorée Levain et crème fraîche - 500g","p":2.85,"u":"5,70 €/KG","img":"https://fd2-photos.leclercdrive.fr/image.ashx?id=2424560&use=l&cat=p&typeid=i","cat":284478},{"id":55260,"n":"Rôti de porc supérieur L'Atelier Charcuterie x4 -180g","p":3.68,"u":"20,44 €/KG","img":"https://fd2-photos.leclercdrive.fr/image.ashx?id=2998856&use=l&cat=p&typeid=i","cat":316009},{"id":55261,"n":"Pâté de campagne Breton L'Atelier Charcuterie - 170g","p":2.39,"u":"14,06 €/KG","img":"https://fd2-photos.leclercdrive.fr/image.ashx?id=2970426&use=l&cat=p&typeid=i","cat":316008},{"id":55262,"n":"Pâté Campagne Supérieur L'Atelier Charcuterie - 170g","p":2.08,"u":"12,24 €/KG","img":"https://fd2-photos.leclercdrive.fr/image.ashx?id=2905862&use=l&cat=p&typeid=i","cat":316008},{"id":55264,"n":"Mousse de foie Supérieure L'Atelier Charcuterie - 170g","p":2.19,"u":"12,88 €/KG","img":"https://fd2-photos.leclercdrive.fr/image.ashx?id=2882289&use=l&cat=p&typeid=i","cat":316008},{"id":55265,"n":"Mousse de canard Supérieure L'Atelier Charcuterie - 170g","p":2.71,"u":"15,94 €/KG","img":"https://fd2-photos.leclercdrive.fr/image.ashx?id=2882529&use=l&cat=p&typeid=i","cat":316008},{"id":55269,"n":"Boudin noir oignons rissolés L'Atelier Charcuterie x3 - 375g","p":4.04,"u":"10,77 €/KG","img":"https://fd2-photos.leclercdrive.fr/image.ashx?id=2765825&use=l&cat=p&typeid=i","cat":316012},{"id":55276,"n":"Brosse adhésive  Mamison Textile 36 feuilles","p":2.29,"img":"https://fd2-photos.leclercdrive.fr/image.ashx?id=1063565&use=l&cat=p&typeid=i","cat":284669},{"id":55277,"n":"Corn flakes sans sucre ajouté  bio Terres et Céréales - 450g","p":3.61,"u":"8,02 €/KG","img":"https://fd2-photos.leclercdrive.fr/image.ashx?id=2471910&use=l&cat=p&typeid=i","cat":318653},{"id":55279,"n":"Café grains Bio Ethiquable  100% arabica Honduras - 1kg","p":16.82,"u":"16,82 €/KG","img":"https://fd2-photos.leclercdrive.fr/image.ashx?id=2876857&use=l&cat=p&typeid=i","cat":293237},{"id":55343,"n":"Biscuits à thé Delacre Tea Time Assortiment Boîte Métal - 1kg","p":13.29,"u":"13,29 €/KG","img":"https://fd2-photos.leclercdrive.fr/image.ashx?id=2867969&use=l&cat=p&typeid=i","cat":284490},{"id":55377,"n":"Bougie Bien Air Fruits rouges 30heures - x1","p":2.19,"img":"https://fd2-photos.leclercdrive.fr/image.ashx?id=2939073&use=l&cat=p&typeid=i","cat":284666},{"id":55381,"n":"Cacahuètes Tokapi  Grillées à sec - 120g","p":0.47,"u":"3,92 €/KG","img":"https://fd2-photos.leclercdrive.fr/image.ashx?id=2799778&use=l&cat=p&typeid=i","cat":284448},{"id":55415,"n":"Bougie Bien Air Anti-tabac 30h - x1","p":1.83,"img":"https://fd2-photos.leclercdrive.fr/image.ashx?id=2999613&use=l&cat=p&typeid=i","cat":284666},{"id":55429,"n":"Crème Chantilly UHT Président Aérosol sucré aromatisé - 250g","p":2.95,"u":"11,80 €/KG","img":"https://fd2-photos.leclercdrive.fr/image.ashx?id=2860169&use=l&cat=p&typeid=i","cat":284382},{"id":55438,"n":"Confit de canard du Sud-Ouest Pomme de terre - NRT - 1065g","p":13.99,"u":"13,14 €/KG","img":"https://fd2-photos.leclercdrive.fr/image.ashx?id=2753535&use=l&cat=p&typeid=i","cat":284440},{"id":55439,"n":"Salade Niçoise Côté Snack Au thon - 250g","p":1.8,"u":"7,20 €/KG","img":"https://fd2-photos.leclercdrive.fr/image.ashx?id=2868316&use=l&cat=p&typeid=i","cat":284437},{"id":55517,"n":"Viande bovine pot au feu ** Mijoter - 800g","p":12.76,"u":"15,95 €/KG","img":"https://fd2-photos.leclercdrive.fr/image.ashx?id=2117918&use=l&cat=p&typeid=i","cat":284328},{"id":55573,"n":"Soda Coca-Cola Original Bouteille - 1L","p":1.7,"u":"1,70 €/L","img":"https://fd2-photos.leclercdrive.fr/image.ashx?id=2194409&use=l&cat=p&typeid=i","cat":284530},{"id":55700,"n":"Haricots Verts Cassegrain Extra Fins Ceuillis main 110g","p":1.33,"u":"12,09 €/KG","img":"https://fd2-photos.leclercdrive.fr/image.ashx?id=2913034&use=l&cat=p&typeid=i","cat":312606},{"id":55766,"n":"AOP Crémant de Loire Brut - Lacheteau - 75cL","p":6.89,"u":"9,19 €/L","img":"https://fd2-photos.leclercdrive.fr/image.ashx?id=2431911&use=l&cat=p&typeid=i","cat":284545},{"id":55770,"n":"Déboucheur Ouragan Chrono 5min - 1L","p":3.36,"u":"3,36 €/L","img":"https://fd2-photos.leclercdrive.fr/image.ashx?id=2792552&use=l&cat=p&typeid=i","cat":284908},{"id":55786,"n":"Crêpe fourrée Whaou Chocolat / Noisette x8 - 256g","p":2.21,"u":"8,63 €/KG","img":"https://fd2-photos.leclercdrive.fr/image.ashx?id=2962857&use=l&cat=p&typeid=i","cat":284494},{"id":55810,"n":"Chipolatas bio - Bio Village  x5 - 275g","p":4.5,"u":"16,36 €/KG","img":"https://fd2-photos.leclercdrive.fr/image.ashx?id=2886478&use=l&cat=p&typeid=i","cat":284334},{"id":55816,"n":"Lingettes désinfectantes 2en1 x10 lingettes","p":1.52,"img":"https://fd2-photos.leclercdrive.fr/image.ashx?id=2832981&use=l&cat=p&typeid=i","cat":284630},{"id":55887,"n":"Bougie Bien Air Vanille Caramel 30h - x1","p":1.8,"img":"https://fd2-photos.leclercdrive.fr/image.ashx?id=2399761&use=l&cat=p&typeid=i","cat":284666},{"id":55949,"n":"Riz soja bio Céréal Bio  à l'espagnol repas express-220g","p":2.39,"u":"10,86 €/KG","img":"https://fd2-photos.leclercdrive.fr/image.ashx?id=2575093&use=l&cat=p&typeid=i","cat":287600},{"id":56119,"n":"Champagne Alfred Rothschild Demi-sec, 12%vol - 75cl","p":21.28,"u":"28,37 €/L","img":"https://fd2-photos.leclercdrive.fr/image.ashx?id=2254172&use=l&cat=p&typeid=i","cat":284542},{"id":56418,"n":"Vinaigre de cidre Bio Village Bio 75cl","p":2.09,"u":"2,79 €/L","img":"https://fd2-photos.leclercdrive.fr/image.ashx?id=1069902&use=l&cat=p&typeid=i","cat":298543},{"id":56444,"n":"Biscuits chocolat amande GERBLE  - 4x4, 200g","p":1.74,"u":"8,70 €/KG","img":"https://fd2-photos.leclercdrive.fr/image.ashx?id=2967004&use=l&cat=p&typeid=i","cat":318651},{"id":56452,"n":"Cookie Cacao GERBLE  sans sucres - 130g","p":2.32,"u":"17,85 €/KG","img":"https://fd2-photos.leclercdrive.fr/image.ashx?id=2575057&use=l&cat=p&typeid=i","cat":318653},{"id":56456,"n":"Biscuit Coco GERBLE  sans sucre - 132g","p":1.89,"u":"14,32 €/KG","img":"https://fd2-photos.leclercdrive.fr/image.ashx?id=2662826&use=l&cat=p&typeid=i","cat":318653},{"id":56457,"n":"Biscuit Sésame Vanille GERBLE  sans sucres - 132g","p":1.93,"u":"14,62 €/KG","img":"https://fd2-photos.leclercdrive.fr/image.ashx?id=2664013&use=l&cat=p&typeid=i","cat":318653},{"id":56464,"n":"Biscuit fourré cacao GERBLE   sans sucre 6 185g","p":2.69,"u":"14,54 €/KG","img":"https://fd2-photos.leclercdrive.fr/image.ashx?id=2662832&use=l&cat=p&typeid=i","cat":318653},{"id":56468,"n":"Goûters 4S aux pommes Gerblé 360g","p":1.89,"u":"5,25 €/KG","img":"https://fd2-photos.leclercdrive.fr/image.ashx?id=2860907&use=l&cat=p&typeid=i","cat":318651},{"id":56510,"n":"Préfou de Vendée NRT A l'ail - 280g","p":3.99,"u":"14,25 €/KG","img":"https://fd2-photos.leclercdrive.fr/image.ashx?id=2743891&use=l&cat=p&typeid=i","cat":316003},{"id":56511,"n":"Galettes sarrasin Bretagne NRT x6 - 300g","p":1.89,"u":"6,30 €/KG","img":"https://fd2-photos.leclercdrive.fr/image.ashx?id=2770268&use=l&cat=p&typeid=i","cat":333672},{"id":56517,"n":"Eau minérale naturelle Contrex 6x1.5L","p":3.0,"u":"0,33 €/L","img":"https://fd2-photos.leclercdrive.fr/image.ashx?id=2758773&use=l&cat=p&typeid=i","cat":284535},{"id":56547,"n":"Flocons d'avoine bio Bio Village - 500g","p":1.48,"u":"2,96 €/KG","img":"https://fd2-photos.leclercdrive.fr/image.ashx?id=2688243&use=l&cat=p&typeid=i","cat":309512},{"id":56558,"n":"Croquettes chat Tous mes amis Boeuf/poulet/légumes - 7.5kg","p":10.46,"u":"1,39 €/KG","img":"https://fd2-photos.leclercdrive.fr/image.ashx?id=2319118&use=l&cat=p&typeid=i","cat":284680},{"id":56571,"n":"Tomates entières pelées bio Bio Village - 240g","p":1.04,"u":"4,33 €/KG","img":"https://fd2-photos.leclercdrive.fr/image.ashx?id=2302982&use=l&cat=p&typeid=i","cat":312608},{"id":56609,"n":"Fromage à tartiner Madame Loïk Fouetté Nature - 320g","p":2.93,"u":"9,16 €/KG","img":"https://fd2-photos.leclercdrive.fr/image.ashx?id=2967798&use=l&cat=p&typeid=i","cat":314029},{"id":56610,"n":"Fromage à tartiner Madame Loïk Fouetté Nature - 180g","p":1.78,"u":"9,89 €/KG","img":"https://fd2-photos.leclercdrive.fr/image.ashx?id=2948015&use=l&cat=p&typeid=i","cat":314029},{"id":56683,"n":"Pur jus d'ananas Bio Village  Bio - 1L","p":3.81,"u":"3,81 €/L","img":"https://fd2-photos.leclercdrive.fr/image.ashx?id=2901539&use=l&cat=p&typeid=i","cat":284916},{"id":56741,"n":"Fromage raclette Entremont  Sans croûte - 350g","p":4.55,"u":"13,00 €/KG","img":"https://fd2-photos.leclercdrive.fr/image.ashx?id=2980902&use=l&cat=p&typeid=i","cat":314037},{"id":56770,"n":"Fleur de sel de Guérande IGP  NRT - 125g","p":2.49,"u":"19,92 €/KG","img":"https://fd2-photos.leclercdrive.fr/image.ashx?id=2644924&use=l&cat=p&typeid=i","cat":284457},{"id":56831,"n":"Nuggets de poulet Maître Coq Sachet - 1kg","p":5.78,"u":"5,78 €/KG","img":"https://fd2-photos.leclercdrive.fr/image.ashx?id=2936404&use=l&cat=p&typeid=i","cat":319780},{"id":56845,"n":"Bâtonnets de poisson Findus  Colin d'Alaska MSC x16 - 448g","p":4.41,"u":"9,84 €/KG","img":"https://fd2-photos.leclercdrive.fr/image.ashx?id=2650684&use=l&cat=p&typeid=i","cat":319788},{"id":56852,"n":"Tablette de chocolat Côte d'or Lait Noisette - 4x180g","p":13.09,"u":"18,18 €/KG","img":"https://fd2-photos.leclercdrive.fr/image.ashx?id=2168660&use=l&cat=p&typeid=i","cat":284497},{"id":56862,"n":"Couscous Comptoir du Grain  Fin - 1kg","p":2.17,"u":"2,17 €/KG","img":"https://fd2-photos.leclercdrive.fr/image.ashx?id=3012857&use=l&cat=p&typeid=i","cat":284429},{"id":56870,"n":"Saucisse de Toulouse Socopa 200g","p":2.37,"u":"11,85 €/KG","img":"https://fd2-photos.leclercdrive.fr/image.ashx?id=2250408&use=l&cat=p&typeid=i","cat":284334},{"id":56872,"n":"Tartiflette Côté Table  350g","p":2.9,"u":"8,29 €/KG","img":"https://fd2-photos.leclercdrive.fr/image.ashx?id=2970456&use=l&cat=p&typeid=i","cat":284953},{"id":56873,"n":"Hachis parmentier Côté Table 350g","p":2.53,"u":"7,23 €/KG","img":"https://fd2-photos.leclercdrive.fr/image.ashx?id=2393893&use=l&cat=p&typeid=i","cat":284953},{"id":56874,"n":"Lasagnes bolognaise Côté Table Barquette - 350g","p":2.39,"u":"6,83 €/KG","img":"https://fd2-photos.leclercdrive.fr/image.ashx?id=2476164&use=l&cat=p&typeid=i","cat":284953},{"id":56881,"n":"Bavettes marinées Socopa Fondue echalotes - x2 - 300g","p":6.98,"u":"23,27 €/KG","img":"https://fd2-photos.leclercdrive.fr/image.ashx?id=2414606&use=l&cat=p&typeid=i","cat":284328},{"id":56882,"n":"Gel désinfectant mains Sanytol Peaux sensibles - 75ml","p":2.6,"u":"34,67 €/L","img":"https://fd2-photos.leclercdrive.fr/image.ashx?id=2904667&use=l&cat=p&typeid=i","cat":284630},{"id":56883,"n":"Recharge essential mist AirWick Jasmin étoile - 20ml","p":4.92,"u":"246,00 €/L","img":"https://fd2-photos.leclercdrive.fr/image.ashx?id=1596122&use=l&cat=p&typeid=i","cat":311629},{"id":56884,"n":"Merguez fortes Socopa  A la Marocaine - 6x55g","p":5.74,"u":"17,39 €/KG","img":"https://fd2-photos.leclercdrive.fr/image.ashx?id=2972859&use=l&cat=p&typeid=i","cat":284334},{"id":56887,"n":"Burger du chef Socopa Spécial burger 15%MG - 250g","p":4.12,"u":"16,48 €/KG","img":"https://fd2-photos.leclercdrive.fr/image.ashx?id=2456159&use=l&cat=p&typeid=i","cat":284332},{"id":56919,"n":"Bière blonde Pelforth 5.8%vol - 20x25cl","p":11.34,"u":"2,27 €/L","img":"https://fd2-photos.leclercdrive.fr/image.ashx?id=2764523&use=l&cat=p&typeid=i","cat":334873},{"id":56935,"n":"Pâte à tartiner Nutella 400g","p":3.34,"u":"8,35 €/KG","img":"https://fd2-photos.leclercdrive.fr/image.ashx?id=2935645&use=l&cat=p&typeid=i","cat":284481},{"id":56953,"n":"Cordons bleus Côté Croc Au poulet x2 - 200g","p":1.59,"u":"7,95 €/KG","img":"https://fd2-photos.leclercdrive.fr/image.ashx?id=2801046&use=l&cat=p&typeid=i","cat":333683},{"id":56964,"n":"AOP Bordeaux rouge Bio Nos Racines - BIB 3L","p":16.99,"u":"5,66 €/L","img":"https://fd2-photos.leclercdrive.fr/image.ashx?id=1570321&use=l&cat=p&typeid=i","cat":289560},{"id":56967,"n":"Biscuits déli Matin P'tit Deli Pepites chocolat -  600g","p":3.31,"u":"5,52 €/KG","img":"https://fd2-photos.leclercdrive.fr/image.ashx?id=2999514&use=l&cat=p&typeid=i","cat":284491},{"id":56968,"n":"Rhum ambré Trois Rivières 40% vol - 70cl","p":14.23,"u":"20,33 €/L","img":"https://fd2-photos.leclercdrive.fr/image.ashx?id=2973670&use=l&cat=p&typeid=i","cat":284550},{"id":56975,"n":"Saucisson sec Saint-Azay Pur porc - 250g","p":4.09,"u":"16,36 €/KG","img":"https://fd2-photos.leclercdrive.fr/image.ashx?id=2043026&use=l&cat=p&typeid=i","cat":316006},{"id":56991,"n":"Eau de javel Clair Citron - 3x250ml","p":1.3,"u":"1,73 €/L","img":"https://fd2-photos.leclercdrive.fr/image.ashx?id=2949203&use=l&cat=p&typeid=i","cat":284661},{"id":56996,"n":"Jus de fruit Jafaden  Pur jus multifruits - 2L","p":2.59,"u":"1,30 €/L","img":"https://fd2-photos.leclercdrive.fr/image.ashx?id=2920196&use=l&cat=p&typeid=i","cat":284917},{"id":57007,"n":"Fromage tartiflette Les Croisés 27%mg - 250g","p":2.88,"u":"11,52 €/KG","img":"https://fd2-photos.leclercdrive.fr/image.ashx?id=2793248&use=l&cat=p&typeid=i","cat":314037},{"id":57017,"n":"Friandises chat Catisfactions Poulet - 60g","p":1.06,"u":"17,67 €/KG","img":"https://fd2-photos.leclercdrive.fr/image.ashx?id=2914762&use=l&cat=p&typeid=i","cat":285285},{"id":57020,"n":"Ossau iraty NRT AOP  Fromage de brebis - 200g","p":3.99,"u":"19,95 €/KG","img":"https://fd2-photos.leclercdrive.fr/image.ashx?id=2342632&use=l&cat=p&typeid=i","cat":329184},{"id":57030,"n":"Fromage Morbier NRT AOP  250g","p":3.59,"u":"14,36 €/KG","img":"https://fd2-photos.leclercdrive.fr/image.ashx?id=2624034&use=l&cat=p&typeid=i","cat":329184},{"id":57040,"n":"Bière blanche 1664 Blanc 5° - 6x25cl","p":4.69,"u":"3,13 €/L","img":"https://fd2-photos.leclercdrive.fr/image.ashx?id=2886699&use=l&cat=p&typeid=i","cat":334878},{"id":57045,"n":"Bière blonde Kronenbourg 4,2° - 6x33cl canettes","p":3.74,"u":"1,89 €/L","img":"https://fd2-photos.leclercdrive.fr/image.ashx?id=2212581&use=l&cat=p&typeid=i","cat":334853},{"id":57060,"n":"Choux de Bruxelles 500g","p":1.39,"u":"2,78 €/KG","img":"https://fd2-photos.leclercdrive.fr/image.ashx?id=598741&use=l&cat=p&typeid=i","cat":284352},{"id":57080,"n":"Fromage frais nature Bio Bio village - 4x100g","p":1.85,"u":"4,63 €/KG","img":"https://fd2-photos.leclercdrive.fr/image.ashx?id=2839947&use=l&cat=p&typeid=i","cat":284409},{"id":57151,"n":"Mousse Délisse Chocolat au lait - 8x60g","p":2.25,"u":"4,69 €/KG","img":"https://fd2-photos.leclercdrive.fr/image.ashx?id=3009517&use=l&cat=p&typeid=i","cat":284417},{"id":57274,"n":"Boisson aux fruits Oasis Goût Pomme Cassis Framboise 1L","p":1.72,"u":"1,72 €/L","img":"https://fd2-photos.leclercdrive.fr/image.ashx?id=3011083&use=l&cat=p&typeid=i","cat":295018},{"id":57275,"n":"Boisson aux fruits Oasis Tropical - 1L","p":1.56,"u":"1,56 €/L","img":"https://fd2-photos.leclercdrive.fr/image.ashx?id=2666638&use=l&cat=p&typeid=i","cat":295018},{"id":57284,"n":"AOC Prosecco Riccadonna Extra Dry - 11° - 75cl","p":6.1,"u":"8,13 €/L","img":"https://fd2-photos.leclercdrive.fr/image.ashx?id=2666303&use=l&cat=p&typeid=i","cat":289461},{"id":57288,"n":"Jeunes pousses & roquettes  Bonduelle - 145g","p":2.09,"u":"14,41 €/KG","img":"https://fd2-photos.leclercdrive.fr/image.ashx?id=2862128&use=l&cat=p&typeid=i","cat":284353},{"id":57307,"n":"Pur jus Jafaden Orange, raisin, clémentine, pamplemousse - 1L","p":2.29,"u":"2,29 €/L","img":"https://fd2-photos.leclercdrive.fr/image.ashx?id=2869799&use=l&cat=p&typeid=i","cat":284917},{"id":57314,"n":"Risotto Fleury Michon Poulet et cèpes - 280g","p":3.0,"u":"10,71 €/KG","img":"https://fd2-photos.leclercdrive.fr/image.ashx?id=3003281&use=l&cat=p&typeid=i","cat":333665},{"id":57356,"n":"Bière Morgane Lancelot Bio Blonde - 3x33cl","p":4.25,"u":"4,29 €/L","img":"https://fd2-photos.leclercdrive.fr/image.ashx?id=2225018&use=l&cat=p&typeid=i","cat":334872},{"id":57391,"n":"Salade Garden Sodebo Caesar Poulet - 240g","p":3.92,"u":"16,33 €/KG","img":"https://fd2-photos.leclercdrive.fr/image.ashx?id=2939496&use=l&cat=p&typeid=i","cat":333657},{"id":57435,"n":"Fromage blanc Bio Vrai Lait de brebis - 400g","p":2.12,"u":"5,30 €/KG","img":"https://fd2-photos.leclercdrive.fr/image.ashx?id=2517495&use=l&cat=p&typeid=i","cat":314998},{"id":57684,"n":"Repas soir bio 12mois Babybio Panais legumes boulghour 230g","p":1.93,"u":"8,39 €/KG","img":"https://fd2-photos.leclercdrive.fr/image.ashx?id=2859359&use=l&cat=p&typeid=i","cat":312239},{"id":57685,"n":"Pots bébé bio Babybio Légumes poulet - 6 mois - 400g","p":3.02,"u":"7,55 €/KG","img":"https://fd2-photos.leclercdrive.fr/image.ashx?id=2827422&use=l&cat=p&typeid=i","cat":312236},{"id":57687,"n":"Repas du soir Babybio - 8 mois Bio Patates douces - 2x200g","p":2.92,"u":"7,30 €/KG","img":"https://fd2-photos.leclercdrive.fr/image.ashx?id=2168291&use=l&cat=p&typeid=i","cat":312239},{"id":57688,"n":"Bols soir bébé bio Babybio Purée, courgette -8 mois-2x200g","p":2.95,"u":"7,38 €/KG","img":"https://fd2-photos.leclercdrive.fr/image.ashx?id=2859365&use=l&cat=p&typeid=i","cat":312239},{"id":57694,"n":"Crème dessert bébé bio Babybio  Semoule vanille -6 mois- 4x85g","p":3.59,"u":"10,56 €/KG","img":"https://fd2-photos.leclercdrive.fr/image.ashx?id=2834530&use=l&cat=p&typeid=i","cat":312393},{"id":57696,"n":"Pots bébé bio Babybio - 6 mois  Légumes pâtes boeuf - 2x200g","p":3.1,"u":"7,75 €/KG","img":"https://fd2-photos.leclercdrive.fr/image.ashx?id=2838301&use=l&cat=p&typeid=i","cat":312236},{"id":57703,"n":"Bols bébé soir bio Babybio Légumes pâtes - 8 mois - 2x200g","p":2.79,"u":"6,98 €/KG","img":"https://fd2-photos.leclercdrive.fr/image.ashx?id=2838311&use=l&cat=p&typeid=i","cat":312239},{"id":57705,"n":"Compote bébé Babybio Bio 4 mois Mirabelle Pomme - 2x130g","p":1.92,"u":"7,38 €/KG","img":"https://fd2-photos.leclercdrive.fr/image.ashx?id=2834518&use=l&cat=p&typeid=i","cat":312387},{"id":57706,"n":"Salades Bonduelle Tortis, concombres, saumon 300g","p":2.81,"u":"9,37 €/KG","img":"https://fd2-photos.leclercdrive.fr/image.ashx?id=2905303&use=l&cat=p&typeid=i","cat":333657},{"id":57713,"n":"Vin Union européenne blanc Lichette Alouettes - 5L","p":13.09,"u":"2,62 €/L","img":"https://fd2-photos.leclercdrive.fr/image.ashx?id=2859194&use=l&cat=p&typeid=i","cat":289557},{"id":57760,"n":"Assiette bébé soir bio Babybio Aubergine pâtes -15 mois- 260g","p":1.97,"u":"7,58 €/KG","img":"https://fd2-photos.leclercdrive.fr/image.ashx?id=2855912&use=l&cat=p&typeid=i","cat":312239},{"id":57763,"n":"Pâtes Serpentini Panzani 3 Minutes - 500g","p":1.31,"u":"2,62 €/KG","img":"https://fd2-photos.leclercdrive.fr/image.ashx?id=2896078&use=l&cat=p&typeid=i","cat":284427},{"id":57764,"n":"Pâtes Farfalle Panzani  3 Minutes - 500G","p":1.22,"u":"2,44 €/KG","img":"https://fd2-photos.leclercdrive.fr/image.ashx?id=2896090&use=l&cat=p&typeid=i","cat":284427},{"id":57767,"n":"Tablette de chocolat noir Lindt Framboise intense - 100g","p":2.22,"u":"22,20 €/KG","img":"https://fd2-photos.leclercdrive.fr/image.ashx?id=2689484&use=l&cat=p&typeid=i","cat":318654},{"id":57768,"n":"Tablette de chocolat noir Lindt Sésame grillé - 100g","p":2.26,"u":"22,60 €/KG","img":"https://fd2-photos.leclercdrive.fr/image.ashx?id=2689490&use=l&cat=p&typeid=i","cat":284956},{"id":57779,"n":"Capsules café Plantation Espresso n°5 - x16 - 92g","p":2.69,"u":"29,24 €/KG","img":"https://fd2-photos.leclercdrive.fr/image.ashx?id=2649729&use=l&cat=p&typeid=i","cat":293239},{"id":57782,"n":"Capsules café Plantation Cappuccino - 2x8 - 166g","p":3.45,"u":"20,78 €/KG","img":"https://fd2-photos.leclercdrive.fr/image.ashx?id=2856558&use=l&cat=p&typeid=i","cat":293239},{"id":57783,"n":"Capsules café Plantation Espresso forte n°7 - x16 - 105g","p":2.99,"u":"28,48 €/KG","img":"https://fd2-photos.leclercdrive.fr/image.ashx?id=2649732&use=l&cat=p&typeid=i","cat":293239},{"id":57785,"n":"Capsules café Plantation Lungo n°6 - x16 - 99.2g","p":2.69,"u":"27,17 €/KG","img":"https://fd2-photos.leclercdrive.fr/image.ashx?id=2649735&use=l&cat=p&typeid=i","cat":293239},{"id":57786,"n":"Capsules café Plantation Gigante n°5 - x16 - 112g","p":2.99,"u":"26,70 €/KG","img":"https://fd2-photos.leclercdrive.fr/image.ashx?id=2649738&use=l&cat=p&typeid=i","cat":293239},{"id":57796,"n":"Bonbons KINDER Schoko-Bons Chocolat au lait - 300G","p":5.0,"u":"16,67 €/KG","img":"https://fd2-photos.leclercdrive.fr/image.ashx?id=2439692&use=l&cat=p&typeid=i","cat":304238},{"id":57804,"n":"Tomato Ketchup Heinz - 570g","p":2.23,"u":"3,91 €/KG","img":"https://fd2-photos.leclercdrive.fr/image.ashx?id=2924944&use=l&cat=p&typeid=i","cat":284455},{"id":57812,"n":"Petits pots bébé P'TITE RECETTE Couscous 8M+ - 2x200g","p":2.03,"u":"5,08 €/KG","img":"https://fd2-photos.leclercdrive.fr/image.ashx?id=2525696&use=l&cat=p&typeid=i","cat":312236},{"id":57813,"n":"Petits pots bébé P'TITE RECETTE Poulet Basquais 15M+ - 2 x 200g","p":2.15,"u":"5,38 €/KG","img":"https://fd2-photos.leclercdrive.fr/image.ashx?id=2737042&use=l&cat=p&typeid=i","cat":312238},{"id":57814,"n":"Petits pots bébé P'TITE RECETTE Hachis Parmentier 8M+ - 2x200g","p":2.03,"u":"5,08 €/KG","img":"https://fd2-photos.leclercdrive.fr/image.ashx?id=2629689&use=l&cat=p&typeid=i","cat":312236},{"id":57815,"n":"Petits pots bébé P'TITE RECETTE Spaghetti bolognaise 8m -2x200g","p":2.03,"u":"5,08 €/KG","img":"https://fd2-photos.leclercdrive.fr/image.ashx?id=2629683&use=l&cat=p&typeid=i","cat":312236},{"id":57816,"n":"Petits pots bébé P'TITE RECETTE Pot au feu 8M+ - 2x200g","p":2.16,"u":"5,40 €/KG","img":"https://fd2-photos.leclercdrive.fr/image.ashx?id=2518415&use=l&cat=p&typeid=i","cat":312236},{"id":57821,"n":"Petits pots bébé PTIT SOUPER pâtes courgettes 6M+ - 2x200g","p":1.76,"u":"4,40 €/KG","img":"https://fd2-photos.leclercdrive.fr/image.ashx?id=2526523&use=l&cat=p&typeid=i","cat":312239},{"id":57823,"n":"Petits pots bébé P'TIT SOUPER Carottes semoule 6M+ - 2x200g","p":1.76,"u":"4,40 €/KG","img":"https://fd2-photos.leclercdrive.fr/image.ashx?id=2527109&use=l&cat=p&typeid=i","cat":312239},{"id":57824,"n":"Petits pots bébé P'TIT SOUPER Risotto carottes 12M+ - 2x200g","p":2.12,"u":"5,30 €/KG","img":"https://fd2-photos.leclercdrive.fr/image.ashx?id=2526526&use=l&cat=p&typeid=i","cat":312239},{"id":57883,"n":"Petits pots bébé P'TITE RECETTE  riz dinde 12M+ - 2x200g","p":2.03,"u":"5,08 €/KG","img":"https://fd2-photos.leclercdrive.fr/image.ashx?id=2629686&use=l&cat=p&typeid=i","cat":312237},{"id":57959,"n":"Eau de toilette Alix de Faure Nature boisée - 100ml","p":4.55,"u":"45,50 €/L","img":"https://fd2-photos.leclercdrive.fr/image.ashx?id=2741297&use=l&cat=p&typeid=i","cat":287740},{"id":57962,"n":"Eau de toilette Alix de Faure Sao Paulo - 100ml","p":4.99,"u":"49,90 €/L","img":"https://fd2-photos.leclercdrive.fr/image.ashx?id=2645263&use=l&cat=p&typeid=i","cat":291525},{"id":57963,"n":"Eau de toilette Alix de Faure Budapest - 100ml","p":4.4,"u":"44,00 €/L","img":"https://fd2-photos.leclercdrive.fr/image.ashx?id=2645257&use=l&cat=p&typeid=i","cat":291525},{"id":57983,"n":"Râpe Électrique Velvet Smooth Exfoliante et Contour des Pieds","p":23.9,"u":"Dont 0,17 € d'éco-part.","img":"https://fd2-photos.leclercdrive.fr/image.ashx?id=2465143&use=l&cat=p&typeid=i","cat":325354},{"id":57984,"n":"Râpe Électrique 2 en 1 Exfoliante et Lissante Pieds","p":21.9,"u":"Dont 0,17 € d'éco-part.","img":"https://fd2-photos.leclercdrive.fr/image.ashx?id=2457473&use=l&cat=p&typeid=i","cat":325354},{"id":58119,"n":"Madeleines longue pépites sucre Le Ster x20 - 250g","p":1.57,"u":"6,28 €/KG","img":"https://fd2-photos.leclercdrive.fr/image.ashx?id=2962566&use=l&cat=p&typeid=i","cat":284492},{"id":58122,"n":"Colin d'Alaska Findus Façon meuniere - x2 - 250g","p":3.11,"u":"12,44 €/KG","img":"https://fd2-photos.leclercdrive.fr/image.ashx?id=2654914&use=l&cat=p&typeid=i","cat":319788},{"id":58141,"n":"Lentilles corail Bio Village Bio - 450g","p":1.97,"u":"4,38 €/KG","img":"https://fd2-photos.leclercdrive.fr/image.ashx?id=3002665&use=l&cat=p&typeid=i","cat":284430},{"id":58143,"n":"Soin de jour L'Oréal Paris Age Perfect anti-âge - 50ml","p":11.97,"pp":7.9,"u":"158,00 €/L","img":"https://fd2-photos.leclercdrive.fr/image.ashx?id=2769744&use=l&cat=p&typeid=i","cat":325345},{"id":58201,"n":"Désodorisant Bien Air  Senteur muguet - 300ml","p":1.09,"u":"3,63 €/L","img":"https://fd2-photos.leclercdrive.fr/image.ashx?id=2607942&use=l&cat=p&typeid=i","cat":311626},{"id":58203,"n":"Désodorisant Bien Air  Fruits rouges - 300ml","p":1.35,"u":"4,50 €/L","img":"https://fd2-photos.leclercdrive.fr/image.ashx?id=2613723&use=l&cat=p&typeid=i","cat":311626},{"id":58206,"n":"Désodorisant Bien Air Agrume, anti-tabac - 300ml","p":1.15,"u":"3,83 €/L","img":"https://fd2-photos.leclercdrive.fr/image.ashx?id=2613729&use=l&cat=p&typeid=i","cat":311626},{"id":58214,"n":"Carré gourmand Garden Gourmet Tomates et mozzarella 160g","p":2.16,"u":"13,50 €/KG","img":"https://fd2-photos.leclercdrive.fr/image.ashx?id=3009107&use=l&cat=p&typeid=i","cat":316036},{"id":58218,"n":"Croissants Côté Table Jambon emmental - 2x170g","p":2.92,"u":"8,59 €/KG","img":"https://fd2-photos.leclercdrive.fr/image.ashx?id=2885128&use=l&cat=p&typeid=i","cat":333671},{"id":58365,"n":"Tartelettes Chocolat P'tit Déli Fourrées au lait - 225g","p":1.39,"u":"6,18 €/KG","img":"https://fd2-photos.leclercdrive.fr/image.ashx?id=2523715&use=l&cat=p&typeid=i","cat":284488},{"id":58428,"n":"Sachet fraicheur chat Sheba Boeuf poulet en sauce - 6x50g","p":2.57,"u":"8,57 €/KG","img":"https://fd2-photos.leclercdrive.fr/image.ashx?id=2895927&use=l&cat=p&typeid=i","cat":285286},{"id":58444,"n":"Cacahuètes Benenuts-Twinuts Nature format familial - 260g","p":1.92,"u":"7,38 €/KG","img":"https://fd2-photos.leclercdrive.fr/image.ashx?id=2967744&use=l&cat=p&typeid=i","cat":284448},{"id":58449,"n":"Tomates pelées entières D'aucy 238g","p":1.0,"u":"4,20 €/KG","img":"https://fd2-photos.leclercdrive.fr/image.ashx?id=2503425&use=l&cat=p&typeid=i","cat":312608},{"id":58450,"n":"Tomates pelées entières D'aucy 476g","p":1.55,"u":"3,26 €/KG","img":"https://fd2-photos.leclercdrive.fr/image.ashx?id=2751996&use=l&cat=p&typeid=i","cat":312608},{"id":58463,"n":"Gâche tranchée La Fournée Dorée 500g","p":2.17,"u":"4,34 €/KG","img":"https://fd2-photos.leclercdrive.fr/image.ashx?id=2277956&use=l&cat=p&typeid=i","cat":284478},{"id":58525,"n":"Salade choux rouge  Menu fraîcheur - 300g","p":1.81,"u":"6,03 €/KG","img":"https://fd2-photos.leclercdrive.fr/image.ashx?id=2901458&use=l&cat=p&typeid=i","cat":333657},{"id":58529,"n":"Pâte à tartiner L.Georgelin Cacao noisettes - 400g","p":4.51,"u":"11,28 €/KG","img":"https://fd2-photos.leclercdrive.fr/image.ashx?id=1557088&use=l&cat=p&typeid=i","cat":284481},{"id":58548,"n":"Sachets repas chats Purina One Sauce boeuf poulet x4 - 340g","p":1.94,"u":"5,71 €/KG","img":"https://fd2-photos.leclercdrive.fr/image.ashx?id=2468239&use=l&cat=p&typeid=i","cat":285286},{"id":58577,"n":"Dessert bébé lacté Blédina 6m Abricot - 6x55g","p":2.33,"u":"7,06 €/KG","img":"https://fd2-photos.leclercdrive.fr/image.ashx?id=2952448&use=l&cat=p&typeid=i","cat":312392},{"id":58578,"n":"Dessert bébé lacté Blédina 6m Fraise - 6x55g","p":2.0,"u":"6,06 €/KG","img":"https://fd2-photos.leclercdrive.fr/image.ashx?id=2952451&use=l&cat=p&typeid=i","cat":312392},{"id":58602,"n":"Haricots verts Rochefontaine Extra fins, bio - 180g","p":2.72,"u":"15,11 €/KG","img":"https://fd2-photos.leclercdrive.fr/image.ashx?id=2343588&use=l&cat=p&typeid=i","cat":312606},{"id":58610,"n":"Brocolis cuits Notre Jardin 750g","p":1.79,"u":"2,39 €/KG","img":"https://fd2-photos.leclercdrive.fr/image.ashx?id=2873153&use=l&cat=p&typeid=i","cat":319805},{"id":58618,"n":"Tarte Côté Table Saumon Poireau - 400g","p":3.09,"u":"7,73 €/KG","img":"https://fd2-photos.leclercdrive.fr/image.ashx?id=2791821&use=l&cat=p&typeid=i","cat":284257},{"id":58625,"n":"Cœurs de palmiers Géant Vert - 220g","p":3.55,"u":"16,14 €/KG","img":"https://fd2-photos.leclercdrive.fr/image.ashx?id=2840560&use=l&cat=p&typeid=i","cat":312611},{"id":58626,"n":"Coeurs d'artichauts Géant Vert - 240g","p":2.69,"u":"11,21 €/KG","img":"https://fd2-photos.leclercdrive.fr/image.ashx?id=2840566&use=l&cat=p&typeid=i","cat":312611},{"id":58634,"n":"Soupe 12 légumes Knorr Fromage frais  - 1L","p":2.74,"u":"2,74 €/L","img":"https://fd2-photos.leclercdrive.fr/image.ashx?id=2656249&use=l&cat=p&typeid=i","cat":284462},{"id":58635,"n":"Soupe Douceur automne Knorr Crème fraîche - 1L","p":2.56,"u":"2,56 €/L","img":"https://fd2-photos.leclercdrive.fr/image.ashx?id=2212824&use=l&cat=p&typeid=i","cat":284462},{"id":58646,"n":"Fromage AOP Comté Jura Flore 9 mois - 200g","p":3.95,"u":"19,75 €/KG","img":"https://fd2-photos.leclercdrive.fr/image.ashx?id=2765243&use=l&cat=p&typeid=i","cat":314036},{"id":58648,"n":"Comté AOP  15 mois - 200g","p":4.6,"u":"23,00 €/KG","img":"https://fd2-photos.leclercdrive.fr/image.ashx?id=2692575&use=l&cat=p&typeid=i","cat":314034},{"id":58655,"n":"Poêlée fermière Notre Jardin 750g","p":2.89,"u":"3,85 €/KG","img":"https://fd2-photos.leclercdrive.fr/image.ashx?id=2878597&use=l&cat=p&typeid=i","cat":319823},{"id":58668,"n":"Gorgonzola AOP Galbani 150g","p":2.72,"u":"18,13 €/KG","img":"https://fd2-photos.leclercdrive.fr/image.ashx?id=2792972&use=l&cat=p&typeid=i","cat":314032},{"id":58704,"n":"Haché à cuisiner Charal Pur Bœuf 15%MG - 400g","p":6.6,"u":"16,50 €/KG","img":"https://fd2-photos.leclercdrive.fr/image.ashx?id=2741934&use=l&cat=p&typeid=i","cat":319779},{"id":58715,"n":"Mini croque monsieur Côté Table x20 - 240g","p":4.64,"u":"19,33 €/KG","img":"https://fd2-photos.leclercdrive.fr/image.ashx?id=2217167&use=l&cat=p&typeid=i","cat":319774},{"id":58740,"n":"Haché à cuisiner Charal Happy Family - 600g","p":7.29,"u":"12,15 €/KG","img":"https://fd2-photos.leclercdrive.fr/image.ashx?id=2977330&use=l&cat=p&typeid=i","cat":319779},{"id":58826,"n":"Viande hachée 5% MG Férial 500g","p":7.99,"u":"15,98 €/KG","img":"https://fd2-photos.leclercdrive.fr/image.ashx?id=2903995&use=l&cat=p&typeid=i","cat":284332},{"id":58939,"n":"Yaourt à boire Actimel fraise - 12x100g","p":3.9,"u":"3,25 €/KG","img":"https://fd2-photos.leclercdrive.fr/image.ashx?id=2996458&use=l&cat=p&typeid=i","cat":284415},{"id":58944,"n":"Yaourts à boire Actimel Nature - 12x100g","p":3.9,"u":"3,25 €/KG","img":"https://fd2-photos.leclercdrive.fr/image.ashx?id=2996461&use=l&cat=p&typeid=i","cat":284415},{"id":58952,"n":"Yaourts à boire Actimel framboise fruit rouge - 12x100g","p":4.95,"u":"4,13 €/KG","img":"https://fd2-photos.leclercdrive.fr/image.ashx?id=2996476&use=l&cat=p&typeid=i","cat":284415},{"id":58987,"n":"Salade César Mix Buffet 250g","p":3.36,"u":"13,44 €/KG","img":"https://fd2-photos.leclercdrive.fr/image.ashx?id=2735569&use=l&cat=p&typeid=i","cat":333657},{"id":59025,"n":"Pur beurre cacahuète Jardin Bio Bio - 350g","p":3.79,"u":"10,83 €/KG","img":"https://fd2-photos.leclercdrive.fr/image.ashx?id=3000312&use=l&cat=p&typeid=i","cat":284481},{"id":59027,"n":"Dessert fruitier bio Jardin Bio Pomme nature - 680g","p":2.8,"u":"4,12 €/KG","img":"https://fd2-photos.leclercdrive.fr/image.ashx?id=2999297&use=l&cat=p&typeid=i","cat":284508},{"id":59038,"n":"Café moulu L'Or Intense 100% Arabica - 2x250g","p":9.27,"u":"18,54 €/KG","img":"https://fd2-photos.leclercdrive.fr/image.ashx?id=2020062&use=l&cat=p&typeid=i","cat":284750},{"id":59041,"n":"Céréales Extra Kellogg's Chocolat au lait - 800g","p":4.83,"u":"6,04 €/KG","img":"https://fd2-photos.leclercdrive.fr/image.ashx?id=2694941&use=l&cat=p&typeid=i","cat":309512},{"id":59091,"n":"Gousse vanille Vahiné Papouasie - 3g","p":4.7,"img":"https://fd2-photos.leclercdrive.fr/image.ashx?id=2559877&use=l&cat=p&typeid=i","cat":284504},{"id":59235,"n":"Café dosettes Tassimo L'Or Café Long Classique x24","p":6.68,"u":"42,82 €/KG","img":"https://fd2-photos.leclercdrive.fr/image.ashx?id=2100356&use=l&cat=p&typeid=i","cat":293240},{"id":59242,"n":"Gourde bébé Babybio Bio 6 mois Abricot/banane/pomme - 360g","p":3.71,"u":"10,31 €/KG","img":"https://fd2-photos.leclercdrive.fr/image.ashx?id=2850548&use=l&cat=p&typeid=i","cat":312393},{"id":59252,"n":"Café dosettes Tassimo Maxwell House - caramel x8","p":6.19,"u":"23,10 €/KG","img":"https://fd2-photos.leclercdrive.fr/image.ashx?id=2100254&use=l&cat=p&typeid=i","cat":293240},{"id":59253,"n":"Café dosettes Tassimo L'Or Petit Déjeuner Classique x24","p":7.01,"u":"35,23 €/KG","img":"https://fd2-photos.leclercdrive.fr/image.ashx?id=2100365&use=l&cat=p&typeid=i","cat":293240},{"id":59257,"n":"Café dosettes Tassimo Grand-mère - petit déjeuner x16","p":3.51,"u":"26,39 €/KG","img":"https://fd2-photos.leclercdrive.fr/image.ashx?id=2100359&use=l&cat=p&typeid=i","cat":293240},{"id":59284,"n":"Maoam Mixx Haribo Sachet bonbons - 250g","p":1.81,"u":"7,24 €/KG","img":"https://fd2-photos.leclercdrive.fr/image.ashx?id=2876956&use=l&cat=p&typeid=i","cat":304250},{"id":59287,"n":"Cornichons Rustica 6 épices - 360g","p":2.31,"u":"6,42 €/KG","img":"https://fd2-photos.leclercdrive.fr/image.ashx?id=2916710&use=l&cat=p&typeid=i","cat":284458},{"id":59291,"n":"Sauce bolognaise Bio Village  Bio - 350g","p":1.69,"u":"4,83 €/KG","img":"https://fd2-photos.leclercdrive.fr/image.ashx?id=2753381&use=l&cat=p&typeid=i","cat":287599},{"id":59292,"n":"Œufs au plat Haribo Sachet bonbons - 300g","p":1.52,"u":"5,07 €/KG","img":"https://fd2-photos.leclercdrive.fr/image.ashx?id=2984892&use=l&cat=p&typeid=i","cat":304250},{"id":59296,"n":"Sauce tomate Bio Village  Basilic bio - 350g","p":1.63,"u":"4,66 €/KG","img":"https://fd2-photos.leclercdrive.fr/image.ashx?id=2696289&use=l&cat=p&typeid=i","cat":287599},{"id":59299,"n":"Bonbons KINDER Schoko-Bons Chocolat au lait - 225G","p":3.77,"u":"16,76 €/KG","img":"https://fd2-photos.leclercdrive.fr/image.ashx?id=2679633&use=l&cat=p&typeid=i","cat":304238},{"id":59305,"n":"Sauce American Burger Heinz - 230g","p":1.65,"u":"7,17 €/KG","img":"https://fd2-photos.leclercdrive.fr/image.ashx?id=2973354&use=l&cat=p&typeid=i","cat":318431},{"id":59307,"n":"Miami Pik Haribo Sachet bonbons acidulés - 200g","p":1.42,"u":"7,10 €/KG","img":"https://fd2-photos.leclercdrive.fr/image.ashx?id=2984895&use=l&cat=p&typeid=i","cat":304250},{"id":59311,"n":"Olives Apéro Tramier  À l'Ail 150g","p":2.23,"u":"14,87 €/KG","img":"https://fd2-photos.leclercdrive.fr/image.ashx?id=2639299&use=l&cat=p&typeid=i","cat":284458},{"id":59314,"n":"Huile d'Olive Tramier  Vierge Extra Biologique 75cl","p":8.99,"u":"11,99 €/L","img":"https://fd2-photos.leclercdrive.fr/image.ashx?id=2803916&use=l&cat=p&typeid=i","cat":284453},{"id":59318,"n":"Caserecce Tradizioni d'Italia N°168 - 500g","p":1.69,"u":"3,38 €/KG","img":"https://fd2-photos.leclercdrive.fr/image.ashx?id=2657313&use=l&cat=p&typeid=i","cat":284427},{"id":59319,"n":"Penne rigate Tradizioni Italia N°133 - 500g","p":1.52,"u":"3,04 €/KG","img":"https://fd2-photos.leclercdrive.fr/image.ashx?id=2657316&use=l&cat=p&typeid=i","cat":284427},{"id":59324,"n":"Pipe rigate Tradizioni d'Italia N°179 - 500g","p":1.59,"u":"3,18 €/KG","img":"https://fd2-photos.leclercdrive.fr/image.ashx?id=2657319&use=l&cat=p&typeid=i","cat":284427},{"id":59336,"n":"Barquette chien Cesar Terrine poulet - 300g","p":1.58,"u":"5,27 €/KG","img":"https://fd2-photos.leclercdrive.fr/image.ashx?id=2091323&use=l&cat=p&typeid=i","cat":284673},{"id":59339,"n":"Barquette chien sénior Cesar Terrine en gelée - 4x150g","p":3.88,"u":"6,47 €/KG","img":"https://fd2-photos.leclercdrive.fr/image.ashx?id=2091320&use=l&cat=p&typeid=i","cat":284673},{"id":59341,"n":"Barquette chien Cesar Terrine du jardin - 4x150g","p":3.63,"u":"6,05 €/KG","img":"https://fd2-photos.leclercdrive.fr/image.ashx?id=2091314&use=l&cat=p&typeid=i","cat":284673},{"id":59343,"n":"Pâtes Tradizioni d'Italia Linguine n°121 - 500g","p":1.52,"u":"3,04 €/KG","img":"https://fd2-photos.leclercdrive.fr/image.ashx?id=2657322&use=l&cat=p&typeid=i","cat":284427},{"id":59345,"n":"Rigatoni Tradizioni d'Italia N°124 - 500g","p":1.69,"u":"3,38 €/KG","img":"https://fd2-photos.leclercdrive.fr/image.ashx?id=2657325&use=l&cat=p&typeid=i","cat":284427},{"id":59382,"n":"Grissini Grangrissi 300g","p":2.61,"u":"8,70 €/KG","img":"https://fd2-photos.leclercdrive.fr/image.ashx?id=2743927&use=l&cat=p&typeid=i","cat":297000},{"id":59398,"n":"Café moulu L'Or Intense 100% Arabica - 3x250g","p":13.89,"u":"18,52 €/KG","img":"https://fd2-photos.leclercdrive.fr/image.ashx?id=2802377&use=l&cat=p&typeid=i","cat":284750},{"id":59499,"n":"Bière Chouffe Blonde 75cl","p":4.72,"u":"6,29 €/L","img":"https://fd2-photos.leclercdrive.fr/image.ashx?id=2959199&use=l&cat=p&typeid=i","cat":334872},{"id":59553,"n":"Croustilles  Belin  Emmental - 138g","p":1.14,"u":"8,26 €/KG","img":"https://fd2-photos.leclercdrive.fr/image.ashx?id=3002267&use=l&cat=p&typeid=i","cat":284449},{"id":59563,"n":"Galette de maïs GERBLE Chocolat au lait - 124g","p":1.69,"u":"13,63 €/KG","img":"https://fd2-photos.leclercdrive.fr/image.ashx?id=2664034&use=l&cat=p&typeid=i","cat":318651},{"id":59565,"n":"Pâte à tartiner Nustikao 1kg","p":4.25,"u":"4,25 €/KG","img":"https://fd2-photos.leclercdrive.fr/image.ashx?id=3012860&use=l&cat=p&typeid=i","cat":284481},{"id":59601,"n":"Bière blonde 3 Monts 6x33cl","p":7.28,"u":"3,68 €/L","img":"https://fd2-photos.leclercdrive.fr/image.ashx?id=2548189&use=l&cat=p&typeid=i","cat":334852},{"id":59618,"n":"Soupe Knorr Tomates/mozza - 1L","p":2.52,"u":"2,52 €/L","img":"https://fd2-photos.leclercdrive.fr/image.ashx?id=2408258&use=l&cat=p&typeid=i","cat":284462},{"id":59687,"n":"Sardines Connetable Olive/citron - 135g","p":3.12,"u":"23,11 €/KG","img":"https://fd2-photos.leclercdrive.fr/image.ashx?id=2618951&use=l&cat=p&typeid=i","cat":305146},{"id":59695,"n":"Yaourt à la grecque YAOS Vanille - 4x125g","p":2.49,"u":"4,98 €/KG","img":"https://fd2-photos.leclercdrive.fr/image.ashx?id=3007972&use=l&cat=p&typeid=i","cat":314999},{"id":59713,"n":"Gros cornichons Rustica  Aigre doux - 850g","p":2.69,"u":"3,16 €/KG","img":"https://fd2-photos.leclercdrive.fr/image.ashx?id=2916707&use=l&cat=p&typeid=i","cat":284458},{"id":59714,"n":"Cacahuètes Tokapi  Grillées à sec - 200g","p":0.78,"u":"3,90 €/KG","img":"https://fd2-photos.leclercdrive.fr/image.ashx?id=2799781&use=l&cat=p&typeid=i","cat":284448},{"id":59722,"n":"Crème légère semi-épaisse  Bridélice 18%mg - 3x20cl","p":2.51,"u":"4,18 €/L","img":"https://fd2-photos.leclercdrive.fr/image.ashx?id=2904733&use=l&cat=p&typeid=i","cat":284381},{"id":59725,"n":"Bâtonnets Surimi Saveur Coraya  x12 - 180g","p":1.97,"u":"10,94 €/KG","img":"https://fd2-photos.leclercdrive.fr/image.ashx?id=2962677&use=l&cat=p&typeid=i","cat":285189},{"id":59740,"n":"Tarama Blini Aux oeufs de cabillaud - 250g","p":2.75,"u":"11,00 €/KG","img":"https://fd2-photos.leclercdrive.fr/image.ashx?id=2960873&use=l&cat=p&typeid=i","cat":315999},{"id":59774,"n":"Sérum physiologique Biolane 30x5ml","p":3.66,"u":"24,40 €/L","img":"https://fd2-photos.leclercdrive.fr/image.ashx?id=2733232&use=l&cat=p&typeid=i","cat":284741},{"id":59832,"n":"Secret de crème Président Semi-épaisse 25%mg - 3x20cl","p":3.99,"u":"6,65 €/L","img":"https://fd2-photos.leclercdrive.fr/image.ashx?id=2699861&use=l&cat=p&typeid=i","cat":284381},{"id":60015,"n":"Pancakes Pasquier x10 - 350g","p":1.81,"u":"5,17 €/KG","img":"https://fd2-photos.leclercdrive.fr/image.ashx?id=2688878&use=l&cat=p&typeid=i","cat":284495},{"id":60051,"n":"Gâteaux Lulu L'Ourson Fraise - 150g","p":1.41,"u":"9,40 €/KG","img":"https://fd2-photos.leclercdrive.fr/image.ashx?id=3008050&use=l&cat=p&typeid=i","cat":284495},{"id":60106,"n":"Spray tropic Cinq sur cinq Anti-moustiques - 100ml","p":6.89,"u":"68,90 €/L","img":"https://fd2-photos.leclercdrive.fr/image.ashx?id=2087160&use=l&cat=p&typeid=i","cat":290402},{"id":60118,"n":"Ratatouille niçoise D'aucy  750g","p":1.93,"u":"2,57 €/KG","img":"https://fd2-photos.leclercdrive.fr/image.ashx?id=2665904&use=l&cat=p&typeid=i","cat":312612},{"id":60124,"n":"Compotes Pom'Potes Gourdes  Pomme Nature - 4x90g","p":1.78,"u":"4,94 €/KG","img":"https://fd2-photos.leclercdrive.fr/image.ashx?id=2983003&use=l&cat=p&typeid=i","cat":284508},{"id":60128,"n":"Crème dessert bio les 2 vaches fondant chocolat - 4x125g","p":2.13,"u":"4,26 €/KG","img":"https://fd2-photos.leclercdrive.fr/image.ashx?id=2774012&use=l&cat=p&typeid=i","cat":285041},{"id":60140,"n":"Falafels Céréal Bio  Pois chiches épinards Bio- 180g","p":2.64,"u":"14,67 €/KG","img":"https://fd2-photos.leclercdrive.fr/image.ashx?id=2657430&use=l&cat=p&typeid=i","cat":316036},{"id":60151,"n":"Cordon bleu Nature de France  Emmental Bio - 200g","p":5.66,"u":"28,30 €/KG","img":"https://fd2-photos.leclercdrive.fr/image.ashx?id=2967827&use=l&cat=p&typeid=i","cat":333683},{"id":60165,"n":"Boisson végétale Alpro noisette - 1l","p":2.08,"u":"2,08 €/L","img":"https://fd2-photos.leclercdrive.fr/image.ashx?id=2849602&use=l&cat=p&typeid=i","cat":316067},{"id":60168,"n":"fromage blanc jockey Nature 3%MG - 8x100g","p":2.52,"u":"3,15 €/KG","img":"https://fd2-photos.leclercdrive.fr/image.ashx?id=2230369&use=l&cat=p&typeid=i","cat":284409},{"id":60171,"n":"boisson végétale lait d'amande grillée alpro -1l","p":2.05,"u":"2,05 €/L","img":"https://fd2-photos.leclercdrive.fr/image.ashx?id=2988671&use=l&cat=p&typeid=i","cat":316067},{"id":60174,"n":"Madeleine Bonne Maman  Chocolat au lait x10 - 300g","p":3.22,"u":"10,73 €/KG","img":"https://fd2-photos.leclercdrive.fr/image.ashx?id=2949940&use=l&cat=p&typeid=i","cat":284492},{"id":60192,"n":"Pancakes Le Ster  x8 - 280g","p":2.2,"u":"7,86 €/KG","img":"https://fd2-photos.leclercdrive.fr/image.ashx?id=2827215&use=l&cat=p&typeid=i","cat":284495},{"id":60204,"n":"Crêpes de landerneau Le Ster Le pâtissier x12 - 300g","p":2.1,"u":"7,00 €/KG","img":"https://fd2-photos.leclercdrive.fr/image.ashx?id=2962860&use=l&cat=p&typeid=i","cat":284494},{"id":60258,"n":"AOP Côteaux Varois en Provence Rosé Estandon Lumière - 75cl","p":7.35,"u":"9,80 €/L","img":"https://fd2-photos.leclercdrive.fr/image.ashx?id=2889460&use=l&cat=p&typeid=i","cat":289558},{"id":60276,"n":"Champagne Canard Duchêne Réserve Brut - 75cl","p":25.99,"u":"34,65 €/L","img":"https://fd2-photos.leclercdrive.fr/image.ashx?id=2757256&use=l&cat=p&typeid=i","cat":284542},{"id":60382,"n":"Soin de jour L'Oréal Paris Age Perfect anti-rides - 50ml","p":11.97,"pp":7.9,"u":"158,00 €/L","img":"https://fd2-photos.leclercdrive.fr/image.ashx?id=2860355&use=l&cat=p&typeid=i","cat":325345},{"id":60537,"n":"Purée surgelé  Bonduelle 4 saveurs  - 780g","p":3.18,"u":"4,08 €/KG","img":"https://fd2-photos.leclercdrive.fr/image.ashx?id=2996518&use=l&cat=p&typeid=i","cat":319805},{"id":60539,"n":"Purée delice Bonduelle  Courgette Céleri Brocoli - 780g","p":3.19,"u":"4,09 €/KG","img":"https://fd2-photos.leclercdrive.fr/image.ashx?id=2910043&use=l&cat=p&typeid=i","cat":319805},{"id":60587,"n":"Bûche de chèvre Président 180g","p":2.0,"u":"11,11 €/KG","img":"https://fd2-photos.leclercdrive.fr/image.ashx?id=2454088&use=l&cat=p&typeid=i","cat":314031},{"id":60588,"n":"Emmental Président 250g","p":2.79,"u":"11,16 €/KG","img":"https://fd2-photos.leclercdrive.fr/image.ashx?id=2752942&use=l&cat=p&typeid=i","cat":314034},{"id":60693,"n":"Chocolat au lait Alter Eco Caramel beurre salé bio - 100g","p":3.24,"u":"32,40 €/KG","img":"https://fd2-photos.leclercdrive.fr/image.ashx?id=2923016&use=l&cat=p&typeid=i","cat":284497},{"id":60774,"n":"Bière blonde Leffe 6,6% - 6x25cl","p":4.87,"u":"3,25 €/L","img":"https://fd2-photos.leclercdrive.fr/image.ashx?id=2995421&use=l&cat=p&typeid=i","cat":334852},{"id":60777,"n":"Brique de brebis Lou Pérac Fromage de brebis - 150g","p":2.69,"u":"17,93 €/KG","img":"https://fd2-photos.leclercdrive.fr/image.ashx?id=2785154&use=l&cat=p&typeid=i","cat":314031},{"id":60778,"n":"Tranche Salakis Fromage de brebis - 200g","p":2.6,"u":"13,00 €/KG","img":"https://fd2-photos.leclercdrive.fr/image.ashx?id=2729710&use=l&cat=p&typeid=i","cat":314026},{"id":60886,"n":"Mozzarella Galbani 125g","p":1.09,"u":"8,72 €/KG","img":"https://fd2-photos.leclercdrive.fr/image.ashx?id=2765381&use=l&cat=p&typeid=i","cat":314026},{"id":60890,"n":"Chaussée aux moines 340g","p":3.03,"u":"8,91 €/KG","img":"https://fd2-photos.leclercdrive.fr/image.ashx?id=2830030&use=l&cat=p&typeid=i","cat":329184},{"id":60891,"n":"Camembert Président 250g","p":1.8,"u":"7,20 €/KG","img":"https://fd2-photos.leclercdrive.fr/image.ashx?id=2878873&use=l&cat=p&typeid=i","cat":314033},{"id":60892,"n":"Emmental râpé fondant Président 200g","p":2.04,"u":"10,20 €/KG","img":"https://fd2-photos.leclercdrive.fr/image.ashx?id=2488455&use=l&cat=p&typeid=i","cat":314035},{"id":60930,"n":"Thé Earl Grey Twinings x25 sachets - 50g","p":2.02,"u":"40,40 €/KG","img":"https://fd2-photos.leclercdrive.fr/image.ashx?id=2889817&use=l&cat=p&typeid=i","cat":293233},{"id":60931,"n":"Thé Ceylan Scotland Twinings x20 - 40g","p":2.43,"u":"60,75 €/KG","img":"https://fd2-photos.leclercdrive.fr/image.ashx?id=2893024&use=l&cat=p&typeid=i","cat":293233},{"id":60957,"n":"Boisson énergisante Red Bull Goût Myrtille, 250ml","p":1.2,"u":"4,80 €/L","img":"https://fd2-photos.leclercdrive.fr/image.ashx?id=2174528&use=l&cat=p&typeid=i","cat":284533},{"id":60974,"n":"Pur jus Tropicana Orange Pure Premium Sans pulpe - 1L","p":2.17,"u":"2,17 €/L","img":"https://fd2-photos.leclercdrive.fr/image.ashx?id=2586186&use=l&cat=p&typeid=i","cat":284521},{"id":61019,"n":"Camembert de Campagne Président 250g","p":2.4,"u":"9,60 €/KG","img":"https://fd2-photos.leclercdrive.fr/image.ashx?id=2892559&use=l&cat=p&typeid=i","cat":314033},{"id":61021,"n":"Risotto champignon poulet Marie 900g","p":4.38,"u":"4,87 €/KG","img":"https://fd2-photos.leclercdrive.fr/image.ashx?id=2996755&use=l&cat=p&typeid=i","cat":284254},{"id":61166,"n":"Mousse Maronsui's La Laitière Crème de marrons 8x68,8g","p":3.33,"u":"6,05 €/KG","img":"https://fd2-photos.leclercdrive.fr/image.ashx?id=3010969&use=l&cat=p&typeid=i","cat":284417},{"id":61167,"n":"Crème légère épaisse Bridélice 15%mg - 497g","p":1.89,"u":"3,80 €/KG","img":"https://fd2-photos.leclercdrive.fr/image.ashx?id=2996578&use=l&cat=p&typeid=i","cat":284381},{"id":61169,"n":"Petit suisse NESQUIK Chocolat 6x60g","p":1.55,"u":"4,31 €/KG","img":"https://fd2-photos.leclercdrive.fr/image.ashx?id=3007933&use=l&cat=p&typeid=i","cat":284414},{"id":61172,"n":"Yaourts à la Grecque Délisse Citron - 4x150g","p":2.38,"u":"3,97 €/KG","img":"https://fd2-photos.leclercdrive.fr/image.ashx?id=2699714&use=l&cat=p&typeid=i","cat":314999},{"id":61293,"n":"Boisson Jafaden Orange carotte citron - 1L","p":1.89,"u":"1,89 €/L","img":"https://fd2-photos.leclercdrive.fr/image.ashx?id=2956753&use=l&cat=p&typeid=i","cat":284917},{"id":61594,"n":"Tomato Ketchup Heinz - 910g","p":2.92,"u":"3,21 €/KG","img":"https://fd2-photos.leclercdrive.fr/image.ashx?id=2923420&use=l&cat=p&typeid=i","cat":284455},{"id":61596,"n":"Sauce au poivre Rustica Pot - 245g","p":1.13,"u":"4,61 €/KG","img":"https://fd2-photos.leclercdrive.fr/image.ashx?id=2954373&use=l&cat=p&typeid=i","cat":318430},{"id":61605,"n":"Sauce barbecue Rustica Flacon souple - 280g","p":1.39,"u":"4,96 €/KG","img":"https://fd2-photos.leclercdrive.fr/image.ashx?id=2559704&use=l&cat=p&typeid=i","cat":318431},{"id":61628,"n":"Fruits au sirop St Mamet Pêches - 245g","p":1.84,"u":"7,51 €/KG","img":"https://fd2-photos.leclercdrive.fr/image.ashx?id=2628428&use=l&cat=p&typeid=i","cat":284507},{"id":61634,"n":"Poires Douceur du Verger Sirop léger - 455 g","p":1.95,"u":"4,29 €/KG","img":"https://fd2-photos.leclercdrive.fr/image.ashx?id=2783020&use=l&cat=p&typeid=i","cat":284507},{"id":61638,"n":"Lentilles Préparées Cassegrain Tendres et Fondantes 460g","p":2.34,"u":"5,09 €/KG","img":"https://fd2-photos.leclercdrive.fr/image.ashx?id=3011047&use=l&cat=p&typeid=i","cat":312609},{"id":61697,"n":"Eponges Spontex Multicolore - x3","p":1.36,"u":"0,45 €/P","img":"https://fd2-photos.leclercdrive.fr/image.ashx?id=2972847&use=l&cat=p&typeid=i","cat":284667},{"id":61706,"n":"Beurre Grand Fermage Demi-sel - 80% MG - 500g","p":5.17,"u":"10,34 €/KG","img":"https://fd2-photos.leclercdrive.fr/image.ashx?id=2916171&use=l&cat=p&typeid=i","cat":284379},{"id":61874,"n":"Gel shampooing douche Fa Men Perfect wave flacon - 250ml","p":1.78,"u":"7,12 €/L","img":"https://fd2-photos.leclercdrive.fr/image.ashx?id=2995091&use=l&cat=p&typeid=i","cat":284619},{"id":61983,"n":"Sachet repas Gourmet  Terrine coffret - 4x85g","p":1.92,"u":"5,65 €/KG","img":"https://fd2-photos.leclercdrive.fr/image.ashx?id=2901118&use=l&cat=p&typeid=i","cat":285286},{"id":61984,"n":"Sachet repas chat Gourmet  Perle duo de la mer - 4x85g","p":2.48,"u":"7,29 €/KG","img":"https://fd2-photos.leclercdrive.fr/image.ashx?id=2859866&use=l&cat=p&typeid=i","cat":285286},{"id":62004,"n":"Cornichons Maille  Mini classique - 370g","p":3.81,"u":"10,30 €/KG","img":"https://fd2-photos.leclercdrive.fr/image.ashx?id=2916567&use=l&cat=p&typeid=i","cat":284458},{"id":62042,"n":"Haricots rouges D'aucy  500g","p":1.94,"u":"3,88 €/KG","img":"https://fd2-photos.leclercdrive.fr/image.ashx?id=2491190&use=l&cat=p&typeid=i","cat":312606},{"id":62043,"n":"Lentilles préparées D'aucy  265g","p":0.92,"u":"3,47 €/KG","img":"https://fd2-photos.leclercdrive.fr/image.ashx?id=2560600&use=l&cat=p&typeid=i","cat":312609},{"id":62045,"n":"Haricots verts Jardin Bio étic Bio sans sel - 345g","p":3.57,"u":"10,35 €/KG","img":"https://fd2-photos.leclercdrive.fr/image.ashx?id=2535010&use=l&cat=p&typeid=i","cat":312606},{"id":62053,"n":"Haricots Coco Cuisinés Cassegrain Tomate, Laurier 435g","p":1.66,"u":"6,64 €/KG","img":"https://fd2-photos.leclercdrive.fr/image.ashx?id=2952466&use=l&cat=p&typeid=i","cat":312606},{"id":62054,"n":"Courgettes Cuisinées Cassegrain à la Provençale 185g","p":2.03,"u":"10,97 €/KG","img":"https://fd2-photos.leclercdrive.fr/image.ashx?id=2913022&use=l&cat=p&typeid=i","cat":312612},{"id":62066,"n":"Lentilles cuisinées façon Sud-Ouest Cassegrain 410g","p":1.9,"u":"4,63 €/KG","img":"https://fd2-photos.leclercdrive.fr/image.ashx?id=2862131&use=l&cat=p&typeid=i","cat":312609},{"id":62067,"n":"Flageolets Préparés Cassegrain Extra Fins 130g","p":1.02,"u":"7,85 €/KG","img":"https://fd2-photos.leclercdrive.fr/image.ashx?id=2912980&use=l&cat=p&typeid=i","cat":312606},{"id":62083,"n":"Soda Schweppes Saveur Agrumes - 1L","p":1.54,"u":"1,54 €/L","img":"https://fd2-photos.leclercdrive.fr/image.ashx?id=2852414&use=l&cat=p&typeid=i","cat":284532},{"id":62094,"n":"Sauce fajitas Old El Paso à cuisiner doux - 395g","p":2.15,"u":"5,44 €/KG","img":"https://fd2-photos.leclercdrive.fr/image.ashx?id=2950852&use=l&cat=p&typeid=i","cat":288993},{"id":62095,"n":"Chips Tortilla Old El Paso Fajita - 185g","p":2.14,"u":"11,57 €/KG","img":"https://fd2-photos.leclercdrive.fr/image.ashx?id=2444522&use=l&cat=p&typeid=i","cat":288993},{"id":62101,"n":"Miel l'Apiculteur liquide   et savoureux - 500g","p":5.5,"u":"11,00 €/KG","img":"https://fd2-photos.leclercdrive.fr/image.ashx?id=3008077&use=l&cat=p&typeid=i","cat":287643},{"id":62112,"n":"Compotes Pom'Potes Gourdes  Pomme Nature - 12x90g","p":4.81,"u":"4,45 €/KG","img":"https://fd2-photos.leclercdrive.fr/image.ashx?id=3010927&use=l&cat=p&typeid=i","cat":284508},{"id":62128,"n":"Biscuits fourrés Prince Tout chocolat - 300g","p":1.45,"u":"4,83 €/KG","img":"https://fd2-photos.leclercdrive.fr/image.ashx?id=2528801&use=l&cat=p&typeid=i","cat":284488},{"id":62130,"n":"Cookies extra moelleux Granola Pépites de chocolat - 312g","p":3.79,"u":"12,15 €/KG","img":"https://fd2-photos.leclercdrive.fr/image.ashx?id=2306723&use=l&cat=p&typeid=i","cat":325066},{"id":62146,"n":"Brioche La Fournée Dorée Tranchée crème fraiche - 500g","p":2.23,"u":"4,46 €/KG","img":"https://fd2-photos.leclercdrive.fr/image.ashx?id=2415365&use=l&cat=p&typeid=i","cat":284478},{"id":62148,"n":"Brioch'burger La fournée Dorée x4 - 250g","p":1.57,"u":"6,28 €/KG","img":"https://fd2-photos.leclercdrive.fr/image.ashx?id=2765261&use=l&cat=p&typeid=i","cat":325067},{"id":62152,"n":"Graines de chia bio Happy Bio   250g","p":5.6,"u":"22,40 €/KG","img":"https://fd2-photos.leclercdrive.fr/image.ashx?id=2970990&use=l&cat=p&typeid=i","cat":318651},{"id":62162,"n":"Donuts Curly 100g","p":1.05,"u":"10,50 €/KG","img":"https://fd2-photos.leclercdrive.fr/image.ashx?id=2446836&use=l&cat=p&typeid=i","cat":284449},{"id":62169,"n":"Croquettes chiens Purina One Minis chiens - 1.5kg","p":5.48,"u":"3,65 €/KG","img":"https://fd2-photos.leclercdrive.fr/image.ashx?id=2899677&use=l&cat=p&typeid=i","cat":294526},{"id":62226,"n":"Soda Coca-Cola Sans Sucres Bouteille - 1L","p":1.29,"u":"1,29 €/L","img":"https://fd2-photos.leclercdrive.fr/image.ashx?id=2194418&use=l&cat=p&typeid=i","cat":284530},{"id":62238,"n":"Bière blonde Grimbergen Triple d'Abbaye -8° - 6x25cl","p":5.34,"u":"3,56 €/L","img":"https://fd2-photos.leclercdrive.fr/image.ashx?id=2317363&use=l&cat=p&typeid=i","cat":334852},{"id":62251,"n":"Soda au cola Pepsi Zéro sucres La bouteille de 1.5L","p":1.15,"u":"0,77 €/L","img":"https://fd2-photos.leclercdrive.fr/image.ashx?id=2683130&use=l&cat=p&typeid=i","cat":284530},{"id":62252,"n":"Soda 7UP Citron et citron vert - 1.5L","p":1.17,"u":"0,78 €/L","img":"https://fd2-photos.leclercdrive.fr/image.ashx?id=2748545&use=l&cat=p&typeid=i","cat":284531},{"id":62303,"n":"yaourt fruits bio les 2 vaches brassé framboise - 4x115g","p":1.9,"u":"4,13 €/KG","img":"https://fd2-photos.leclercdrive.fr/image.ashx?id=2571533&use=l&cat=p&typeid=i","cat":284410},{"id":62305,"n":"Yaourt nature Bio village Bio Sucre de canne - 4x125g","p":1.58,"u":"3,16 €/KG","img":"https://fd2-photos.leclercdrive.fr/image.ashx?id=1946889&use=l&cat=p&typeid=i","cat":284409},{"id":62333,"n":"Yaourt brassé Bio les 2 vaches Citron - 4x115g","p":1.88,"u":"4,09 €/KG","img":"https://fd2-photos.leclercdrive.fr/image.ashx?id=2571536&use=l&cat=p&typeid=i","cat":284410},{"id":62335,"n":"yaourt fruits bio les 2 vaches brassé myrtille - 4x115g","p":1.97,"u":"4,28 €/KG","img":"https://fd2-photos.leclercdrive.fr/image.ashx?id=2571530&use=l&cat=p&typeid=i","cat":284410},{"id":62340,"n":"Jus d'oranges pressées Andros 1.5L","p":4.17,"u":"2,78 €/L","img":"https://fd2-photos.leclercdrive.fr/image.ashx?id=2904272&use=l&cat=p&typeid=i","cat":285435},{"id":62357,"n":"Faisselle Rians Coulis framboise - 240g","p":1.93,"u":"8,04 €/KG","img":"https://fd2-photos.leclercdrive.fr/image.ashx?id=2522776&use=l&cat=p&typeid=i","cat":284410},{"id":62359,"n":"Jus d'oranges pressées  Sans pulpe Andros - 1.5L","p":4.16,"u":"2,77 €/L","img":"https://fd2-photos.leclercdrive.fr/image.ashx?id=2876104&use=l&cat=p&typeid=i","cat":285435},{"id":62417,"n":"Jus de pamplemousse rose pressé Andros - 1L","p":3.12,"u":"3,12 €/L","img":"https://fd2-photos.leclercdrive.fr/image.ashx?id=2928423&use=l&cat=p&typeid=i","cat":285435},{"id":62496,"n":"Biscuit bébé Blédina 12 mois Petit beurre - 133g","p":2.0,"u":"15,04 €/KG","img":"https://fd2-photos.leclercdrive.fr/image.ashx?id=2974288&use=l&cat=p&typeid=i","cat":312227},{"id":62497,"n":"Biscuit bébé Blédina 12 mois  Petit beurre pépites choco-133g","p":2.13,"u":"16,02 €/KG","img":"https://fd2-photos.leclercdrive.fr/image.ashx?id=2639344&use=l&cat=p&typeid=i","cat":312227},{"id":62567,"n":"Papier toilette Mimosa Humide x50","p":1.29,"u":"0,03 €/P","img":"https://fd2-photos.leclercdrive.fr/image.ashx?id=2823126&use=l&cat=p&typeid=i","cat":284634},{"id":62568,"n":"Papier toilette Mimosa Humide douceur x50","p":1.29,"u":"0,03 €/P","img":"https://fd2-photos.leclercdrive.fr/image.ashx?id=2064606&use=l&cat=p&typeid=i","cat":284634},{"id":62571,"n":"Soda à l'orange Orangina 1L","p":1.65,"u":"1,65 €/L","img":"https://fd2-photos.leclercdrive.fr/image.ashx?id=2668413&use=l&cat=p&typeid=i","cat":284532},{"id":62573,"n":"Tonic soda Sprink's Zero - 1.5L","p":0.89,"u":"0,59 €/L","img":"https://fd2-photos.leclercdrive.fr/image.ashx?id=2913745&use=l&cat=p&typeid=i","cat":284531},{"id":62574,"n":"Bière ambrée Grimbergen 6,5° - 6x25cl","p":5.76,"u":"3,84 €/L","img":"https://fd2-photos.leclercdrive.fr/image.ashx?id=2293483&use=l&cat=p&typeid=i","cat":334852},{"id":62575,"n":"Coton disque Inell Rond confort x70","p":0.61,"u":"0,01 €/P","img":"https://fd2-photos.leclercdrive.fr/image.ashx?id=2169171&use=l&cat=p&typeid=i","cat":285593},{"id":62576,"n":"Bière blanche Grimbergen 6° - 6x25cl","p":5.19,"u":"3,46 €/L","img":"https://fd2-photos.leclercdrive.fr/image.ashx?id=2294375&use=l&cat=p&typeid=i","cat":334878},{"id":62579,"n":"Bière blonde Leffe Triple 8,5% - 6x25cl","p":5.88,"u":"23,52 €/L","img":"https://fd2-photos.leclercdrive.fr/image.ashx?id=2548282&use=l&cat=p&typeid=i","cat":334852},{"id":62614,"n":"Pâte à tartiner Ovomaltine Crunchy - 360g","p":3.14,"u":"8,72 €/KG","img":"https://fd2-photos.leclercdrive.fr/image.ashx?id=2428645&use=l&cat=p&typeid=i","cat":284481},{"id":62619,"n":"Biscuits nappés Pépito Chocolat au lait - 2x192g","p":2.46,"u":"6,41 €/KG","img":"https://fd2-photos.leclercdrive.fr/image.ashx?id=2989444&use=l&cat=p&typeid=i","cat":284488},{"id":62635,"n":"Eponge Nicols Magique Magico - x3","p":1.58,"u":"0,53 €/P","img":"https://fd2-photos.leclercdrive.fr/image.ashx?id=2554424&use=l&cat=p&typeid=i","cat":284667},{"id":62668,"n":"Brosse à dents Sensodyne Extra souple x1","p":2.07,"pp":1.45,"img":"https://fd2-photos.leclercdrive.fr/image.ashx?id=2923633&use=l&cat=p&typeid=i","cat":284614},{"id":62678,"n":"Crème douche bio So Bio Etic Lait d'anesse - 650ml","p":5.49,"u":"8,45 €/L","img":"https://fd2-photos.leclercdrive.fr/image.ashx?id=2862515&use=l&cat=p&typeid=i","cat":284594},{"id":62682,"n":"Javel en gel Clair  Citron vert - 750ml","p":1.18,"u":"1,57 €/L","img":"https://fd2-photos.leclercdrive.fr/image.ashx?id=2843881&use=l&cat=p&typeid=i","cat":284661},{"id":62722,"n":"Biscuits fourrés Prince Chocolat lait - 300g","p":1.44,"u":"4,80 €/KG","img":"https://fd2-photos.leclercdrive.fr/image.ashx?id=2349070&use=l&cat=p&typeid=i","cat":284488},{"id":62723,"n":"Biscuits fourrés Prince Multi céréales - 293g","p":1.49,"u":"5,09 €/KG","img":"https://fd2-photos.leclercdrive.fr/image.ashx?id=2350993&use=l&cat=p&typeid=i","cat":284488},{"id":62724,"n":"Biscuits Double Crème Oreo Vanille - 157g","p":1.2,"u":"7,64 €/KG","img":"https://fd2-photos.leclercdrive.fr/image.ashx?id=2160198&use=l&cat=p&typeid=i","cat":284488},{"id":62726,"n":"Compote bio Bio Village Bocal pomme - 625g","p":2.07,"u":"3,31 €/KG","img":"https://fd2-photos.leclercdrive.fr/image.ashx?id=1948042&use=l&cat=p&typeid=i","cat":284508},{"id":62731,"n":"Abricots Douceur du Verger Sirop léger - 475 g","p":2.42,"u":"5,09 €/KG","img":"https://fd2-photos.leclercdrive.fr/image.ashx?id=2618235&use=l&cat=p&typeid=i","cat":284507},{"id":62733,"n":"Biscuits Choco Moo Milka Chocolat - 200g","p":1.67,"u":"8,35 €/KG","img":"https://fd2-photos.leclercdrive.fr/image.ashx?id=2990994&use=l&cat=p&typeid=i","cat":284488},{"id":62742,"n":"Gressins sésames bio Bio Village - 125g","p":1.52,"u":"12,16 €/KG","img":"https://fd2-photos.leclercdrive.fr/image.ashx?id=1944640&use=l&cat=p&typeid=i","cat":297000},{"id":62753,"n":"Noix de cajou Bio Village  Bio Grillées - 100g","p":2.1,"u":"21,00 €/KG","img":"https://fd2-photos.leclercdrive.fr/image.ashx?id=2664590&use=l&cat=p&typeid=i","cat":284448},{"id":63248,"n":"Biscuits fourrés Prince Maxi Chocolat - 2X250g","p":3.2,"u":"6,40 €/KG","img":"https://fd2-photos.leclercdrive.fr/image.ashx?id=2347308&use=l&cat=p&typeid=i","cat":284488},{"id":63284,"n":"AOP Champagne Canard Duchêne Charles VII Brut - 75cl","p":29.5,"pp":26.55,"u":"35,40 €/L","img":"https://fd2-photos.leclercdrive.fr/image.ashx?id=2174390&use=l&cat=p&typeid=i","cat":284542},{"id":63287,"n":"AOP Crémant de Bordeaux Malesan brut - 75cl","p":6.9,"pp":4.55,"u":"6,07 €/L","img":"https://fd2-photos.leclercdrive.fr/image.ashx?id=2497193&use=l&cat=p&typeid=i","cat":284545},{"id":63304,"n":"Pizza Crust Sodebo Classic Jambon Emmental - 600g","p":4.53,"u":"7,55 €/KG","img":"https://fd2-photos.leclercdrive.fr/image.ashx?id=3008254&use=l&cat=p&typeid=i","cat":333679},{"id":63306,"n":"Pizza Crust Sodebo Buffalo boeuf poivrons - 600g","p":5.41,"u":"9,02 €/KG","img":"https://fd2-photos.leclercdrive.fr/image.ashx?id=3011197&use=l&cat=p&typeid=i","cat":333679},{"id":63320,"n":"Rhum Vieux Agricole AOC  Martinique 40%vol - 70cl","p":20.3,"u":"29,00 €/L","img":"https://fd2-photos.leclercdrive.fr/image.ashx?id=2731075&use=l&cat=p&typeid=i","cat":284550},{"id":63496,"n":"Fromage crottin Rians Cendré - 2x60g","p":3.24,"u":"27,00 €/KG","img":"https://fd2-photos.leclercdrive.fr/image.ashx?id=2578103&use=l&cat=p&typeid=i","cat":314031},{"id":63520,"n":"Pizza crust Sodebo Cheesy 4 fromages - 580g","p":4.5,"u":"7,76 €/KG","img":"https://fd2-photos.leclercdrive.fr/image.ashx?id=2912098&use=l&cat=p&typeid=i","cat":333679},{"id":63521,"n":"Penne au saumon Marie Crème d'épinard - 280g","p":3.06,"u":"10,93 €/KG","img":"https://fd2-photos.leclercdrive.fr/image.ashx?id=2317519&use=l&cat=p&typeid=i","cat":333665},{"id":63622,"n":"Sandwich XXL Daunat Pain suédois - jambon/cheddar","p":2.54,"u":"11,04 €/KG","img":"https://fd2-photos.leclercdrive.fr/image.ashx?id=2857383&use=l&cat=p&typeid=i","cat":333658},{"id":63674,"n":"3 poivres Ducros Moulin - 34g","p":3.45,"u":"101,47 €/KG","img":"https://fd2-photos.leclercdrive.fr/image.ashx?id=2559460&use=l&cat=p&typeid=i","cat":284457},{"id":63676,"n":"Poivre blanc moulu Ducros 36g","p":3.22,"u":"89,44 €/KG","img":"https://fd2-photos.leclercdrive.fr/image.ashx?id=2203745&use=l&cat=p&typeid=i","cat":284457},{"id":63685,"n":"4 épices moulues Ducros 37g","p":1.72,"u":"46,49 €/KG","img":"https://fd2-photos.leclercdrive.fr/image.ashx?id=2983213&use=l&cat=p&typeid=i","cat":298297},{"id":63712,"n":"AOC Martinique Rhum blanc  Agricole HSE 40° - 1L","p":13.97,"u":"13,97 €/L","img":"https://fd2-photos.leclercdrive.fr/image.ashx?id=2902019&use=l&cat=p&typeid=i","cat":284550},{"id":63722,"n":"Liqueur Herbes Jagermeister 35° - 70cl","p":18.14,"u":"25,91 €/L","img":"https://fd2-photos.leclercdrive.fr/image.ashx?id=2474740&use=l&cat=p&typeid=i","cat":286032},{"id":63756,"n":"Pur jus Tropicana Orange Pure Premium Avec pulpe - 1L","p":1.87,"u":"1,87 €/L","img":"https://fd2-photos.leclercdrive.fr/image.ashx?id=2605668&use=l&cat=p&typeid=i","cat":284521},{"id":63762,"n":"Boisson aux fruits Oasis Tropical - 6x33cl","p":3.5,"u":"1,77 €/L","img":"https://fd2-photos.leclercdrive.fr/image.ashx?id=2900812&use=l&cat=p&typeid=i","cat":295018},{"id":63765,"n":"Boisson aux fruits Oasis Orange - 6x33cl","p":3.92,"u":"1,98 €/L","img":"https://fd2-photos.leclercdrive.fr/image.ashx?id=2681718&use=l&cat=p&typeid=i","cat":295018},{"id":63768,"n":"Boisson aux fruits Oasis Pomme Cassis Framboise - 6x33cl","p":3.56,"u":"1,80 €/L","img":"https://fd2-photos.leclercdrive.fr/image.ashx?id=3014449&use=l&cat=p&typeid=i","cat":295018},{"id":63794,"n":"Soda Schweppes Saveur Citron - 6x33cl","p":3.5,"u":"1,77 €/L","img":"https://fd2-photos.leclercdrive.fr/image.ashx?id=2852743&use=l&cat=p&typeid=i","cat":284532},{"id":63795,"n":"Soda Schweppes Indian Tonic - 6x33cl","p":3.56,"u":"1,80 €/L","img":"https://fd2-photos.leclercdrive.fr/image.ashx?id=2852423&use=l&cat=p&typeid=i","cat":284531},{"id":63797,"n":"Soda Schweppes Saveur Agrumes - 6x33cl","p":3.27,"u":"1,65 €/L","img":"https://fd2-photos.leclercdrive.fr/image.ashx?id=2852737&use=l&cat=p&typeid=i","cat":284532},{"id":63798,"n":"Soda Schweppes Saveur Agrumes Zero - 6x33cl","p":3.08,"u":"1,56 €/L","img":"https://fd2-photos.leclercdrive.fr/image.ashx?id=2852740&use=l&cat=p&typeid=i","cat":284532},{"id":63814,"n":"Pur jus Tropicana Orange Pure Premium avec pulpe - 2x1L","p":5.14,"u":"2,57 €/L","img":"https://fd2-photos.leclercdrive.fr/image.ashx?id=2592690&use=l&cat=p&typeid=i","cat":284521},{"id":63824,"n":"Soda Coca-Cola Zéro Sans caféine - 1.25L","p":1.51,"u":"1,21 €/L","img":"https://fd2-photos.leclercdrive.fr/image.ashx?id=3009059&use=l&cat=p&typeid=i","cat":284530},{"id":63837,"n":"Champignons Eco+ Pieds et morceaux - 230g","p":0.82,"u":"3,57 €/KG","img":"https://fd2-photos.leclercdrive.fr/image.ashx?id=3014335&use=l&cat=p&typeid=i","cat":312610},{"id":63847,"n":"Champagne A.Rothschild & Cie Rosé - 75cl","p":27.41,"u":"36,55 €/L","img":"https://fd2-photos.leclercdrive.fr/image.ashx?id=2628470&use=l&cat=p&typeid=i","cat":284542},{"id":63892,"n":"Capsules café L'Or Espresso Forza N°9 x10","p":3.13,"u":"60,19 €/KG","img":"https://fd2-photos.leclercdrive.fr/image.ashx?id=2393753&use=l&cat=p&typeid=i","cat":284749},{"id":63911,"n":"Chocolat caramel fl.de sel bio Grain de Sail -tablette 100g","p":3.2,"u":"32,00 €/KG","img":"https://fd2-photos.leclercdrive.fr/image.ashx?id=2400367&use=l&cat=p&typeid=i","cat":284497},{"id":63971,"n":"Escalope cordon bleu Père dodu Poulet x4 - 400g - Familial","p":4.1,"u":"10,25 €/KG","img":"https://fd2-photos.leclercdrive.fr/image.ashx?id=2957173&use=l&cat=p&typeid=i","cat":333683},{"id":63973,"n":"Cordon Bleu Père Dodu  Poulet x8 - 800g - Maxi Format","p":7.54,"u":"9,43 €/KG","img":"https://fd2-photos.leclercdrive.fr/image.ashx?id=2957176&use=l&cat=p&typeid=i","cat":333683},{"id":63990,"n":"Fromage Cantal jeune râpé NRT  AOP - 150g","p":2.39,"u":"15,93 €/KG","img":"https://fd2-photos.leclercdrive.fr/image.ashx?id=2494172&use=l&cat=p&typeid=i","cat":314035},{"id":63999,"n":"Nectar de Goyave NRT De Martinique - 1L","p":2.85,"u":"2,85 €/L","img":"https://fd2-photos.leclercdrive.fr/image.ashx?id=2849656&use=l&cat=p&typeid=i","cat":284916},{"id":64032,"n":"Pur jus d'orange Tropicana Sans pulpe - 2x1L","p":4.33,"u":"2,17 €/L","img":"https://fd2-photos.leclercdrive.fr/image.ashx?id=2605671&use=l&cat=p&typeid=i","cat":284521},{"id":64057,"n":"Bière Desperados Red 12x33cl","p":16.04,"u":"4,05 €/L","img":"https://fd2-photos.leclercdrive.fr/image.ashx?id=2651074&use=l&cat=p&typeid=i","cat":334878},{"id":64108,"n":"Fromage à Tartiner Carré Frais  Nature 8 Portions - 200g","p":2.01,"u":"10,05 €/KG","img":"https://fd2-photos.leclercdrive.fr/image.ashx?id=2452209&use=l&cat=p&typeid=i","cat":314029},{"id":64109,"n":"Fromage blanc Délisse 3.2%mg 12x100g","p":2.69,"u":"2,24 €/KG","img":"https://fd2-photos.leclercdrive.fr/image.ashx?id=3012848&use=l&cat=p&typeid=i","cat":284409},{"id":64132,"n":"Baume hydratant Cicabiafine 400 ml","p":15.3,"u":"38,25 €/L","img":"https://fd2-photos.leclercdrive.fr/image.ashx?id=2993418&use=l&cat=p&typeid=i","cat":290421},{"id":64133,"n":"Crème hydratante Cicabiafine 200 ml","p":12.99,"u":"64,95 €/L","img":"https://fd2-photos.leclercdrive.fr/image.ashx?id=2997034&use=l&cat=p&typeid=i","cat":290421},{"id":64135,"n":"Lait hydratant Cicabiafine 400 ml","p":14.15,"u":"35,38 €/L","img":"https://fd2-photos.leclercdrive.fr/image.ashx?id=2993424&use=l&cat=p&typeid=i","cat":290421},{"id":64139,"n":"Crème mains parfumée Neutrogena 2x50 ml","p":7.85,"u":"157,00 €/L","img":"https://fd2-photos.leclercdrive.fr/image.ashx?id=2928837&use=l&cat=p&typeid=i","cat":290424},{"id":64140,"n":"Crème mains Cicabiafine Réparation intense - 2x75 ml","p":8.99,"u":"59,93 €/L","img":"https://fd2-photos.leclercdrive.fr/image.ashx?id=2971128&use=l&cat=p&typeid=i","cat":290424},{"id":64141,"n":"Crème mains Neutrogena Absorption rapide - 2x75 ml","p":8.99,"u":"59,93 €/L","img":"https://fd2-photos.leclercdrive.fr/image.ashx?id=2023002&use=l&cat=p&typeid=i","cat":290424},{"id":64142,"n":"Crème mains Cicabiafine Réparation intense - 75 ml","p":5.5,"u":"73,33 €/L","img":"https://fd2-photos.leclercdrive.fr/image.ashx?id=2993421&use=l&cat=p&typeid=i","cat":290424},{"id":64143,"n":"Crème pieds Neutrogena Pieds secs et abimés - 150 ml","p":8.99,"u":"59,93 €/L","img":"https://fd2-photos.leclercdrive.fr/image.ashx?id=2750033&use=l&cat=p&typeid=i","cat":290424},{"id":64148,"n":"Pansements ampoules Compeed x5","p":6.68,"u":"1,34 €/P","img":"https://fd2-photos.leclercdrive.fr/image.ashx?id=2022996&use=l&cat=p&typeid=i","cat":291163},{"id":64149,"n":"Pansements ampoules Compeed Format moyen - x5","p":5.99,"u":"1,20 €/P","img":"https://fd2-photos.leclercdrive.fr/image.ashx?id=2432794&use=l&cat=p&typeid=i","cat":290424},{"id":64161,"n":"Nettoyant Lipikar Syndet AP  La Roche Posay - 400 ml","p":13.0,"u":"32,50 €/L","img":"https://fd2-photos.leclercdrive.fr/image.ashx?id=2404779&use=l&cat=p&typeid=i","cat":301591},{"id":64164,"n":"Déodorant bille Vichy Anti-transpirant x2","p":12.53,"u":"125,30 €/L","img":"https://fd2-photos.leclercdrive.fr/image.ashx?id=1971638&use=l&cat=p&typeid=i","cat":301593},{"id":64167,"n":"Déodorant Bille Vichy Contrôle extrême - 2x50ml","p":12.53,"u":"125,30 €/L","img":"https://fd2-photos.leclercdrive.fr/image.ashx?id=2087325&use=l&cat=p&typeid=i","cat":301593},{"id":64170,"n":"Surimi Petits Coraya Sauce mayonnaise  x21 - 210g","p":2.37,"u":"11,29 €/KG","img":"https://fd2-photos.leclercdrive.fr/image.ashx?id=2968880&use=l&cat=p&typeid=i","cat":285189},{"id":64174,"n":"Déodorant Physio La Roche Posay Aérosol - 24H - 2x150 ml","p":14.98,"u":"49,93 €/L","img":"https://fd2-photos.leclercdrive.fr/image.ashx?id=2087331&use=l&cat=p&typeid=i","cat":301593},{"id":64175,"n":"Déodorant aérosol Vichy Anti-transpirant - 2x125 ml","p":12.53,"u":"50,12 €/L","img":"https://fd2-photos.leclercdrive.fr/image.ashx?id=2148167&use=l&cat=p&typeid=i","cat":301593},{"id":64176,"n":"Toleriane La Roche Posay Dermo nettoyant - 400 ml","p":12.7,"u":"31,75 €/L","img":"https://fd2-photos.leclercdrive.fr/image.ashx?id=2864531&use=l&cat=p&typeid=i","cat":301587},{"id":64177,"n":"Eau micellaire La Roche Posay 400 ml","p":10.99,"u":"27,48 €/L","img":"https://fd2-photos.leclercdrive.fr/image.ashx?id=2863154&use=l&cat=p&typeid=i","cat":301587},{"id":64178,"n":"Gel moussant La Roche-Posay Purifiant - 400ml","p":11.8,"u":"29,50 €/L","img":"https://fd2-photos.leclercdrive.fr/image.ashx?id=2850557&use=l&cat=p&typeid=i","cat":301587},{"id":64179,"n":"Démaquillant 3en1 Vichy Pureté thermale - 300 ml","p":9.89,"u":"32,97 €/L","img":"https://fd2-photos.leclercdrive.fr/image.ashx?id=1971455&use=l&cat=p&typeid=i","cat":301587},{"id":64187,"n":"Capital soleil lait SPF50 Vichy 300 ml","p":16.9,"u":"56,33 €/L","img":"https://fd2-photos.leclercdrive.fr/image.ashx?id=1975616&use=l&cat=p&typeid=i","cat":290396},{"id":64191,"n":"Tomates cerises allongées Panier du Primeur - 250g","p":1.59,"u":"6,36 €/KG","img":"https://fd2-photos.leclercdrive.fr/image.ashx?id=2988099&use=l&cat=p&typeid=i","cat":284352},{"id":64194,"n":"Capital Soleil Vichy Lait après-soleil 300 ml","p":12.79,"u":"42,63 €/L","img":"https://fd2-photos.leclercdrive.fr/image.ashx?id=1971461&use=l&cat=p&typeid=i","cat":290394},{"id":64195,"n":"Eau thermale La Roche Posay Peaux sensibles - 300 ml","p":7.9,"u":"26,33 €/L","img":"https://fd2-photos.leclercdrive.fr/image.ashx?id=1971623&use=l&cat=p&typeid=i","cat":301247},{"id":64197,"n":"Détranspirant Etiaxil Peaux normales  -15 ml","p":7.48,"u":"498,67 €/L","img":"https://fd2-photos.leclercdrive.fr/image.ashx?id=2189522&use=l&cat=p&typeid=i","cat":301593},{"id":64199,"n":"Hydralin Gyn Soin intime 200 ml","p":6.99,"u":"34,95 €/L","img":"https://fd2-photos.leclercdrive.fr/image.ashx?id=2959082&use=l&cat=p&typeid=i","cat":301348},{"id":64200,"n":"Hydralin apaisa Soin intime 400 ml","p":10.09,"u":"25,23 €/L","img":"https://fd2-photos.leclercdrive.fr/image.ashx?id=2905730&use=l&cat=p&typeid=i","cat":301348},{"id":64201,"n":"Berocca Boost effervescent 30 comprimés","p":19.7,"u":"0,66 €/P","img":"https://fd2-photos.leclercdrive.fr/image.ashx?id=2861641&use=l&cat=p&typeid=i","cat":301264},{"id":64205,"n":"Dentifrice pâte Parodontax Protection gencives - 2x75ml","p":7.65,"img":"https://fd2-photos.leclercdrive.fr/image.ashx?id=2537078&use=l&cat=p&typeid=i","cat":290419},{"id":64207,"n":"Dentifrice gel Parodontax 2x75 ml","p":7.69,"u":"25,63 €/L","img":"https://fd2-photos.leclercdrive.fr/image.ashx?id=2536960&use=l&cat=p&typeid=i","cat":290419},{"id":64225,"n":"Eau thermale Uriage 300 ml","p":4.99,"u":"16,63 €/L","img":"https://fd2-photos.leclercdrive.fr/image.ashx?id=2944855&use=l&cat=p&typeid=i","cat":301247},{"id":64233,"n":"Gelules cheveux+ongles Forcapil 3 mois - 180 gel. + 60 offertes","p":22.49,"img":"https://fd2-photos.leclercdrive.fr/image.ashx?id=2881918&use=l&cat=p&typeid=i","cat":301266},{"id":64236,"n":"Tétine en silicone MAM x2 Débit 3 - dès 4 mois","p":5.29,"u":"2,65 €/P","img":"https://fd2-photos.leclercdrive.fr/image.ashx?id=2025404&use=l&cat=p&typeid=i","cat":290386},{"id":64237,"n":"Tétine en silicone MAM x2 Débit 2 - dès 2 mois","p":5.29,"u":"2,65 €/P","img":"https://fd2-photos.leclercdrive.fr/image.ashx?id=2025401&use=l&cat=p&typeid=i","cat":290386},{"id":64238,"n":"Tétine x2 silicone MAM Débit 1 - dès la naissance","p":5.29,"u":"2,65 €/P","img":"https://fd2-photos.leclercdrive.fr/image.ashx?id=2025398&use=l&cat=p&typeid=i","cat":290386},{"id":64248,"n":"Nettoyant doux Abcderm Bioderma 1 L","p":10.96,"u":"10,96 €/L","img":"https://fd2-photos.leclercdrive.fr/image.ashx?id=2956403&use=l&cat=p&typeid=i","cat":290425},{"id":64257,"n":"Sebium H2O Bioderma 2x500 ml","p":16.99,"u":"16,99 €/L","img":"https://fd2-photos.leclercdrive.fr/image.ashx?id=2572215&use=l&cat=p&typeid=i","cat":301587},{"id":64285,"n":"Huile d'amande douce Natessance Soin Bébé - 100 ml","p":4.9,"u":"49,00 €/L","img":"https://fd2-photos.leclercdrive.fr/image.ashx?id=2009726&use=l&cat=p&typeid=i","cat":290425},{"id":64292,"n":"Rêve de miel visage corps Nuxe Gel lavant surgras - 400ml","p":10.0,"u":"25,00 €/L","img":"https://fd2-photos.leclercdrive.fr/image.ashx?id=2651453&use=l&cat=p&typeid=i","cat":301591},{"id":64295,"n":"Prodigieux huile douche Nuxe  Parfumée - 200ml","p":5.89,"u":"29,45 €/L","img":"https://fd2-photos.leclercdrive.fr/image.ashx?id=2651477&use=l&cat=p&typeid=i","cat":301591},{"id":64300,"n":"Huile prodigieuse Nuxe  Visage, corps, cheveux - 100ml","p":21.5,"u":"215,00 €/L","img":"https://fd2-photos.leclercdrive.fr/image.ashx?id=2651483&use=l&cat=p&typeid=i","cat":290422},{"id":64306,"n":"Crème solaire visage corps Nuxe  Lait délicieux SPF30 - 150ml","p":15.72,"u":"104,80 €/L","img":"https://fd2-photos.leclercdrive.fr/image.ashx?id=2651474&use=l&cat=p&typeid=i","cat":290396},{"id":64307,"n":"Huile solaire visage corps Nuxe  Huile bronzante SPF30 - 150ml","p":15.98,"u":"106,53 €/L","img":"https://fd2-photos.leclercdrive.fr/image.ashx?id=2550550&use=l&cat=p&typeid=i","cat":290395},{"id":64308,"n":"Après-soleil visage corps Nuxe  Lait fraîcheur - 200ml","p":10.99,"u":"54,95 €/L","img":"https://fd2-photos.leclercdrive.fr/image.ashx?id=2651468&use=l&cat=p&typeid=i","cat":290394},{"id":64318,"n":"Talc douceur poudreur  100g","p":2.88,"u":"28,80 €/KG","img":"https://fd2-photos.leclercdrive.fr/image.ashx?id=2057188&use=l&cat=p&typeid=i","cat":290387},{"id":64333,"n":"Gel hydratant Puraloe 250 ml","p":10.99,"u":"43,96 €/L","img":"https://fd2-photos.leclercdrive.fr/image.ashx?id=2118324&use=l&cat=p&typeid=i","cat":291171},{"id":64341,"n":"Crème Bébé Klorane au Cold Cream - 125ml","p":9.47,"u":"75,76 €/L","img":"https://fd2-photos.leclercdrive.fr/image.ashx?id=2377307&use=l&cat=p&typeid=i","cat":290425},{"id":64362,"n":"Démaquillant yeux Avene 125 ml","p":11.59,"u":"92,72 €/L","img":"https://fd2-photos.leclercdrive.fr/image.ashx?id=2985141&use=l&cat=p&typeid=i","cat":301587},{"id":64381,"n":"Eau thermale Avène 300 ml","p":7.69,"u":"25,63 €/L","img":"https://fd2-photos.leclercdrive.fr/image.ashx?id=2788619&use=l&cat=p&typeid=i","cat":301247},{"id":64382,"n":"Brosse à dents Inava Souple 20/100","p":4.38,"img":"https://fd2-photos.leclercdrive.fr/image.ashx?id=2857470&use=l&cat=p&typeid=i","cat":290417},{"id":64383,"n":"Brosse à dents Inava Chirurgicale 15/100","p":4.38,"img":"https://fd2-photos.leclercdrive.fr/image.ashx?id=2373612&use=l&cat=p&typeid=i","cat":290417},{"id":64384,"n":"Brosse à dents Inava Sensibilité","p":4.3,"img":"https://fd2-photos.leclercdrive.fr/image.ashx?id=2446089&use=l&cat=p&typeid=i","cat":290417},{"id":64390,"n":"Brosse à dents kids Inava 2/6 ans - 1 pièce","p":3.29,"img":"https://fd2-photos.leclercdrive.fr/image.ashx?id=2377694&use=l&cat=p&typeid=i","cat":290418},{"id":64401,"n":"Spray assainissant Puressentiel 41 huiles essentielles - 200 ml","p":12.95,"u":"64,75 €/L","img":"https://fd2-photos.leclercdrive.fr/image.ashx?id=2988517&use=l&cat=p&typeid=i","cat":298633},{"id":64414,"n":"Bain de bouche Botot 150 ml","p":8.89,"u":"59,27 €/L","img":"https://fd2-photos.leclercdrive.fr/image.ashx?id=2378570&use=l&cat=p&typeid=i","cat":290416},{"id":64419,"n":"Crème change Weleda Soin bébé - 75 ml","p":6.49,"u":"86,53 €/L","img":"https://fd2-photos.leclercdrive.fr/image.ashx?id=2446977&use=l&cat=p&typeid=i","cat":290387},{"id":64420,"n":"Crème au calendula Weleda visage + corps - 75 ml","p":6.23,"u":"83,07 €/L","img":"https://fd2-photos.leclercdrive.fr/image.ashx?id=2505633&use=l&cat=p&typeid=i","cat":290421},{"id":64423,"n":"Savon végétal Weleda Au calendula - 100g","p":3.98,"u":"39,80 €/KG","img":"https://fd2-photos.leclercdrive.fr/image.ashx?id=2944849&use=l&cat=p&typeid=i","cat":301591},{"id":64637,"n":"Donuts de poulet Maître Coq Fromage fondu - 800g","p":6.18,"u":"7,73 €/KG","img":"https://fd2-photos.leclercdrive.fr/image.ashx?id=2939484&use=l&cat=p&typeid=i","cat":319780},{"id":64666,"n":"Gâteaux moelleux Kinder Délice Coeur lait enrobé Cacao - x10","p":3.32,"u":"8,51 €/KG","img":"https://fd2-photos.leclercdrive.fr/image.ashx?id=2832476&use=l&cat=p&typeid=i","cat":284495},{"id":64680,"n":"Soupe liquide Liebig Potiron Kiri Brique - 2x30cl","p":2.21,"u":"3,68 €/L","img":"https://fd2-photos.leclercdrive.fr/image.ashx?id=2892136&use=l&cat=p&typeid=i","cat":284462},{"id":64684,"n":"Soupe liquide brique Liebig  Légumes façon Poêlée - 2x30cl","p":2.12,"u":"3,53 €/L","img":"https://fd2-photos.leclercdrive.fr/image.ashx?id=2598073&use=l&cat=p&typeid=i","cat":284462},{"id":64685,"n":"Soupe liquide Liebig  Potiron - 2x30cl","p":1.95,"u":"3,25 €/L","img":"https://fd2-photos.leclercdrive.fr/image.ashx?id=2369915&use=l&cat=p&typeid=i","cat":284462},{"id":64686,"n":"Soupe liquide brique Liebig  Velouté légumes soleil - 2x30cl","p":1.73,"u":"2,88 €/L","img":"https://fd2-photos.leclercdrive.fr/image.ashx?id=2203382&use=l&cat=p&typeid=i","cat":284462},{"id":64692,"n":"Chocolat Pâtissier Nestlé Dessert - Noir corsé - 200g","p":3.21,"u":"16,05 €/KG","img":"https://fd2-photos.leclercdrive.fr/image.ashx?id=2889895&use=l&cat=p&typeid=i","cat":285562},{"id":64889,"n":"Végétal Nuggets Garden Gourmet Soja et Blé 200g","p":2.66,"u":"13,30 €/KG","img":"https://fd2-photos.leclercdrive.fr/image.ashx?id=2963967&use=l&cat=p&typeid=i","cat":316036},{"id":64890,"n":"Bouchée Grillée Garden Gourmet Soja et Blé 175g","p":2.88,"u":"16,46 €/KG","img":"https://fd2-photos.leclercdrive.fr/image.ashx?id=2971392&use=l&cat=p&typeid=i","cat":316036},{"id":64897,"n":"Tortellini à poêler Lustucru Jambon emmental - 300g","p":2.07,"u":"6,90 €/KG","img":"https://fd2-photos.leclercdrive.fr/image.ashx?id=2792393&use=l&cat=p&typeid=i","cat":333682},{"id":64964,"n":"Eau minérale gazeuse Quezac 6x1.15L","p":2.8,"u":"0,41 €/L","img":"https://fd2-photos.leclercdrive.fr/image.ashx?id=2975341&use=l&cat=p&typeid=i","cat":284536},{"id":64980,"n":"Parmentier de canard  Maison Tino - 750g","p":9.45,"u":"12,60 €/KG","img":"https://fd2-photos.leclercdrive.fr/image.ashx?id=2554656&use=l&cat=p&typeid=i","cat":333666},{"id":64983,"n":"Parmentier de boeuf Maison Tino -  750g","p":9.6,"u":"12,80 €/KG","img":"https://fd2-photos.leclercdrive.fr/image.ashx?id=2554650&use=l&cat=p&typeid=i","cat":333666},{"id":64984,"n":"Lasagne de Boeuf  Maison Tino - 900g","p":8.28,"u":"9,20 €/KG","img":"https://fd2-photos.leclercdrive.fr/image.ashx?id=2681829&use=l&cat=p&typeid=i","cat":333666},{"id":65013,"n":"AIRWICK Spray Désodorisant  Pure Rafraichissant - 250ml","p":3.47,"u":"13,88 €/L","img":"https://fd2-photos.leclercdrive.fr/image.ashx?id=2962011&use=l&cat=p&typeid=i","cat":311626},{"id":65044,"n":"Biscuits petit déjeuner Belvita Miel & pépites chocolat - 435g","p":2.68,"u":"6,16 €/KG","img":"https://fd2-photos.leclercdrive.fr/image.ashx?id=2989441&use=l&cat=p&typeid=i","cat":284491},{"id":65048,"n":"Barres céréales Grany Fraises framboises - 108g","p":1.91,"u":"17,69 €/KG","img":"https://fd2-photos.leclercdrive.fr/image.ashx?id=2834350&use=l&cat=p&typeid=i","cat":285869},{"id":65061,"n":"Eau aromatisée Volvic zest  citron vert citron - 1,5L","p":1.09,"u":"0,73 €/L","img":"https://fd2-photos.leclercdrive.fr/image.ashx?id=2730259&use=l&cat=p&typeid=i","cat":284537},{"id":65336,"n":"Café dosettes Tassimo L'Or Espresso Splendente x16","p":4.75,"u":"42,41 €/KG","img":"https://fd2-photos.leclercdrive.fr/image.ashx?id=2853404&use=l&cat=p&typeid=i","cat":293240},{"id":65341,"n":"Bonbons LUTTI Koala Guimauve Chocolat - 185g","p":1.53,"u":"8,27 €/KG","img":"https://fd2-photos.leclercdrive.fr/image.ashx?id=2806147&use=l&cat=p&typeid=i","cat":304250},{"id":65342,"n":"Bonbons LUTTI Surffizz Piquants Fruits - 200g","p":1.11,"u":"5,55 €/KG","img":"https://fd2-photos.leclercdrive.fr/image.ashx?id=2806144&use=l&cat=p&typeid=i","cat":304250},{"id":65366,"n":"Bière blonde Affligem Pack 6.7% vol. - 20x25cl","p":15.33,"u":"3,07 €/L","img":"https://fd2-photos.leclercdrive.fr/image.ashx?id=2774274&use=l&cat=p&typeid=i","cat":334852},{"id":65426,"n":"Olives dénoyautées Croc Frais Méditerranéenne - 500g","p":4.46,"u":"8,92 €/KG","img":"https://fd2-photos.leclercdrive.fr/image.ashx?id=2589416&use=l&cat=p&typeid=i","cat":316002},{"id":65822,"n":"Dentifrice Parodontax Fraicheur intense 2x75ml","p":8.2,"u":"54,67 €/L","img":"https://fd2-photos.leclercdrive.fr/image.ashx?id=2537237&use=l&cat=p&typeid=i","cat":290419},{"id":65837,"n":"Gel lavant bébé Natessance bio Naturel - 500ml","p":5.99,"u":"11,98 €/L","img":"https://fd2-photos.leclercdrive.fr/image.ashx?id=2734990&use=l&cat=p&typeid=i","cat":290425},{"id":65866,"n":"Eau micellaire La Roche Posay Peaux réactives - 400ml","p":9.94,"u":"24,85 €/L","img":"https://fd2-photos.leclercdrive.fr/image.ashx?id=2863157&use=l&cat=p&typeid=i","cat":301587},{"id":65873,"n":"Shampooing apaisant Bioderma 400ml","p":8.95,"u":"22,38 €/L","img":"https://fd2-photos.leclercdrive.fr/image.ashx?id=2956400&use=l&cat=p&typeid=i","cat":290400},{"id":65876,"n":"Shampooing Nodé K Bioderma 150ml","p":11.39,"u":"75,93 €/L","img":"https://fd2-photos.leclercdrive.fr/image.ashx?id=2086066&use=l&cat=p&typeid=i","cat":290400},{"id":65926,"n":"Guacamole Extra l'Atelier Blini 175g","p":3.46,"u":"19,77 €/KG","img":"https://fd2-photos.leclercdrive.fr/image.ashx?id=2852504&use=l&cat=p&typeid=i","cat":315999},{"id":65940,"n":"Galettes de sarrasin Catel Roc Blé noir - Bio - x4 250g","p":2.78,"u":"11,12 €/KG","img":"https://fd2-photos.leclercdrive.fr/image.ashx?id=2876635&use=l&cat=p&typeid=i","cat":333672},{"id":65950,"n":"Gel toilette intime Doulys 200ml","p":2.47,"u":"12,35 €/L","img":"https://fd2-photos.leclercdrive.fr/image.ashx?id=1703245&use=l&cat=p&typeid=i","cat":284627},{"id":65970,"n":"Crème légère fluide Bridélice 12%MG - 3x20cl","p":2.44,"u":"4,07 €/L","img":"https://fd2-photos.leclercdrive.fr/image.ashx?id=2904736&use=l&cat=p&typeid=i","cat":284381},{"id":66019,"n":"Crème mains Neutrogena  Parfumée - 50ml","p":4.4,"u":"88,00 €/L","img":"https://fd2-photos.leclercdrive.fr/image.ashx?id=2929074&use=l&cat=p&typeid=i","cat":290424},{"id":66021,"n":"Soin lavant Saforelle Doux - 500ml","p":8.99,"u":"17,98 €/L","img":"https://fd2-photos.leclercdrive.fr/image.ashx?id=2022057&use=l&cat=p&typeid=i","cat":301348},{"id":66024,"n":"Dermoliquide émulsion Saugella 500ml","p":8.23,"u":"16,46 €/L","img":"https://fd2-photos.leclercdrive.fr/image.ashx?id=2086135&use=l&cat=p&typeid=i","cat":301348},{"id":66028,"n":"Déodorant Physio La Roche Posay Aérosol - 24H - 150ml","p":7.98,"u":"53,20 €/L","img":"https://fd2-photos.leclercdrive.fr/image.ashx?id=2086057&use=l&cat=p&typeid=i","cat":301593},{"id":66029,"n":"Déodorant bille La Roche Posay Physiologique - 50ml","p":7.98,"u":"159,60 €/L","img":"https://fd2-photos.leclercdrive.fr/image.ashx?id=2128878&use=l&cat=p&typeid=i","cat":301593},{"id":66031,"n":"Déodorant bille Vichy Anti-transpirant - 50ml","p":7.39,"u":"147,80 €/L","img":"https://fd2-photos.leclercdrive.fr/image.ashx?id=1975613&use=l&cat=p&typeid=i","cat":301593},{"id":66032,"n":"Déodorant bille Vichy Anti-transpirant intensif -50ml","p":7.45,"u":"149,00 €/L","img":"https://fd2-photos.leclercdrive.fr/image.ashx?id=1971464&use=l&cat=p&typeid=i","cat":301593},{"id":66033,"n":"Déodorant Bille Vichy Homme - 50ml","p":7.39,"u":"147,80 €/L","img":"https://fd2-photos.leclercdrive.fr/image.ashx?id=2405563&use=l&cat=p&typeid=i","cat":301593},{"id":66034,"n":"Déodorant aérosol Vichy Anti-transpirant - 125 ml","p":7.39,"u":"59,12 €/L","img":"https://fd2-photos.leclercdrive.fr/image.ashx?id=1971446&use=l&cat=p&typeid=i","cat":301593},{"id":66076,"n":"Bière ambrée Bio Jade  4.5%vol - 6x25cl","p":5.69,"u":"3,79 €/L","img":"https://fd2-photos.leclercdrive.fr/image.ashx?id=2518154&use=l&cat=p&typeid=i","cat":334852},{"id":66218,"n":"Lait Lipikar La Roche Posay 400ml","p":13.72,"u":"34,30 €/L","img":"https://fd2-photos.leclercdrive.fr/image.ashx?id=2741484&use=l&cat=p&typeid=i","cat":290421},{"id":66245,"n":"Bougies d'anniversaire Vahiné Roses - blister de 16 bougies","p":1.35,"u":"0,08 €/P","img":"https://fd2-photos.leclercdrive.fr/image.ashx?id=1209488&use=l&cat=p&typeid=i","cat":284504},{"id":66266,"n":"Brioche tranchée Pasquier Tranches gourmandes - 450g","p":2.0,"u":"4,44 €/KG","img":"https://fd2-photos.leclercdrive.fr/image.ashx?id=2850940&use=l&cat=p&typeid=i","cat":284478},{"id":66284,"n":"Saucisson sec Saint-Azay 30 tranches - 100g","p":1.43,"u":"14,30 €/KG","img":"https://fd2-photos.leclercdrive.fr/image.ashx?id=2907213&use=l&cat=p&typeid=i","cat":316007},{"id":66293,"n":"Eau aromatisée Volvic juicy jus de fraise - 6x50cl","p":3.7,"u":"1,23 €/L","img":"https://fd2-photos.leclercdrive.fr/image.ashx?id=2961996&use=l&cat=p&typeid=i","cat":284537},{"id":66356,"n":"Café Soluble Nescafé  Cappuccino Classique - 280g","p":4.44,"u":"15,86 €/KG","img":"https://fd2-photos.leclercdrive.fr/image.ashx?id=2918044&use=l&cat=p&typeid=i","cat":284843},{"id":66366,"n":"Déodorant compressé Sanex  Zéro % Extra control - 100ml","p":3.28,"u":"32,80 €/L","img":"https://fd2-photos.leclercdrive.fr/image.ashx?id=2664274&use=l&cat=p&typeid=i","cat":284618},{"id":66368,"n":"Déodorant sanex zéro % spray  compressé peau sensible - 100ml","p":3.56,"u":"35,60 €/L","img":"https://fd2-photos.leclercdrive.fr/image.ashx?id=2692851&use=l&cat=p&typeid=i","cat":284618},{"id":66417,"n":"Biscuits Mikado LU Chocolat au lait - 300g","p":4.91,"u":"16,37 €/KG","img":"https://fd2-photos.leclercdrive.fr/image.ashx?id=2347284&use=l&cat=p&typeid=i","cat":284488},{"id":66418,"n":"Biscuits Oreo Vanille - 220g","p":1.84,"u":"8,36 €/KG","img":"https://fd2-photos.leclercdrive.fr/image.ashx?id=2324285&use=l&cat=p&typeid=i","cat":284488},{"id":66555,"n":"Café moulu Bio Village Bio Ethiopie - 250g","p":4.35,"u":"17,40 €/KG","img":"https://fd2-photos.leclercdrive.fr/image.ashx?id=2468876&use=l&cat=p&typeid=i","cat":284750},{"id":66570,"n":"Glace Extrême Nestle Vanille chocolat - 544g","p":4.98,"u":"498,00 €/L","img":"https://fd2-photos.leclercdrive.fr/image.ashx?id=2375403&use=l&cat=p&typeid=i","cat":284264},{"id":66651,"n":"Doonuts nappés St Michel 180g","p":1.68,"u":"9,33 €/KG","img":"https://fd2-photos.leclercdrive.fr/image.ashx?id=2928495&use=l&cat=p&typeid=i","cat":284495},{"id":66739,"n":"Petits Pots  - P'tite Recette  Paëlla - dès 12 mois - 2x200g","p":2.3,"u":"5,75 €/KG","img":"https://fd2-photos.leclercdrive.fr/image.ashx?id=2525693&use=l&cat=p&typeid=i","cat":312237},{"id":66746,"n":"Tomme de brebis Lou Pérac Fromage de brebis - 200g","p":3.83,"u":"19,15 €/KG","img":"https://fd2-photos.leclercdrive.fr/image.ashx?id=2758840&use=l&cat=p&typeid=i","cat":329184},{"id":66747,"n":"Ma Crème anglaise Bridélice UHT - 50cl","p":1.84,"u":"3,68 €/L","img":"https://fd2-photos.leclercdrive.fr/image.ashx?id=2643086&use=l&cat=p&typeid=i","cat":284382},{"id":66751,"n":"Boisson à l'amande Végé 1L Végé - 200g","p":1.85,"u":"1,85 €/L","img":"https://fd2-photos.leclercdrive.fr/image.ashx?id=2874699&use=l&cat=p&typeid=i","cat":316067},{"id":66761,"n":"Mini gratins Côté Table Légumes du soleil - 400g","p":3.69,"u":"9,23 €/KG","img":"https://fd2-photos.leclercdrive.fr/image.ashx?id=2196823&use=l&cat=p&typeid=i","cat":319802},{"id":66803,"n":"Biscuits Nutella B-ready Cacao noisettes - 330g","p":3.94,"u":"11,94 €/KG","img":"https://fd2-photos.leclercdrive.fr/image.ashx?id=2770599&use=l&cat=p&typeid=i","cat":284488},{"id":66804,"n":"Biscuits Nutella B-ready Cacao Noisettes - 220g","p":2.81,"u":"12,77 €/KG","img":"https://fd2-photos.leclercdrive.fr/image.ashx?id=2630784&use=l&cat=p&typeid=i","cat":284488},{"id":66811,"n":"Tablette de chocolat Côte d'Or Lait Noisettes - 2x180g","p":6.72,"u":"18,67 €/KG","img":"https://fd2-photos.leclercdrive.fr/image.ashx?id=2850231&use=l&cat=p&typeid=i","cat":284497},{"id":66823,"n":"Biscuits petit déjeuner Belvita Miel & pépites chocolat - 650g","p":3.71,"u":"5,71 €/KG","img":"https://fd2-photos.leclercdrive.fr/image.ashx?id=2345487&use=l&cat=p&typeid=i","cat":284491},{"id":66834,"n":"Gel coiffant Vitanove Fixation extrême - 250ml","p":1.62,"u":"6,48 €/L","img":"https://fd2-photos.leclercdrive.fr/image.ashx?id=2824704&use=l&cat=p&typeid=i","cat":284609},{"id":66843,"n":"Bandes de cire froide Siliss Visage - x32","p":2.19,"u":"0,07 €/P","img":"https://fd2-photos.leclercdrive.fr/image.ashx?id=2699708&use=l&cat=p&typeid=i","cat":325351},{"id":66849,"n":"Dessert bébé lacté Blédina 6m Banane - 6x55g","p":1.99,"u":"6,03 €/KG","img":"https://fd2-photos.leclercdrive.fr/image.ashx?id=2952454&use=l&cat=p&typeid=i","cat":312392},{"id":66965,"n":"Matière grasse Primevere Oméga 3 - 55% - 500g","p":2.85,"u":"5,70 €/KG","img":"https://fd2-photos.leclercdrive.fr/image.ashx?id=2939328&use=l&cat=p&typeid=i","cat":315229},{"id":66967,"n":"Matière grasse Primevere 63%MG - oméga 3 - 500g","p":3.1,"u":"6,20 €/KG","img":"https://fd2-photos.leclercdrive.fr/image.ashx?id=2936044&use=l&cat=p&typeid=i","cat":315229},{"id":66968,"n":"Beurre tendre Président Doux - 82% MG - 250g","p":3.13,"u":"12,52 €/KG","img":"https://fd2-photos.leclercdrive.fr/image.ashx?id=2811944&use=l&cat=p&typeid=i","cat":284379},{"id":66974,"n":"Quart de jambon sec Saint Azay 18 tranches - 220g","p":2.84,"u":"12,91 €/KG","img":"https://fd2-photos.leclercdrive.fr/image.ashx?id=2874386&use=l&cat=p&typeid=i","cat":316007},{"id":66982,"n":"Truite eau douce Ronde des Mers x4 tranches - 100g","p":3.24,"u":"32,40 €/KG","img":"https://fd2-photos.leclercdrive.fr/image.ashx?id=2981882&use=l&cat=p&typeid=i","cat":285188},{"id":66985,"n":"Roulés au fromage Côté Table x2 - 260g","p":2.32,"u":"8,92 €/KG","img":"https://fd2-photos.leclercdrive.fr/image.ashx?id=2794838&use=l&cat=p&typeid=i","cat":333671},{"id":66989,"n":"Yaourt bifidus Activia céréales noix - 4x120g","p":2.01,"u":"4,19 €/KG","img":"https://fd2-photos.leclercdrive.fr/image.ashx?id=2901623&use=l&cat=p&typeid=i","cat":315000},{"id":66990,"n":"Yaourt bifidus Activia céréales muesli - 4x120g","p":1.96,"u":"4,08 €/KG","img":"https://fd2-photos.leclercdrive.fr/image.ashx?id=2901620&use=l&cat=p&typeid=i","cat":315000},{"id":67059,"n":"Pizza Bambino à cuire 572g","p":6.2,"u":"10,84 €/KG","img":"https://fd2-photos.leclercdrive.fr/image.ashx?id=816116&use=l&cat=p&typeid=i","cat":333679},{"id":67061,"n":"Pizza Regina à cuire 670g","p":6.9,"u":"10,30 €/KG","img":"https://fd2-photos.leclercdrive.fr/image.ashx?id=941039&use=l&cat=p&typeid=i","cat":333679},{"id":67090,"n":"Soupe Doux Plaisir Liebig  Légumes et kiri - 1L","p":2.4,"u":"2,40 €/L","img":"https://fd2-photos.leclercdrive.fr/image.ashx?id=2186706&use=l&cat=p&typeid=i","cat":284462},{"id":67143,"n":"Quatro de graines Daco Bello Grillées - Non salées - 175g","p":4.23,"u":"24,17 €/KG","img":"https://fd2-photos.leclercdrive.fr/image.ashx?id=2298544&use=l&cat=p&typeid=i","cat":284357},{"id":67151,"n":"Croustilles Belin Cacahuète - 4x138g","p":4.25,"u":"7,70 €/KG","img":"https://fd2-photos.leclercdrive.fr/image.ashx?id=2940477&use=l&cat=p&typeid=i","cat":284449},{"id":67152,"n":"Tablette de chocolat noir Lindt Zestes de citron vert - 2x100g","p":4.48,"u":"22,40 €/KG","img":"https://fd2-photos.leclercdrive.fr/image.ashx?id=2230887&use=l&cat=p&typeid=i","cat":284956},{"id":67153,"n":"Tablette de chocolat noir Lindt Noir : 70% cacao - 2x100g","p":4.44,"u":"22,20 €/KG","img":"https://fd2-photos.leclercdrive.fr/image.ashx?id=2153267&use=l&cat=p&typeid=i","cat":284956},{"id":67154,"n":"Tablette de chocolat noir Lindt Noir 85% cacao - 2x100g","p":4.44,"u":"22,20 €/KG","img":"https://fd2-photos.leclercdrive.fr/image.ashx?id=2153270&use=l&cat=p&typeid=i","cat":284956},{"id":67155,"n":"Tablette de chocolat noir Lindt Orange intense - 2x100g","p":4.44,"u":"22,20 €/KG","img":"https://fd2-photos.leclercdrive.fr/image.ashx?id=2153273&use=l&cat=p&typeid=i","cat":284956},{"id":67156,"n":"Tablette de chocolat noir Lindt Caramel Pointe de sel - 2x100g","p":4.44,"u":"22,20 €/KG","img":"https://fd2-photos.leclercdrive.fr/image.ashx?id=2153276&use=l&cat=p&typeid=i","cat":284956},{"id":67168,"n":"Yaourt à boire Actimel fruits pêche gelée royale - 12x100g","p":4.93,"u":"4,11 €/KG","img":"https://fd2-photos.leclercdrive.fr/image.ashx?id=2996473&use=l&cat=p&typeid=i","cat":284415},{"id":67305,"n":"Cordon de poulet Maître Coq A la Normande - 800g","p":5.95,"u":"7,44 €/KG","img":"https://fd2-photos.leclercdrive.fr/image.ashx?id=2426935&use=l&cat=p&typeid=i","cat":333683},{"id":67378,"n":"Sirop Eco+ Grenadine - 1L","p":1.71,"u":"1,71 €/L","img":"https://fd2-photos.leclercdrive.fr/image.ashx?id=2901419&use=l&cat=p&typeid=i","cat":295020},{"id":67393,"n":"Beurre gastronomique Président Doux - 82% MG - 250g","p":2.74,"u":"10,96 €/KG","img":"https://fd2-photos.leclercdrive.fr/image.ashx?id=3011104&use=l&cat=p&typeid=i","cat":284379},{"id":67460,"n":"Champignons Pieds morceaux - 460g","p":1.42,"u":"3,09 €/KG","img":"https://fd2-photos.leclercdrive.fr/image.ashx?id=3014338&use=l&cat=p&typeid=i","cat":312610},{"id":67522,"n":"Chili con carne Côté Table Au piment de Cayenne - 400g","p":1.65,"u":"4,13 €/KG","img":"https://fd2-photos.leclercdrive.fr/image.ashx?id=2977174&use=l&cat=p&typeid=i","cat":325094},{"id":67568,"n":"Curry moulu Rustica 42g","p":0.55,"u":"13,10 €/KG","img":"https://fd2-photos.leclercdrive.fr/image.ashx?id=2772975&use=l&cat=p&typeid=i","cat":298297},{"id":67570,"n":"Poivre noir moulu Rustica Indonésie - 38g","p":0.81,"u":"21,32 €/KG","img":"https://fd2-photos.leclercdrive.fr/image.ashx?id=2797793&use=l&cat=p&typeid=i","cat":284457},{"id":67571,"n":"Poivre noir Rustica Moulin - 28g","p":1.22,"u":"43,57 €/KG","img":"https://fd2-photos.leclercdrive.fr/image.ashx?id=2932674&use=l&cat=p&typeid=i","cat":284457},{"id":67572,"n":"Ciboulette Rustica 4g","p":0.43,"u":"107,50 €/KG","img":"https://fd2-photos.leclercdrive.fr/image.ashx?id=2772990&use=l&cat=p&typeid=i","cat":298297},{"id":67575,"n":"Saucisse fumée de Savoie Socopa Façon charcutière x4 - 320g","p":3.77,"u":"11,78 €/KG","img":"https://fd2-photos.leclercdrive.fr/image.ashx?id=2264686&use=l&cat=p&typeid=i","cat":284334},{"id":67651,"n":"Poivre Noir moulu Bio Village Bio  - 38g","p":1.99,"u":"52,37 €/KG","img":"https://fd2-photos.leclercdrive.fr/image.ashx?id=2706538&use=l&cat=p&typeid=i","cat":284457},{"id":67653,"n":"Gingembre moulu Rustica 27g","p":1.19,"u":"44,07 €/KG","img":"https://fd2-photos.leclercdrive.fr/image.ashx?id=2797796&use=l&cat=p&typeid=i","cat":298297},{"id":67654,"n":"Ail semoule Bio Village Bio 56g","p":1.99,"u":"35,54 €/KG","img":"https://fd2-photos.leclercdrive.fr/image.ashx?id=2991461&use=l&cat=p&typeid=i","cat":298297},{"id":67667,"n":"Purée de tomate Panzani Tomacouli nature - 500g","p":0.92,"u":"1,84 €/KG","img":"https://fd2-photos.leclercdrive.fr/image.ashx?id=2979623&use=l&cat=p&typeid=i","cat":288384},{"id":67678,"n":"Curcuma moulu Rustica 37g","p":0.66,"u":"17,84 €/KG","img":"https://fd2-photos.leclercdrive.fr/image.ashx?id=2772981&use=l&cat=p&typeid=i","cat":298297},{"id":67680,"n":"Herbes de provence Rustica 120g","p":2.6,"u":"21,67 €/KG","img":"https://fd2-photos.leclercdrive.fr/image.ashx?id=2907228&use=l&cat=p&typeid=i","cat":298297},{"id":67681,"n":"Herbes de Provence Rustica 18g","p":0.41,"u":"22,78 €/KG","img":"https://fd2-photos.leclercdrive.fr/image.ashx?id=2772972&use=l&cat=p&typeid=i","cat":298297},{"id":67682,"n":"Noix de Muscade Rustica Moulue - 32g","p":1.36,"u":"42,50 €/KG","img":"https://fd2-photos.leclercdrive.fr/image.ashx?id=2772996&use=l&cat=p&typeid=i","cat":298297},{"id":67683,"n":"Persillade Rustica 95g","p":1.74,"u":"18,32 €/KG","img":"https://fd2-photos.leclercdrive.fr/image.ashx?id=2932668&use=l&cat=p&typeid=i","cat":298297},{"id":67712,"n":"Yaourts nature Délisse Au lait chèvre - 4x125g","p":1.84,"u":"3,68 €/KG","img":"https://fd2-photos.leclercdrive.fr/image.ashx?id=1231988&use=l&cat=p&typeid=i","cat":314998},{"id":67807,"n":"Nettoyant spray Clair Javel - Cuisine - 750ml","p":1.73,"u":"2,31 €/L","img":"https://fd2-photos.leclercdrive.fr/image.ashx?id=2840479&use=l&cat=p&typeid=i","cat":325357},{"id":67875,"n":"The Pik Box Haribo Boîte bonbons acidulés - 550g","p":4.56,"u":"8,29 €/KG","img":"https://fd2-photos.leclercdrive.fr/image.ashx?id=2805219&use=l&cat=p&typeid=i","cat":304250},{"id":67885,"n":"Crème fraîche épaisse Président Entière 30%mg - 45cl","p":2.23,"u":"4,96 €/L","img":"https://fd2-photos.leclercdrive.fr/image.ashx?id=2971948&use=l&cat=p&typeid=i","cat":284381},{"id":67915,"n":"Baby carottes Florette 250g","p":2.27,"u":"9,08 €/KG","img":"https://fd2-photos.leclercdrive.fr/image.ashx?id=2786492&use=l&cat=p&typeid=i","cat":284352},{"id":68009,"n":"Yaourt Enfant Petits Filous Fruits Mixés Panaché - 18x50g","p":2.69,"u":"2,99 €/KG","img":"https://fd2-photos.leclercdrive.fr/image.ashx?id=2767362&use=l&cat=p&typeid=i","cat":284414},{"id":68010,"n":"Crème dessert Bio Les 2 vaches Vanille - 4x95g","p":1.74,"u":"4,58 €/KG","img":"https://fd2-photos.leclercdrive.fr/image.ashx?id=2774015&use=l&cat=p&typeid=i","cat":285041},{"id":68011,"n":"Crème dessert Bio Les 2 vaches Caramel - 4x95g","p":1.74,"u":"4,58 €/KG","img":"https://fd2-photos.leclercdrive.fr/image.ashx?id=2774097&use=l&cat=p&typeid=i","cat":285041},{"id":68012,"n":"Crème dessert Bio Les 2 vaches Chocolat - 4x95g","p":1.74,"u":"4,58 €/KG","img":"https://fd2-photos.leclercdrive.fr/image.ashx?id=2774100&use=l&cat=p&typeid=i","cat":285041},{"id":68087,"n":"Ananas Douceur du Verger Tranches brisées -  340g","p":1.59,"u":"4,68 €/KG","img":"https://fd2-photos.leclercdrive.fr/image.ashx?id=2485086&use=l&cat=p&typeid=i","cat":284507},{"id":68088,"n":"Cannelle Rustica 39g","p":0.88,"u":"22,56 €/KG","img":"https://fd2-photos.leclercdrive.fr/image.ashx?id=2772960&use=l&cat=p&typeid=i","cat":298297},{"id":68090,"n":"Champignons Bio Village Bio Emincés - 170g","p":2.25,"u":"13,24 €/KG","img":"https://fd2-photos.leclercdrive.fr/image.ashx?id=2049094&use=l&cat=p&typeid=i","cat":312610},{"id":68093,"n":"Champignons Paris Notre Jardin Entiers - 2x115g","p":1.85,"u":"8,04 €/KG","img":"https://fd2-photos.leclercdrive.fr/image.ashx?id=2991139&use=l&cat=p&typeid=i","cat":312610},{"id":68158,"n":"Lardons fumés 1kg","p":5.5,"u":"5,50 €/KG","img":"https://fd2-photos.leclercdrive.fr/image.ashx?id=1227792&use=l&cat=p&typeid=i","cat":316011},{"id":68178,"n":"Jambon nature Grill Petitgas -25% de sel - x4 - 320g","p":4.82,"u":"15,06 €/KG","img":"https://fd2-photos.leclercdrive.fr/image.ashx?id=2179992&use=l&cat=p&typeid=i","cat":316009},{"id":68214,"n":"Biscuits Petits Cœurs LU Chocolat - 125g","p":1.12,"u":"8,96 €/KG","img":"https://fd2-photos.leclercdrive.fr/image.ashx?id=3002021&use=l&cat=p&typeid=i","cat":284488},{"id":68215,"n":"Biscuits Kango LU Chocolat - 225g","p":2.01,"u":"8,93 €/KG","img":"https://fd2-photos.leclercdrive.fr/image.ashx?id=2941508&use=l&cat=p&typeid=i","cat":284488},{"id":68217,"n":"Biscuits Croc Sablé Pépito  Chocolat - 294g","p":1.17,"u":"3,98 €/KG","img":"https://fd2-photos.leclercdrive.fr/image.ashx?id=2347254&use=l&cat=p&typeid=i","cat":284488},{"id":68278,"n":"Recharge gel lavant Manava Hypoallergénique - 250ml","p":0.66,"u":"2,64 €/L","img":"https://fd2-photos.leclercdrive.fr/image.ashx?id=2935537&use=l&cat=p&typeid=i","cat":284597},{"id":68355,"n":"Compote pomme poire Bio Bio Village - 4x100g","p":1.99,"u":"4,98 €/KG","img":"https://fd2-photos.leclercdrive.fr/image.ashx?id=2454638&use=l&cat=p&typeid=i","cat":284416},{"id":68399,"n":"Poisson pané Double délice   Findus x8 - 600g","p":5.49,"u":"9,15 €/KG","img":"https://fd2-photos.leclercdrive.fr/image.ashx?id=2679594&use=l&cat=p&typeid=i","cat":319788},{"id":68432,"n":"Gel WC Syphon Activ'Effect Fraîcheur pin - 750ml","p":0.74,"u":"0,99 €/L","img":"https://fd2-photos.leclercdrive.fr/image.ashx?id=2388382&use=l&cat=p&typeid=i","cat":284662},{"id":68445,"n":"Recharge crème lavante Manava Framboise pivoine - 250ml","p":0.57,"u":"2,28 €/L","img":"https://fd2-photos.leclercdrive.fr/image.ashx?id=2935510&use=l&cat=p&typeid=i","cat":284597},{"id":68451,"n":"Lingettes Inell Rafraichissantes - x10","p":1.08,"u":"0,11 €/P","img":"https://fd2-photos.leclercdrive.fr/image.ashx?id=2658132&use=l&cat=p&typeid=i","cat":284603},{"id":68453,"n":"Gel lavant Manava Hypoallergénique - 300ml","p":1.05,"u":"3,50 €/L","img":"https://fd2-photos.leclercdrive.fr/image.ashx?id=2935528&use=l&cat=p&typeid=i","cat":284597},{"id":68490,"n":"Essuie-tout Okay N°1 Original x3 rouleaux","p":2.24,"u":"0,75 €/P","img":"https://fd2-photos.leclercdrive.fr/image.ashx?id=3000851&use=l&cat=p&typeid=i","cat":284635},{"id":68504,"n":"AOC Jurançon  Domaine Laguilhon - 75cl","p":8.75,"u":"11,67 €/L","img":"https://fd2-photos.leclercdrive.fr/image.ashx?id=2855223&use=l&cat=p&typeid=i","cat":289557},{"id":68635,"n":"Sacs Poubelle 30L Alfapac Imprimés Frimoussac - x15","p":3.69,"u":"0,25 €/P","img":"https://fd2-photos.leclercdrive.fr/image.ashx?id=1602290&use=l&cat=p&typeid=i","cat":285168},{"id":68735,"n":"Thé vert Bio Clipper Détox - 20 sachets - 40g","p":2.16,"u":"54,00 €/KG","img":"https://fd2-photos.leclercdrive.fr/image.ashx?id=2922098&use=l&cat=p&typeid=i","cat":293233},{"id":68736,"n":"Thé vert Bio Clipper 20 sachets - 35g","p":2.16,"u":"61,71 €/KG","img":"https://fd2-photos.leclercdrive.fr/image.ashx?id=2912548&use=l&cat=p&typeid=i","cat":293233},{"id":68737,"n":"Crème de coco légère Bio Bjorg  20cl","p":1.51,"u":"7,55 €/L","img":"https://fd2-photos.leclercdrive.fr/image.ashx?id=2936386&use=l&cat=p&typeid=i","cat":288992},{"id":68824,"n":"Coton maxi carré Inell Aloé Vera - x50","p":1.75,"u":"0,04 €/P","img":"https://fd2-photos.leclercdrive.fr/image.ashx?id=1959190&use=l&cat=p&typeid=i","cat":284636},{"id":68861,"n":"Miel Bio Village Bio crémeux de fleurs - 500g","p":4.99,"u":"9,98 €/KG","img":"https://fd2-photos.leclercdrive.fr/image.ashx?id=2564219&use=l&cat=p&typeid=i","cat":287643},{"id":68862,"n":"Pâte à tartiner Nustikao 600g","p":2.73,"u":"4,55 €/KG","img":"https://fd2-photos.leclercdrive.fr/image.ashx?id=2814869&use=l&cat=p&typeid=i","cat":284481},{"id":68863,"n":"Compote Douceur du Verger Gourdes Pomme - 12x90g","p":2.95,"u":"2,73 €/KG","img":"https://fd2-photos.leclercdrive.fr/image.ashx?id=2317276&use=l&cat=p&typeid=i","cat":284508},{"id":68865,"n":"Compote Douceur du Verger Bocal pomme vanille - 710g","p":1.57,"u":"2,21 €/KG","img":"https://fd2-photos.leclercdrive.fr/image.ashx?id=2215951&use=l&cat=p&typeid=i","cat":284508},{"id":68866,"n":"Compote Douceur du Verger Bocal pomme - 710g","p":1.27,"u":"1,79 €/KG","img":"https://fd2-photos.leclercdrive.fr/image.ashx?id=2663536&use=l&cat=p&typeid=i","cat":284508},{"id":68870,"n":"Pistaches Bio Village Grillées salées bio - 100g","p":2.6,"u":"26,00 €/KG","img":"https://fd2-photos.leclercdrive.fr/image.ashx?id=2615789&use=l&cat=p&typeid=i","cat":284448},{"id":68882,"n":"Compote bio Bio Village Coupelle pomme - 8x100g","p":2.89,"u":"3,61 €/KG","img":"https://fd2-photos.leclercdrive.fr/image.ashx?id=1947749&use=l&cat=p&typeid=i","cat":284508},{"id":68930,"n":"Soupe liquide bio Knorr Légumes potager à la crème - 1L","p":3.36,"u":"3,36 €/L","img":"https://fd2-photos.leclercdrive.fr/image.ashx?id=2312572&use=l&cat=p&typeid=i","cat":284462},{"id":68951,"n":"Crème dessert La Laitière  Velours de crème caramel 4x85g","p":1.99,"u":"5,85 €/KG","img":"https://fd2-photos.leclercdrive.fr/image.ashx?id=3007930&use=l&cat=p&typeid=i","cat":285041},{"id":68952,"n":"Crème dessert La Laitière Velours de crème chocolat 4x85g","p":2.19,"u":"6,44 €/KG","img":"https://fd2-photos.leclercdrive.fr/image.ashx?id=2633824&use=l&cat=p&typeid=i","cat":285041},{"id":68953,"n":"Crème dessert La Laitière Chocolat Caramel - 4x85g","p":2.19,"u":"6,44 €/KG","img":"https://fd2-photos.leclercdrive.fr/image.ashx?id=2633827&use=l&cat=p&typeid=i","cat":285041},{"id":68986,"n":"Lait d'amande Bio Village Sans sucre bio - 1L","p":1.41,"u":"1,41 €/L","img":"https://fd2-photos.leclercdrive.fr/image.ashx?id=2499109&use=l&cat=p&typeid=i","cat":316067},{"id":68996,"n":"Crackers bio Bio Village Emmental courge - 200g","p":2.69,"u":"13,45 €/KG","img":"https://fd2-photos.leclercdrive.fr/image.ashx?id=2310507&use=l&cat=p&typeid=i","cat":297000},{"id":69006,"n":"Tomates séchées Rustica Bocal - 280g","p":2.5,"u":"8,93 €/KG","img":"https://fd2-photos.leclercdrive.fr/image.ashx?id=2539457&use=l&cat=p&typeid=i","cat":284458},{"id":69061,"n":"Yaourt nature Danone 4x125g","p":0.92,"u":"1,84 €/KG","img":"https://fd2-photos.leclercdrive.fr/image.ashx?id=2911184&use=l&cat=p&typeid=i","cat":284409},{"id":69062,"n":"Yaourt nature Danone 12x125g","p":2.75,"u":"1,83 €/KG","img":"https://fd2-photos.leclercdrive.fr/image.ashx?id=2915688&use=l&cat=p&typeid=i","cat":284409},{"id":69063,"n":"Yaourt nature Danone 16x125g","p":3.14,"u":"1,57 €/KG","img":"https://fd2-photos.leclercdrive.fr/image.ashx?id=2915691&use=l&cat=p&typeid=i","cat":284409},{"id":69069,"n":"Yaourts brassés velouté Danone Nature - 12x125g","p":3.54,"u":"2,36 €/KG","img":"https://fd2-photos.leclercdrive.fr/image.ashx?id=2865581&use=l&cat=p&typeid=i","cat":284409},{"id":69070,"n":"Yaourts brassés velouté Danone Nature - 16x125g","p":4.25,"u":"2,13 €/KG","img":"https://fd2-photos.leclercdrive.fr/image.ashx?id=2865584&use=l&cat=p&typeid=i","cat":284409},{"id":69074,"n":"Yaourts brassés Velouté Danone Nature - 8x125g","p":2.44,"u":"2,44 €/KG","img":"https://fd2-photos.leclercdrive.fr/image.ashx?id=2865590&use=l&cat=p&typeid=i","cat":284409},{"id":69084,"n":"petit suisse aux fruits danonino - 6x100g","p":2.91,"u":"4,85 €/KG","img":"https://fd2-photos.leclercdrive.fr/image.ashx?id=3003134&use=l&cat=p&typeid=i","cat":284414},{"id":69107,"n":"Muesli croustillant nature bio  Terres et Céréales - 1kg","p":4.77,"u":"4,77 €/KG","img":"https://fd2-photos.leclercdrive.fr/image.ashx?id=2802446&use=l&cat=p&typeid=i","cat":309512},{"id":69108,"n":"Muesli duo pépites de chocolats  bio Terres et Céréales -1kg","p":5.71,"u":"5,71 €/KG","img":"https://fd2-photos.leclercdrive.fr/image.ashx?id=2802452&use=l&cat=p&typeid=i","cat":309512},{"id":69141,"n":"Papier cuisson Elembal Rouleau 8m","p":1.08,"u":"0,14 €/MT","img":"https://fd2-photos.leclercdrive.fr/image.ashx?id=2169168&use=l&cat=p&typeid=i","cat":334134},{"id":69145,"n":"Crème lavante Manava Framboise pivoine - 300ml","p":1.28,"u":"4,27 €/L","img":"https://fd2-photos.leclercdrive.fr/image.ashx?id=2935507&use=l&cat=p&typeid=i","cat":284597},{"id":69147,"n":"Café dosettes Tassimo L'Or Café Long Classique x16","p":4.64,"u":"44,62 €/KG","img":"https://fd2-photos.leclercdrive.fr/image.ashx?id=2160312&use=l&cat=p&typeid=i","cat":293240},{"id":69148,"n":"Café dosettes Tassimo L'Or Café Long Intense x16","p":4.75,"u":"37,11 €/KG","img":"https://fd2-photos.leclercdrive.fr/image.ashx?id=2290599&use=l&cat=p&typeid=i","cat":293240},{"id":69150,"n":"Nettoyant multi surfaces Clair Citron - 1.5L","p":1.7,"u":"1,13 €/L","img":"https://fd2-photos.leclercdrive.fr/image.ashx?id=2534211&use=l&cat=p&typeid=i","cat":284907},{"id":69151,"n":"Nettoyant multi surfaces Clair Pins - 1.5L","p":1.7,"u":"1,13 €/L","img":"https://fd2-photos.leclercdrive.fr/image.ashx?id=2369164&use=l&cat=p&typeid=i","cat":284907},{"id":69152,"n":"Nettoyant multi surfaces Clair Fleurs - 1.5L","p":1.7,"u":"1,13 €/L","img":"https://fd2-photos.leclercdrive.fr/image.ashx?id=2381556&use=l&cat=p&typeid=i","cat":284907},{"id":69153,"n":"Nettoyant multi surfaces Clair Fraîcheur pure - 1.5L","p":1.7,"u":"1,13 €/L","img":"https://fd2-photos.leclercdrive.fr/image.ashx?id=2373263&use=l&cat=p&typeid=i","cat":284907},{"id":69154,"n":"Nettoyant multi surfaces Clair Savon de Marseille - 1.5L","p":1.7,"u":"1,13 €/L","img":"https://fd2-photos.leclercdrive.fr/image.ashx?id=2858845&use=l&cat=p&typeid=i","cat":284907},{"id":69155,"n":"Nettoyant multi surfaces Clair Savon noir - 1.5L","p":1.7,"u":"1,13 €/L","img":"https://fd2-photos.leclercdrive.fr/image.ashx?id=2849584&use=l&cat=p&typeid=i","cat":284907},{"id":69163,"n":"Purée 100% brocolis Bio Bio Village - 450g","p":1.75,"u":"3,89 €/KG","img":"https://fd2-photos.leclercdrive.fr/image.ashx?id=2878750&use=l&cat=p&typeid=i","cat":319805},{"id":69213,"n":"Frites à peau McCain Côté Resto - 650g","p":2.58,"u":"3,97 €/KG","img":"https://fd2-photos.leclercdrive.fr/image.ashx?id=2927047&use=l&cat=p&typeid=i","cat":319791},{"id":69215,"n":"Pains wrap Epi d'Or Nature x6 - 383g","p":1.95,"u":"5,09 €/KG","img":"https://fd2-photos.leclercdrive.fr/image.ashx?id=2425488&use=l&cat=p&typeid=i","cat":284985},{"id":69218,"n":"Mini toasts Epi d'or Carré - 120g","p":1.79,"u":"14,92 €/KG","img":"https://fd2-photos.leclercdrive.fr/image.ashx?id=2564339&use=l&cat=p&typeid=i","cat":285454},{"id":69256,"n":"Dessert panaché Andros Panaché - 16x100g","p":5.34,"u":"3,34 €/KG","img":"https://fd2-photos.leclercdrive.fr/image.ashx?id=2875114&use=l&cat=p&typeid=i","cat":284416},{"id":69268,"n":"Liquide vaisselle Rainett Citron écologique - 750ml","p":1.82,"u":"2,43 €/L","img":"https://fd2-photos.leclercdrive.fr/image.ashx?id=2297129&use=l&cat=p&typeid=i","cat":284655},{"id":69273,"n":"Eau de toilette Alix de Faure Fruits rouges - 110ml","p":3.2,"u":"29,09 €/L","img":"https://fd2-photos.leclercdrive.fr/image.ashx?id=2675762&use=l&cat=p&typeid=i","cat":291525},{"id":69274,"n":"Eau de toilette Alix de Faure Patchouli - 110ml","p":3.2,"u":"29,09 €/L","img":"https://fd2-photos.leclercdrive.fr/image.ashx?id=3013621&use=l&cat=p&typeid=i","cat":291525},{"id":69279,"n":"Crème soin jour Diadermine Expert Fondamental  - 50ml","p":9.61,"u":"192,20 €/L","img":"https://fd2-photos.leclercdrive.fr/image.ashx?id=2458334&use=l&cat=p&typeid=i","cat":325345},{"id":69280,"n":"Couches bébé Mots d'enfants Midi T3 4/9kg - x50 changes","p":6.35,"u":"0,13 €/P","img":"https://fd2-photos.leclercdrive.fr/image.ashx?id=2699717&use=l&cat=p&typeid=i","cat":284737},{"id":69281,"n":"Couches bébé Mots d'enfants Ultra confort T4 7/18kg - x44","p":6.35,"u":"0,14 €/P","img":"https://fd2-photos.leclercdrive.fr/image.ashx?id=2699720&use=l&cat=p&typeid=i","cat":284737},{"id":69282,"n":"Couches bébé Mots d'enfants Ultra confort T4+  9/20kg - x41","p":6.35,"u":"0,15 €/P","img":"https://fd2-photos.leclercdrive.fr/image.ashx?id=2699723&use=l&cat=p&typeid=i","cat":284737},{"id":69283,"n":"Couches bébé Mots d'enfants Ultra confort T5 11/25kg - x39","p":6.35,"u":"0,16 €/P","img":"https://fd2-photos.leclercdrive.fr/image.ashx?id=2699726&use=l&cat=p&typeid=i","cat":284737},{"id":69284,"n":"Couches bébé Mots d'enfants Ultra confort T6  16/23kg - x33","p":6.35,"u":"0,19 €/P","img":"https://fd2-photos.leclercdrive.fr/image.ashx?id=2699729&use=l&cat=p&typeid=i","cat":284737},{"id":69285,"n":"Couches bébé Mots d'enfants T4 Ultra confort 7/18kg - x144","p":19.85,"u":"0,14 €/P","img":"https://fd2-photos.leclercdrive.fr/image.ashx?id=2689429&use=l&cat=p&typeid=i","cat":284737},{"id":69286,"n":"Couches bébé Mots d'enfants T5 Ultra confort 11/25kg - x136","p":19.85,"u":"0,15 €/P","img":"https://fd2-photos.leclercdrive.fr/image.ashx?id=2691833&use=l&cat=p&typeid=i","cat":284737},{"id":69317,"n":"Eau minérale naturelle Vittel 6x1.5L","p":2.86,"u":"0,32 €/L","img":"https://fd2-photos.leclercdrive.fr/image.ashx?id=3000441&use=l&cat=p&typeid=i","cat":284535},{"id":69319,"n":"Pur jus Jafaden Pomme goyave citron - 1L","p":2.15,"u":"2,15 €/L","img":"https://fd2-photos.leclercdrive.fr/image.ashx?id=2956765&use=l&cat=p&typeid=i","cat":284917},{"id":69383,"n":"Fromage à Raclette RichesMonts  Duo Classique & Fumée - 420G","p":5.86,"u":"13,95 €/KG","img":"https://fd2-photos.leclercdrive.fr/image.ashx?id=2953815&use=l&cat=p&typeid=i","cat":314037},{"id":69385,"n":"Fromage à Raclette RichesMonts  Duo Classique 3 Poivres - 420G","p":5.86,"u":"13,95 €/KG","img":"https://fd2-photos.leclercdrive.fr/image.ashx?id=2953818&use=l&cat=p&typeid=i","cat":314037},{"id":69396,"n":"Fromage à Raclette RichesMonts  Sans croûte 18 Tranches - 420g","p":5.37,"u":"12,79 €/KG","img":"https://fd2-photos.leclercdrive.fr/image.ashx?id=2960765&use=l&cat=p&typeid=i","cat":314037},{"id":69423,"n":"Hampes et Sauce Béarnaise X2 - 300g","p":6.64,"u":"22,13 €/KG","img":"https://fd2-photos.leclercdrive.fr/image.ashx?id=2414603&use=l&cat=p&typeid=i","cat":284328},{"id":69430,"n":"Poulet Basquaise NRT 750g","p":7.99,"u":"10,65 €/KG","img":"https://fd2-photos.leclercdrive.fr/image.ashx?id=1935877&use=l&cat=p&typeid=i","cat":284441},{"id":69442,"n":"Madeleines NRT Caramel - 330g","p":3.29,"u":"9,97 €/KG","img":"https://fd2-photos.leclercdrive.fr/image.ashx?id=2607885&use=l&cat=p&typeid=i","cat":284492},{"id":69705,"n":"Coleslaw moutarde Bonduelle 320g","p":1.69,"u":"5,28 €/KG","img":"https://fd2-photos.leclercdrive.fr/image.ashx?id=2894185&use=l&cat=p&typeid=i","cat":333657},{"id":69720,"n":"Gougères au fromage Côté Table x20 - 140g","p":3.76,"u":"26,86 €/KG","img":"https://fd2-photos.leclercdrive.fr/image.ashx?id=2726709&use=l&cat=p&typeid=i","cat":319774},{"id":69737,"n":"AOC Coteaux Varois en Provence vin rosé Terres Ocrées - BIB 3L","p":15.99,"u":"5,33 €/L","img":"https://fd2-photos.leclercdrive.fr/image.ashx?id=2716000&use=l&cat=p&typeid=i","cat":289560},{"id":69739,"n":"Mini feuilletés Côté Table Apéritifs - x30 - 360g","p":3.72,"u":"10,33 €/KG","img":"https://fd2-photos.leclercdrive.fr/image.ashx?id=2212509&use=l&cat=p&typeid=i","cat":319774},{"id":69740,"n":"Mini-feuilletés Côté Table Apéritifs - x80 - 740g","p":6.83,"u":"9,23 €/KG","img":"https://fd2-photos.leclercdrive.fr/image.ashx?id=2238045&use=l&cat=p&typeid=i","cat":319774},{"id":69741,"n":"Mini-feuilletés Côté Table Apéritifs - x40 - 350g","p":3.37,"u":"9,63 €/KG","img":"https://fd2-photos.leclercdrive.fr/image.ashx?id=2632873&use=l&cat=p&typeid=i","cat":319774},{"id":69803,"n":"Riz provençale Bonduelle Thon - 320g","p":1.79,"u":"5,59 €/KG","img":"https://fd2-photos.leclercdrive.fr/image.ashx?id=2907905&use=l&cat=p&typeid=i","cat":333657},{"id":70114,"n":"Biscuits p'tit dèj BN Extra céréales complètes - 200g","p":1.68,"u":"8,40 €/KG","img":"https://fd2-photos.leclercdrive.fr/image.ashx?id=2603471&use=l&cat=p&typeid=i","cat":284491},{"id":70118,"n":"Biscuits Mc Vitie's Chocolat au lait - 300g","p":1.71,"u":"5,70 €/KG","img":"https://fd2-photos.leclercdrive.fr/image.ashx?id=2589491&use=l&cat=p&typeid=i","cat":284488},{"id":70123,"n":"Fromage blanc Danone Nature 3%MG - 8x100g","p":3.02,"u":"3,78 €/KG","img":"https://fd2-photos.leclercdrive.fr/image.ashx?id=2792075&use=l&cat=p&typeid=i","cat":284409},{"id":70140,"n":"Yaourt Nature Panier de Yoplait Lit de Fruits Panaché - 6x140g","p":2.86,"u":"3,40 €/KG","img":"https://fd2-photos.leclercdrive.fr/image.ashx?id=2884429&use=l&cat=p&typeid=i","cat":284410},{"id":70158,"n":"Yaourt Nature Panier de Yoplait Lit Fruits de Saison - 6x140g","p":2.81,"u":"3,35 €/KG","img":"https://fd2-photos.leclercdrive.fr/image.ashx?id=2992062&use=l&cat=p&typeid=i","cat":284410},{"id":70344,"n":"Triple Secret des Moines 8%  - 75cl","p":3.73,"u":"4,97 €/L","img":"https://fd2-photos.leclercdrive.fr/image.ashx?id=2947991&use=l&cat=p&typeid=i","cat":334872},{"id":70389,"n":"Café dosettes Tassimo L'Or Cappuccino x8","p":4.86,"u":"18,20 €/KG","img":"https://fd2-photos.leclercdrive.fr/image.ashx?id=2100305&use=l&cat=p&typeid=i","cat":293240},{"id":70579,"n":"Fromage Caprice des Dieux  200g","p":2.88,"u":"14,40 €/KG","img":"https://fd2-photos.leclercdrive.fr/image.ashx?id=2762438&use=l&cat=p&typeid=i","cat":314033},{"id":70914,"n":"Poivre noir grains Rustica 90g","p":2.32,"u":"25,78 €/KG","img":"https://fd2-photos.leclercdrive.fr/image.ashx?id=2870047&use=l&cat=p&typeid=i","cat":284457},{"id":70980,"n":"Crousty chicken Le Gaulois L'original - 400g","p":5.33,"u":"13,33 €/KG","img":"https://fd2-photos.leclercdrive.fr/image.ashx?id=2967765&use=l&cat=p&typeid=i","cat":333684},{"id":70993,"n":"Coulommiers Président  350g","p":2.76,"u":"7,89 €/KG","img":"https://fd2-photos.leclercdrive.fr/image.ashx?id=2029862&use=l&cat=p&typeid=i","cat":314033},{"id":71060,"n":"Basilic Rustica 11g","p":0.39,"u":"35,45 €/KG","img":"https://fd2-photos.leclercdrive.fr/image.ashx?id=2772957&use=l&cat=p&typeid=i","cat":298297},{"id":71075,"n":"Vinaigrette biphase Rustica Tomate/ Balsamique - 50cl","p":2.72,"u":"5,44 €/L","img":"https://fd2-photos.leclercdrive.fr/image.ashx?id=1972937&use=l&cat=p&typeid=i","cat":284456},{"id":71077,"n":"Vinaigrette biphase Rustica Ciboulette/Echalote - 50cl","p":2.79,"u":"5,58 €/L","img":"https://fd2-photos.leclercdrive.fr/image.ashx?id=1943241&use=l&cat=p&typeid=i","cat":284456},{"id":71090,"n":"Boisson énergisante Red bull 6x250ml","p":6.58,"u":"4,39 €/L","img":"https://fd2-photos.leclercdrive.fr/image.ashx?id=3011989&use=l&cat=p&typeid=i","cat":284533},{"id":71102,"n":"Bière Desperados 65cl","p":2.48,"u":"3,82 €/L","img":"https://fd2-photos.leclercdrive.fr/image.ashx?id=2977960&use=l&cat=p&typeid=i","cat":334878},{"id":71106,"n":"Ail semoule Rustica 110g","p":1.39,"u":"12,64 €/KG","img":"https://fd2-photos.leclercdrive.fr/image.ashx?id=2870038&use=l&cat=p&typeid=i","cat":298297},{"id":71107,"n":"Bouquet garni entier Rustica 17g","p":1.68,"u":"98,82 €/KG","img":"https://fd2-photos.leclercdrive.fr/image.ashx?id=1710608&use=l&cat=p&typeid=i","cat":298297},{"id":71162,"n":"Assortiment crackers Tokapi 85g","p":0.69,"u":"8,12 €/KG","img":"https://fd2-photos.leclercdrive.fr/image.ashx?id=1926981&use=l&cat=p&typeid=i","cat":297000},{"id":71419,"n":"Petits pois carottes Eco  530g","p":1.12,"u":"2,11 €/KG","img":"https://fd2-photos.leclercdrive.fr/image.ashx?id=3003714&use=l&cat=p&typeid=i","cat":312607},{"id":71423,"n":"Flageolets verts fins Eco  530g","p":1.19,"u":"2,25 €/KG","img":"https://fd2-photos.leclercdrive.fr/image.ashx?id=2720012&use=l&cat=p&typeid=i","cat":312606},{"id":71429,"n":"Haricots verts extra fins Eco  440g","p":1.04,"u":"2,36 €/KG","img":"https://fd2-photos.leclercdrive.fr/image.ashx?id=3003726&use=l&cat=p&typeid=i","cat":312606},{"id":71433,"n":"Choux-fleurs Eco+ 1kg","p":1.31,"u":"1,31 €/KG","img":"https://fd2-photos.leclercdrive.fr/image.ashx?id=2892334&use=l&cat=p&typeid=i","cat":319805},{"id":71440,"n":"Curry poudre bio Ducros Flacon - 36g","p":2.13,"u":"59,17 €/KG","img":"https://fd2-photos.leclercdrive.fr/image.ashx?id=2484071&use=l&cat=p&typeid=i","cat":298297},{"id":71441,"n":"Ail bio Ducros Flacon - 52g","p":2.58,"u":"49,62 €/KG","img":"https://fd2-photos.leclercdrive.fr/image.ashx?id=2484077&use=l&cat=p&typeid=i","cat":298297},{"id":71442,"n":"Cassoulet Eco+ 840g","p":1.97,"u":"2,35 €/KG","img":"https://fd2-photos.leclercdrive.fr/image.ashx?id=2847937&use=l&cat=p&typeid=i","cat":284440},{"id":71444,"n":"Galettes au beurre Eco+ x16 - 125g","p":0.64,"u":"5,12 €/KG","img":"https://fd2-photos.leclercdrive.fr/image.ashx?id=2746781&use=l&cat=p&typeid=i","cat":284487},{"id":71446,"n":"Biscuits aux oeufs Eco+ x60 - 400g","p":1.57,"u":"3,93 €/KG","img":"https://fd2-photos.leclercdrive.fr/image.ashx?id=2804136&use=l&cat=p&typeid=i","cat":284487},{"id":71447,"n":"Curcuma bio Ducros Flacon - 42g","p":2.27,"u":"54,05 €/KG","img":"https://fd2-photos.leclercdrive.fr/image.ashx?id=2484086&use=l&cat=p&typeid=i","cat":298297},{"id":71448,"n":"Raviolis à la sauce tomate Eco+ 800g","p":1.69,"u":"2,11 €/KG","img":"https://fd2-photos.leclercdrive.fr/image.ashx?id=2688288&use=l&cat=p&typeid=i","cat":284442},{"id":71461,"n":"Sucre vanillé bio Vahiné 5 sachets - 35G","p":3.51,"u":"100,29 €/KG","img":"https://fd2-photos.leclercdrive.fr/image.ashx?id=2559835&use=l&cat=p&typeid=i","cat":284504},{"id":71462,"n":"Pépites chocolat noirVahiné Bio - 100g","p":2.61,"u":"26,10 €/KG","img":"https://fd2-photos.leclercdrive.fr/image.ashx?id=2504227&use=l&cat=p&typeid=i","cat":284504},{"id":71469,"n":"DOC Prosecco extra-dry blanc 7% vol - 75cl","p":4.99,"u":"6,65 €/L","img":"https://fd2-photos.leclercdrive.fr/image.ashx?id=2977171&use=l&cat=p&typeid=i","cat":289461},{"id":71473,"n":"Vin d'Espagne blanc Chardonnay Adrien Champaud - BIB 5L","p":11.99,"u":"2,40 €/L","img":"https://fd2-photos.leclercdrive.fr/image.ashx?id=2959617&use=l&cat=p&typeid=i","cat":289557},{"id":71475,"n":"Vin d'Espagne Grenache rosé Adrien Champaud - BIB 5L","p":9.99,"u":"2,00 €/L","img":"https://fd2-photos.leclercdrive.fr/image.ashx?id=2959623&use=l&cat=p&typeid=i","cat":289560},{"id":71479,"n":"Cookies P'tit Déli Paillettes muticolores - 150g","p":1.45,"u":"9,67 €/KG","img":"https://fd2-photos.leclercdrive.fr/image.ashx?id=2939064&use=l&cat=p&typeid=i","cat":325066},{"id":71489,"n":"Croissants Epi d'Or x8 - 320g","p":1.64,"u":"5,13 €/KG","img":"https://fd2-photos.leclercdrive.fr/image.ashx?id=2860766&use=l&cat=p&typeid=i","cat":296366},{"id":71490,"n":"Vin d'Espagne blanc Sauvignon Adrien Champaud - BIB 5L","p":9.99,"u":"2,00 €/L","img":"https://fd2-photos.leclercdrive.fr/image.ashx?id=2960511&use=l&cat=p&typeid=i","cat":289560},{"id":71491,"n":"Croissants Epi d'Or x14 - 560g","p":2.79,"u":"4,98 €/KG","img":"https://fd2-photos.leclercdrive.fr/image.ashx?id=2860769&use=l&cat=p&typeid=i","cat":296366},{"id":71524,"n":"Goûter rectangle P'tit Déli Fourré chocolat - 125g","p":1.19,"u":"9,52 €/KG","img":"https://fd2-photos.leclercdrive.fr/image.ashx?id=2619725&use=l&cat=p&typeid=i","cat":284488},{"id":71531,"n":"Crème fraiche bio Bio village Epaisse - 30% MG  - 50cl","p":2.66,"u":"5,32 €/L","img":"https://fd2-photos.leclercdrive.fr/image.ashx?id=1975050&use=l&cat=p&typeid=i","cat":284381},{"id":71535,"n":"Pommes de terre NRT à l'échirlète - 600g","p":3.55,"u":"5,92 €/KG","img":"https://fd2-photos.leclercdrive.fr/image.ashx?id=2699855&use=l&cat=p&typeid=i","cat":319792},{"id":71557,"n":"Mini sables P'tit Déli Chocolat au lait - 160g","p":1.89,"u":"11,81 €/KG","img":"https://fd2-photos.leclercdrive.fr/image.ashx?id=2323295&use=l&cat=p&typeid=i","cat":284488},{"id":71561,"n":"Palets P'tit Déli A la madeleine - 125g","p":1.15,"u":"9,20 €/KG","img":"https://fd2-photos.leclercdrive.fr/image.ashx?id=2693138&use=l&cat=p&typeid=i","cat":284487},{"id":71565,"n":"Pêches Douceur du Verger Sirop léger - 465g","p":1.62,"u":"3,48 €/KG","img":"https://fd2-photos.leclercdrive.fr/image.ashx?id=2666471&use=l&cat=p&typeid=i","cat":284507},{"id":71566,"n":"Sauce Soja Tables Du Monde 125ml","p":0.83,"u":"6,64 €/L","img":"https://fd2-photos.leclercdrive.fr/image.ashx?id=2679765&use=l&cat=p&typeid=i","cat":288992},{"id":71568,"n":"Sauce soja sucrée Table du monde - 125ml","p":0.83,"u":"6,64 €/L","img":"https://fd2-photos.leclercdrive.fr/image.ashx?id=2679762&use=l&cat=p&typeid=i","cat":288992},{"id":71574,"n":"Gaufrettes P'tit Déli Chocolat noisette - 160g","p":1.54,"u":"9,63 €/KG","img":"https://fd2-photos.leclercdrive.fr/image.ashx?id=2915302&use=l&cat=p&typeid=i","cat":284488},{"id":71575,"n":"Test de grossesse Primoplast x1","p":0.74,"img":"https://fd2-photos.leclercdrive.fr/image.ashx?id=2832975&use=l&cat=p&typeid=i","cat":324482},{"id":71578,"n":"Crème lavante Manava Surgras - 300ml","p":1.12,"u":"3,73 €/L","img":"https://fd2-photos.leclercdrive.fr/image.ashx?id=2935513&use=l&cat=p&typeid=i","cat":284597},{"id":71579,"n":"Recharge crème lavante Manava Surgras - 250ml","p":0.66,"u":"2,64 €/L","img":"https://fd2-photos.leclercdrive.fr/image.ashx?id=2935516&use=l&cat=p&typeid=i","cat":284597},{"id":71599,"n":"Bicarbonate de soude Clair 500g","p":1.5,"u":"3,00 €/KG","img":"https://fd2-photos.leclercdrive.fr/image.ashx?id=2822129&use=l&cat=p&typeid=i","cat":325365},{"id":71602,"n":"Change bébé Mots d'Enfants Nouveau né - T1 - 2/5kg - x23","p":2.36,"u":"0,10 €/P","img":"https://fd2-photos.leclercdrive.fr/image.ashx?id=2907225&use=l&cat=p&typeid=i","cat":284737},{"id":71655,"n":"Curry moulu Bio Village Bio - 37g","p":1.25,"u":"33,78 €/KG","img":"https://fd2-photos.leclercdrive.fr/image.ashx?id=2714989&use=l&cat=p&typeid=i","cat":298297},{"id":71797,"n":"Pomme de terre Frites Domaine des Cartoufles - 2.5kg","p":1.99,"u":"0,80 €/KG","img":"https://fd2-photos.leclercdrive.fr/image.ashx?id=1952150&use=l&cat=p&typeid=i","cat":284352},{"id":72032,"n":"Bière blonde Affligem 6.7% vol -  Fût 5L","p":19.62,"u":"3,92 €/L","img":"https://fd2-photos.leclercdrive.fr/image.ashx?id=2672722&use=l&cat=p&typeid=i","cat":334879},{"id":72164,"n":"Soda au cola Pepsi Zéro sucres Le lot de 4x1.5L","p":4.6,"u":"0,77 €/L","img":"https://fd2-photos.leclercdrive.fr/image.ashx?id=2692560&use=l&cat=p&typeid=i","cat":284530},{"id":72448,"n":"Gateaux Ourson Lu Fraise - 3x150g","p":3.84,"u":"8,53 €/KG","img":"https://fd2-photos.leclercdrive.fr/image.ashx?id=3004777&use=l&cat=p&typeid=i","cat":284495},{"id":72450,"n":"Couronne des rois nature sucre La Fournée Dorée - 350g","p":3.25,"u":"9,29 €/KG","img":"https://fd2-photos.leclercdrive.fr/image.ashx?id=2735302&use=l&cat=p&typeid=i","cat":284478},{"id":72734,"n":"Pain de mie Schär - Céréales Sans gluten - 300g","p":3.3,"u":"11,00 €/KG","img":"https://fd2-photos.leclercdrive.fr/image.ashx?id=2659421&use=l&cat=p&typeid=i","cat":318654},{"id":72786,"n":"Bière blonde Pelforth Fût pression - 5L","p":15.94,"u":"3,19 €/L","img":"https://fd2-photos.leclercdrive.fr/image.ashx?id=2767249&use=l&cat=p&typeid=i","cat":334879},{"id":72789,"n":"Bière blonde Desperados Fût 5L","p":19.57,"u":"3,91 €/L","img":"https://fd2-photos.leclercdrive.fr/image.ashx?id=2983513&use=l&cat=p&typeid=i","cat":334879},{"id":72791,"n":"Bière Desperados 3x33cl","p":4.44,"u":"4,48 €/L","img":"https://fd2-photos.leclercdrive.fr/image.ashx?id=2983120&use=l&cat=p&typeid=i","cat":334878},{"id":72988,"n":"Eau Micellaire Biphase Garnier Maquillage Waterproof - 400ml","p":3.99,"u":"9,98 €/L","img":"https://fd2-photos.leclercdrive.fr/image.ashx?id=2286299&use=l&cat=p&typeid=i","cat":284603},{"id":73689,"n":"Pomme jaune bio Bio Village x4","p":1.99,"u":"0,50 €/P","img":"https://fd2-photos.leclercdrive.fr/image.ashx?id=2556544&use=l&cat=p&typeid=i","cat":284356},{"id":73697,"n":"Compote Allégée en sucres Eco+ Bocal pomme - 720g","p":0.85,"u":"1,18 €/KG","img":"https://fd2-photos.leclercdrive.fr/image.ashx?id=2953185&use=l&cat=p&typeid=i","cat":284508},{"id":73703,"n":"Marbré Eco+ Parfum chocolat - 600g","p":2.34,"u":"3,90 €/KG","img":"https://fd2-photos.leclercdrive.fr/image.ashx?id=2825290&use=l&cat=p&typeid=i","cat":294776},{"id":73706,"n":"Riz basmati Eco+ 1kg","p":2.01,"u":"2,01 €/KG","img":"https://fd2-photos.leclercdrive.fr/image.ashx?id=2141651&use=l&cat=p&typeid=i","cat":284428},{"id":73708,"n":"Purée de tomate Eco+ Brique - 500g","p":0.51,"u":"1,02 €/KG","img":"https://fd2-photos.leclercdrive.fr/image.ashx?id=2955282&use=l&cat=p&typeid=i","cat":288384},{"id":73727,"n":"Bouchées pour chats  Eco+ Boeuf poulet légumes - 410g","p":0.79,"u":"1,93 €/KG","img":"https://fd2-photos.leclercdrive.fr/image.ashx?id=1292464&use=l&cat=p&typeid=i","cat":285601},{"id":73729,"n":"Tartelettes à la fraise Eco+ x12 - 200g","p":0.8,"u":"4,00 €/KG","img":"https://fd2-photos.leclercdrive.fr/image.ashx?id=2869757&use=l&cat=p&typeid=i","cat":284489},{"id":73732,"n":"Gel WC javel Eco+ 750ml","p":0.57,"u":"0,76 €/L","img":"https://fd2-photos.leclercdrive.fr/image.ashx?id=2768074&use=l&cat=p&typeid=i","cat":284662},{"id":73781,"n":"Maïs doux Eco+ 285g","p":0.78,"u":"2,74 €/KG","img":"https://fd2-photos.leclercdrive.fr/image.ashx?id=3003738&use=l&cat=p&typeid=i","cat":312611},{"id":73783,"n":"Cocktail 4 fruits Eco+ Sirop léger - 500 g","p":1.66,"u":"3,32 €/KG","img":"https://fd2-photos.leclercdrive.fr/image.ashx?id=2783011&use=l&cat=p&typeid=i","cat":284507},{"id":73790,"n":"Café soluble Eco+ 200g","p":3.47,"u":"17,35 €/KG","img":"https://fd2-photos.leclercdrive.fr/image.ashx?id=1654429&use=l&cat=p&typeid=i","cat":284843},{"id":73793,"n":"Goûters ronds Eco+ Fourrés chocolat - 500g","p":1.35,"u":"2,70 €/KG","img":"https://fd2-photos.leclercdrive.fr/image.ashx?id=2222751&use=l&cat=p&typeid=i","cat":284488},{"id":73797,"n":"Pâtes Eco+ Macaroni - 1kg","p":0.99,"u":"0,99 €/KG","img":"https://fd2-photos.leclercdrive.fr/image.ashx?id=2887395&use=l&cat=p&typeid=i","cat":284427},{"id":73798,"n":"Pâtes Eco+ Coquillettes - 1kg","p":1.01,"u":"1,01 €/KG","img":"https://fd2-photos.leclercdrive.fr/image.ashx?id=2885723&use=l&cat=p&typeid=i","cat":284427},{"id":73799,"n":"Pâtes Eco+ Torsades - 1kg","p":1.0,"u":"1,00 €/KG","img":"https://fd2-photos.leclercdrive.fr/image.ashx?id=2885726&use=l&cat=p&typeid=i","cat":284427},{"id":73801,"n":"Dosettes café Eco+ 100% Robusta - x48 - 336g","p":4.09,"u":"12,17 €/KG","img":"https://fd2-photos.leclercdrive.fr/image.ashx?id=2800222&use=l&cat=p&typeid=i","cat":293238},{"id":73803,"n":"Shampooing aux oeufs Eco+ 750ml","p":0.52,"u":"0,69 €/L","img":"https://fd2-photos.leclercdrive.fr/image.ashx?id=2779178&use=l&cat=p&typeid=i","cat":284606},{"id":73805,"n":"Biscuit fourré cacao Eco+ x12 - 225g","p":0.93,"u":"4,13 €/KG","img":"https://fd2-photos.leclercdrive.fr/image.ashx?id=2834223&use=l&cat=p&typeid=i","cat":284488},{"id":73806,"n":"Eau de javel Eco+ 3x250ml","p":0.48,"u":"0,64 €/L","img":"https://fd2-photos.leclercdrive.fr/image.ashx?id=2949164&use=l&cat=p&typeid=i","cat":284661},{"id":73807,"n":"Carré coton bébé Eco+ x60","p":0.99,"u":"0,02 €/P","img":"https://fd2-photos.leclercdrive.fr/image.ashx?id=2987634&use=l&cat=p&typeid=i","cat":284739},{"id":73957,"n":"Essuie tout Original N°1 Okay Blanc - x6 rouleaux","p":4.39,"u":"0,73 €/P","img":"https://fd2-photos.leclercdrive.fr/image.ashx?id=2981346&use=l&cat=p&typeid=i","cat":284635},{"id":74047,"n":"Parmentier de porc Eco+ 1kg","p":2.6,"u":"2,60 €/KG","img":"https://fd2-photos.leclercdrive.fr/image.ashx?id=2774885&use=l&cat=p&typeid=i","cat":284254},{"id":74089,"n":"Batonnets Poissons panés Eco+ x15 - 450g","p":1.6,"u":"3,56 €/KG","img":"https://fd2-photos.leclercdrive.fr/image.ashx?id=2843565&use=l&cat=p&typeid=i","cat":319788},{"id":74091,"n":"Mozzarella Eco+ 18%mg - 125g","p":0.76,"u":"6,08 €/KG","img":"https://fd2-photos.leclercdrive.fr/image.ashx?id=2754868&use=l&cat=p&typeid=i","cat":314026},{"id":74105,"n":"Pur jus d'orange Eco  1.5L","p":2.46,"u":"1,64 €/L","img":"https://fd2-photos.leclercdrive.fr/image.ashx?id=2720136&use=l&cat=p&typeid=i","cat":284521},{"id":74112,"n":"Pommes frites Eco+ 1kg","p":1.68,"u":"1,68 €/KG","img":"https://fd2-photos.leclercdrive.fr/image.ashx?id=2958302&use=l&cat=p&typeid=i","cat":319791},{"id":74115,"n":"Petit Brie Eco+ 32%mg - 500g","p":3.39,"u":"6,78 €/KG","img":"https://fd2-photos.leclercdrive.fr/image.ashx?id=2938403&use=l&cat=p&typeid=i","cat":314033},{"id":74116,"n":"Bière blonde de luxe 4% - 50cl","p":0.57,"u":"1,14 €/L","img":"https://fd2-photos.leclercdrive.fr/image.ashx?id=2955629&use=l&cat=p&typeid=i","cat":334853},{"id":74123,"n":"Citron jaune Rustica 200ml","p":0.79,"u":"3,95 €/L","img":"https://fd2-photos.leclercdrive.fr/image.ashx?id=2627652&use=l&cat=p&typeid=i","cat":288383},{"id":74124,"n":"Citron vert Rustica 200ml","p":0.89,"u":"4,45 €/L","img":"https://fd2-photos.leclercdrive.fr/image.ashx?id=2635768&use=l&cat=p&typeid=i","cat":288383},{"id":74133,"n":"Bâtonnets de Surimi Pêche Océan MSC - x18 bâtonnets - 300g","p":2.05,"u":"6,83 €/KG","img":"https://fd2-photos.leclercdrive.fr/image.ashx?id=3004633&use=l&cat=p&typeid=i","cat":285189},{"id":74255,"n":"Sauce foie gras Charal 120g","p":1.79,"pp":1.49,"u":"12,42 €/KG","img":"https://fd2-photos.leclercdrive.fr/image.ashx?id=2144281&use=l&cat=p&typeid=i","cat":327293},{"id":74284,"n":"Brocolis bio Bio Village 500g","p":2.49,"u":"4,98 €/KG","img":"https://fd2-photos.leclercdrive.fr/image.ashx?id=2960547&use=l&cat=p&typeid=i","cat":284352},{"id":74344,"n":"Shampooing Naturé Moi Nourrissant - 250ml","p":2.3,"u":"9,20 €/L","img":"https://fd2-photos.leclercdrive.fr/image.ashx?id=2741472&use=l&cat=p&typeid=i","cat":284606},{"id":74381,"n":"Mousse de canard Madrange Au porto - 180g","p":1.67,"u":"9,28 €/KG","img":"https://fd2-photos.leclercdrive.fr/image.ashx?id=2865704&use=l&cat=p&typeid=i","cat":316008},{"id":74588,"n":"Fromage à Raclette RichesMonts  Sans croûte 28 Tranches - 750g","p":9.77,"u":"13,03 €/KG","img":"https://fd2-photos.leclercdrive.fr/image.ashx?id=2953806&use=l&cat=p&typeid=i","cat":314037},{"id":74609,"n":"La Fermière Riz au lait Vanille  - 2x160g","p":2.25,"u":"14,06 €/KG","img":"https://fd2-photos.leclercdrive.fr/image.ashx?id=2389713&use=l&cat=p&typeid=i","cat":284418},{"id":74656,"n":"Croquettes chien Purina One Medium adulte poulet riz  2.5kg","p":7.71,"u":"3,08 €/KG","img":"https://fd2-photos.leclercdrive.fr/image.ashx?id=2878384&use=l&cat=p&typeid=i","cat":284672},{"id":74697,"n":"Fondue aux 3 fromages Président 16%mg - 600g","p":6.52,"u":"10,87 €/KG","img":"https://fd2-photos.leclercdrive.fr/image.ashx?id=2632996&use=l&cat=p&typeid=i","cat":314037},{"id":74860,"n":"Champignons Notre Jardin A la grecque - 400g","p":1.56,"u":"3,90 €/KG","img":"https://fd2-photos.leclercdrive.fr/image.ashx?id=2531101&use=l&cat=p&typeid=i","cat":312610},{"id":74949,"n":"Crème Cold cream Avène 100 ml","p":13.39,"u":"133,90 €/L","img":"https://fd2-photos.leclercdrive.fr/image.ashx?id=2377286&use=l&cat=p&typeid=i","cat":290421},{"id":75208,"n":"Pain complet tranché   350GR","p":1.3,"u":"3,71 €/KG","img":"https://fd2-photos.leclercdrive.fr/image.ashx?id=2062504&use=l&cat=p&typeid=i","cat":284359},{"id":75337,"n":"Café en grains Méo L'original Bio - 500g","p":8.46,"u":"16,92 €/KG","img":"https://fd2-photos.leclercdrive.fr/image.ashx?id=2798533&use=l&cat=p&typeid=i","cat":293237},{"id":75338,"n":"Sachets Infusion bio Clipper Mes belles gambettes - 40g","p":2.1,"u":"52,50 €/KG","img":"https://fd2-photos.leclercdrive.fr/image.ashx?id=2908300&use=l&cat=p&typeid=i","cat":293234},{"id":75357,"n":"Jus multifruits Jafaden Matin Fruité - 1L","p":2.09,"u":"2,09 €/L","img":"https://fd2-photos.leclercdrive.fr/image.ashx?id=2916713&use=l&cat=p&typeid=i","cat":285435},{"id":75475,"n":"Biscuits Oréo Format familial 440g","p":3.5,"u":"7,95 €/KG","img":"https://fd2-photos.leclercdrive.fr/image.ashx?id=2903827&use=l&cat=p&typeid=i","cat":284488},{"id":75539,"n":"Saucisse cockail Tradilege Bacon - 300g","p":2.82,"u":"9,40 €/KG","img":"https://fd2-photos.leclercdrive.fr/image.ashx?id=2930784&use=l&cat=p&typeid=i","cat":316012},{"id":75557,"n":"Tablette de chocolat noir Lindt Praliné Noisettes - 225g","p":4.2,"u":"18,67 €/KG","img":"https://fd2-photos.leclercdrive.fr/image.ashx?id=2606912&use=l&cat=p&typeid=i","cat":284956},{"id":75572,"n":"Yaourts nature bifidus Activia 16x125g","p":4.51,"u":"2,26 €/KG","img":"https://fd2-photos.leclercdrive.fr/image.ashx?id=2741700&use=l&cat=p&typeid=i","cat":315000},{"id":75603,"n":"Effilés poissons Plénina Chat adulte - 4x85g","p":1.56,"u":"4,59 €/KG","img":"https://fd2-photos.leclercdrive.fr/image.ashx?id=2302256&use=l&cat=p&typeid=i","cat":285286},{"id":75605,"n":"Effilés chat adulte Plénima Viandes, Poissons - 12x85g","p":4.84,"u":"4,75 €/KG","img":"https://fd2-photos.leclercdrive.fr/image.ashx?id=2361125&use=l&cat=p&typeid=i","cat":285286},{"id":75611,"n":"Compact teinté SPF50+ Avène Sable Haute protection - 10g","p":14.99,"img":"https://fd2-photos.leclercdrive.fr/image.ashx?id=2857290&use=l&cat=p&typeid=i","cat":290396},{"id":75629,"n":"Liégeois chocolat Bio Bio village - 4x100g","p":1.89,"u":"4,73 €/KG","img":"https://fd2-photos.leclercdrive.fr/image.ashx?id=2992639&use=l&cat=p&typeid=i","cat":285042},{"id":75671,"n":"Soin apaisant Avène Contour des Yeux - 10 ml","p":13.65,"img":"https://fd2-photos.leclercdrive.fr/image.ashx?id=2373549&use=l&cat=p&typeid=i","cat":291172},{"id":75690,"n":"Baume après-rasage Men Avène 75ml","p":15.36,"u":"204,80 €/L","img":"https://fd2-photos.leclercdrive.fr/image.ashx?id=2857326&use=l&cat=p&typeid=i","cat":291167},{"id":75703,"n":"Crème hydratante Avène Hydrance Riche - 40ml","p":14.48,"u":"362,00 €/L","img":"https://fd2-photos.leclercdrive.fr/image.ashx?id=2973688&use=l&cat=p&typeid=i","cat":291171},{"id":75889,"n":"Crème émolliente Ducray Ictyane HD - 50ml","p":15.47,"u":"309,40 €/L","img":"https://fd2-photos.leclercdrive.fr/image.ashx?id=2335385&use=l&cat=p&typeid=i","cat":291171},{"id":75902,"n":"Sérum Keracnyl Ducray - 30ml","p":14.49,"u":"48,30 €/L","img":"https://fd2-photos.leclercdrive.fr/image.ashx?id=2335310&use=l&cat=p&typeid=i","cat":291166},{"id":75916,"n":"Huile lavante apaisant Sensinol Ducray visage et corps - 400ml","p":15.65,"u":"39,13 €/L","img":"https://fd2-photos.leclercdrive.fr/image.ashx?id=2338934&use=l&cat=p&typeid=i","cat":301591},{"id":75981,"n":"Lait Corps hydratant A-Derma Pompe - 400ml","p":13.49,"u":"33,73 €/L","img":"https://fd2-photos.leclercdrive.fr/image.ashx?id=2296509&use=l&cat=p&typeid=i","cat":290421},{"id":75986,"n":"Pizza Feu de bois Bio Village Bio Margharita - 350g","p":3.29,"u":"9,40 €/KG","img":"https://fd2-photos.leclercdrive.fr/image.ashx?id=2943668&use=l&cat=p&typeid=i","cat":284256},{"id":76008,"n":"Chocolat au lait Lindt Création La Crème brûlée - 150g","p":3.04,"u":"20,27 €/KG","img":"https://fd2-photos.leclercdrive.fr/image.ashx?id=2685802&use=l&cat=p&typeid=i","cat":284497},{"id":76011,"n":"Chocolat noir Lindt Création Le Rocher noir - 150g","p":3.04,"u":"20,27 €/KG","img":"https://fd2-photos.leclercdrive.fr/image.ashx?id=2685808&use=l&cat=p&typeid=i","cat":284956},{"id":76015,"n":"Biscuit Speculoos Lotus Biscoff Original - 250g (2x125g)","p":1.49,"u":"5,96 €/KG","img":"https://fd2-photos.leclercdrive.fr/image.ashx?id=2854735&use=l&cat=p&typeid=i","cat":284487},{"id":76025,"n":"Cookies chocolat Eco+ Pépites de chocolat - 200g","p":0.97,"u":"4,85 €/KG","img":"https://fd2-photos.leclercdrive.fr/image.ashx?id=2821872&use=l&cat=p&typeid=i","cat":325066},{"id":76029,"n":"Gateaux fourrage Eco+ Fraise - x14 - 420g","p":2.57,"u":"6,12 €/KG","img":"https://fd2-photos.leclercdrive.fr/image.ashx?id=2970435&use=l&cat=p&typeid=i","cat":284495},{"id":76119,"n":"Secret de mousse La Laitière Chocolat au lait - 4x59g","p":1.43,"u":"6,06 €/KG","img":"https://fd2-photos.leclercdrive.fr/image.ashx?id=2729740&use=l&cat=p&typeid=i","cat":284417},{"id":76147,"n":"Yaourt Nature Panier de Yoplait Lit de Fruits Rouges - 6x140g","p":3.05,"u":"3,63 €/KG","img":"https://fd2-photos.leclercdrive.fr/image.ashx?id=2884423&use=l&cat=p&typeid=i","cat":284410},{"id":76172,"n":"Crème mains Cicalfate Avène Réparatrice - 100ml","p":7.99,"u":"79,90 €/L","img":"https://fd2-photos.leclercdrive.fr/image.ashx?id=2962788&use=l&cat=p&typeid=i","cat":290424},{"id":76173,"n":"Lotion Cicalfate Avène 40ml","p":9.18,"u":"22,95 €/L","img":"https://fd2-photos.leclercdrive.fr/image.ashx?id=2377295&use=l&cat=p&typeid=i","cat":290421},{"id":76181,"n":"Compact teinté Avène SPF50+ Doré - 10g","p":14.99,"img":"https://fd2-photos.leclercdrive.fr/image.ashx?id=2374156&use=l&cat=p&typeid=i","cat":290396},{"id":76194,"n":"Brosse à dent Elgydium Inter active médium","p":2.99,"img":"https://fd2-photos.leclercdrive.fr/image.ashx?id=2449046&use=l&cat=p&typeid=i","cat":290417},{"id":76195,"n":"Brosse à dent Elgydium Inter active souple","p":2.99,"img":"https://fd2-photos.leclercdrive.fr/image.ashx?id=2377718&use=l&cat=p&typeid=i","cat":290417},{"id":76199,"n":"Brosse à dents Inava Brossage/soins 25/100 mi-dure","p":4.38,"img":"https://fd2-photos.leclercdrive.fr/image.ashx?id=2857473&use=l&cat=p&typeid=i","cat":290417},{"id":76212,"n":"Tutti Candi Haribo Sachet bonbons - 250g","p":1.63,"u":"6,52 €/KG","img":"https://fd2-photos.leclercdrive.fr/image.ashx?id=2984910&use=l&cat=p&typeid=i","cat":304250},{"id":76219,"n":"Cannelloni Côté Table 800g","p":2.99,"u":"3,74 €/KG","img":"https://fd2-photos.leclercdrive.fr/image.ashx?id=3015105&use=l&cat=p&typeid=i","cat":284442},{"id":76220,"n":"Raviolis Côté Table Aux 6 légumes - 800g","p":2.29,"u":"2,86 €/KG","img":"https://fd2-photos.leclercdrive.fr/image.ashx?id=2977903&use=l&cat=p&typeid=i","cat":284442},{"id":76221,"n":"Pur jus Bio Village Bio Citron Sicile - 25cl","p":1.29,"u":"5,16 €/L","img":"https://fd2-photos.leclercdrive.fr/image.ashx?id=3010446&use=l&cat=p&typeid=i","cat":288383},{"id":76224,"n":"Maoam Stripes Haribo Sachet bonbons - 250g","p":2.0,"u":"8,00 €/KG","img":"https://fd2-photos.leclercdrive.fr/image.ashx?id=2953561&use=l&cat=p&typeid=i","cat":304250},{"id":76321,"n":"Assortiment crackers Tokapi 4x85g","p":2.8,"u":"8,24 €/KG","img":"https://fd2-photos.leclercdrive.fr/image.ashx?id=1926993&use=l&cat=p&typeid=i","cat":297000},{"id":76322,"n":"Mini crackers Tokapi Salés - 4x75g","p":3.11,"u":"10,37 €/KG","img":"https://fd2-photos.leclercdrive.fr/image.ashx?id=1648078&use=l&cat=p&typeid=i","cat":297000},{"id":76360,"n":"Soda Schweppes Indian Tonic - 1L","p":1.62,"u":"1,62 €/L","img":"https://fd2-photos.leclercdrive.fr/image.ashx?id=2852399&use=l&cat=p&typeid=i","cat":284531},{"id":76398,"n":"Tablette de chocolat noir Lindt Amandes / Fleur de sel - 150g","p":3.97,"u":"26,47 €/KG","img":"https://fd2-photos.leclercdrive.fr/image.ashx?id=2382992&use=l&cat=p&typeid=i","cat":284956},{"id":76454,"n":"Dos de Colin d'Alaska Findus MSC - x6 - 660g","p":8.58,"u":"13,00 €/KG","img":"https://fd2-photos.leclercdrive.fr/image.ashx?id=2735341&use=l&cat=p&typeid=i","cat":319786},{"id":76479,"n":"Viande bovine faux filet ***a 250g","p":6.49,"u":"25,96 €/KG","img":"https://fd2-photos.leclercdrive.fr/image.ashx?id=659566&use=l&cat=p&typeid=i","cat":284328},{"id":76481,"n":"Bavette Aloyau de boeuf De nos producteurs - 320g","p":8.3,"u":"25,94 €/KG","img":"https://fd2-photos.leclercdrive.fr/image.ashx?id=659538&use=l&cat=p&typeid=i","cat":284328},{"id":76482,"n":"Viande bovine 2x steak ** De nos producteurs - 350g","p":8.73,"u":"24,94 €/KG","img":"https://fd2-photos.leclercdrive.fr/image.ashx?id=659566&use=l&cat=p&typeid=i","cat":284328},{"id":76486,"n":"Viande bovine bourguignon*** De nos producteurs - 600g","p":9.57,"u":"15,95 €/KG","img":"https://fd2-photos.leclercdrive.fr/image.ashx?id=659562&use=l&cat=p&typeid=i","cat":284328},{"id":76501,"n":"Chips Tortilla Old El Paso Nachips - 185g","p":2.15,"u":"11,62 €/KG","img":"https://fd2-photos.leclercdrive.fr/image.ashx?id=2444519&use=l&cat=p&typeid=i","cat":288993},{"id":76731,"n":"Sachet mini burger Trolli 100g","p":2.28,"u":"22,80 €/KG","img":"https://fd2-photos.leclercdrive.fr/image.ashx?id=2651179&use=l&cat=p&typeid=i","cat":304250},{"id":76732,"n":"Yaourt allégé Sveltesse  Chocolat - 4x125g","p":1.47,"u":"2,94 €/KG","img":"https://fd2-photos.leclercdrive.fr/image.ashx?id=2571020&use=l&cat=p&typeid=i","cat":315000},{"id":76776,"n":"Eau de toilette Daniel Hechter  Homme Caractère - 50ml","p":14.29,"pp":10.0,"u":"200,00 €/L","img":"https://fd2-photos.leclercdrive.fr/image.ashx?id=2526953&use=l&cat=p&typeid=i","cat":287740},{"id":76783,"n":"Eau de Toilette Femme Eau Jeune Echappée Belle - 75ml","p":6.87,"pp":4.81,"u":"64,13 €/L","img":"https://fd2-photos.leclercdrive.fr/image.ashx?id=2458745&use=l&cat=p&typeid=i","cat":291525},{"id":76802,"n":"Biscuits cacao Kinder Cards Au lait et au cacao x5 - 128g","p":1.86,"u":"14,53 €/KG","img":"https://fd2-photos.leclercdrive.fr/image.ashx?id=2673328&use=l&cat=p&typeid=i","cat":284488},{"id":76859,"n":"Pâté de boeuf pour chat Eco+ Barquette - 100g","p":0.24,"u":"2,40 €/KG","img":"https://fd2-photos.leclercdrive.fr/image.ashx?id=2968613&use=l&cat=p&typeid=i","cat":285286},{"id":76861,"n":"Pâté au poisson pour chat Eco+ Barquette - 100g","p":0.24,"u":"2,40 €/KG","img":"https://fd2-photos.leclercdrive.fr/image.ashx?id=2052742&use=l&cat=p&typeid=i","cat":285286},{"id":76864,"n":"Gelée Bonne Maman Mûres - 370g","p":2.68,"u":"7,24 €/KG","img":"https://fd2-photos.leclercdrive.fr/image.ashx?id=2476305&use=l&cat=p&typeid=i","cat":284480},{"id":76875,"n":"Confiture Bonne Maman Fraise intense - 335g","p":1.88,"u":"5,61 €/KG","img":"https://fd2-photos.leclercdrive.fr/image.ashx?id=2341008&use=l&cat=p&typeid=i","cat":284480},{"id":76876,"n":"Confiture Bonne Maman Abricot intense - 335g","p":2.02,"u":"6,03 €/KG","img":"https://fd2-photos.leclercdrive.fr/image.ashx?id=2341011&use=l&cat=p&typeid=i","cat":284480},{"id":76877,"n":"Confiture Bonne Maman Framboise intense - 335g","p":2.4,"u":"7,16 €/KG","img":"https://fd2-photos.leclercdrive.fr/image.ashx?id=2341017&use=l&cat=p&typeid=i","cat":284480},{"id":76878,"n":"Confiture Bonne Maman Fruits rouges intense - 335g","p":2.1,"u":"6,27 €/KG","img":"https://fd2-photos.leclercdrive.fr/image.ashx?id=2900977&use=l&cat=p&typeid=i","cat":284480},{"id":76880,"n":"Confiture Bonne Maman Myrtille intense - 335g","p":2.34,"u":"6,99 €/KG","img":"https://fd2-photos.leclercdrive.fr/image.ashx?id=2341020&use=l&cat=p&typeid=i","cat":284480},{"id":76883,"n":"Sachet chat stérilisé Perfect Fit poissons sauce - 4x85g","p":2.7,"u":"7,94 €/KG","img":"https://fd2-photos.leclercdrive.fr/image.ashx?id=2759724&use=l&cat=p&typeid=i","cat":285286},{"id":76886,"n":"Sachet chat stérilisé Perfect  Fit poulet saumon sauce - 4x85g","p":2.72,"u":"8,00 €/KG","img":"https://fd2-photos.leclercdrive.fr/image.ashx?id=2759727&use=l&cat=p&typeid=i","cat":285286},{"id":76888,"n":"Compotes Pom'Potes Gourdes  Multivariétés - 12x90g","p":4.86,"u":"4,50 €/KG","img":"https://fd2-photos.leclercdrive.fr/image.ashx?id=2986143&use=l&cat=p&typeid=i","cat":284508},{"id":76889,"n":"Compotes Pom'Potes Gourdes  Pomme Nature - 20x90g","p":7.25,"u":"4,03 €/KG","img":"https://fd2-photos.leclercdrive.fr/image.ashx?id=2889220&use=l&cat=p&typeid=i","cat":284508},{"id":76893,"n":"Gousse vanille bourbon Vahiné De Madagascar Bio - x1","p":4.97,"img":"https://fd2-photos.leclercdrive.fr/image.ashx?id=2559847&use=l&cat=p&typeid=i","cat":284504},{"id":76895,"n":"Lait croissance Bio Guigoz En poudre - dès 12 mois - 800g","p":15.12,"u":"18,90 €/KG","img":"https://fd2-photos.leclercdrive.fr/image.ashx?id=2740289&use=l&cat=p&typeid=i","cat":290219},{"id":76923,"n":"Crème légère Ictyane Ducray Visage peau normale/sèche -40ml","p":12.99,"u":"324,75 €/L","img":"https://fd2-photos.leclercdrive.fr/image.ashx?id=2335322&use=l&cat=p&typeid=i","cat":291171},{"id":76975,"n":"Huile de massage Weleda Au calendula - 100ml","p":11.89,"u":"118,90 €/L","img":"https://fd2-photos.leclercdrive.fr/image.ashx?id=1955786&use=l&cat=p&typeid=i","cat":290422},{"id":76999,"n":"Vinaigre de vin rouge Maille 50cl","p":2.29,"u":"4,58 €/L","img":"https://fd2-photos.leclercdrive.fr/image.ashx?id=2812747&use=l&cat=p&typeid=i","cat":298543},{"id":77008,"n":"Petits pains grillés Epi d'Or Briochés - 225g","p":1.45,"u":"6,44 €/KG","img":"https://fd2-photos.leclercdrive.fr/image.ashx?id=2496416&use=l&cat=p&typeid=i","cat":284479},{"id":77010,"n":"Lait concentré sucré Nestlé 8% MG - 397g","p":1.64,"u":"4,13 €/KG","img":"https://fd2-photos.leclercdrive.fr/image.ashx?id=2906832&use=l&cat=p&typeid=i","cat":299162},{"id":77017,"n":"Vinaigrette Maille Huile sésame/soja - 36cl","p":2.91,"u":"8,08 €/L","img":"https://fd2-photos.leclercdrive.fr/image.ashx?id=2985657&use=l&cat=p&typeid=i","cat":284456},{"id":77236,"n":"Liniment bébé bio SoBio Etic Oléo-calcaire - 500ml","p":8.81,"u":"17,62 €/L","img":"https://fd2-photos.leclercdrive.fr/image.ashx?id=2494758&use=l&cat=p&typeid=i","cat":284741},{"id":77289,"n":"Friandises chats  Félix Poulet, foie, dinde  - 200g","p":2.59,"u":"12,95 €/KG","img":"https://fd2-photos.leclercdrive.fr/image.ashx?id=2740859&use=l&cat=p&typeid=i","cat":285285},{"id":77335,"n":"Lait frais demi-écrémé bio Bio Village Bouteille - 1L","p":1.95,"u":"1,95 €/L","img":"https://fd2-photos.leclercdrive.fr/image.ashx?id=2969872&use=l&cat=p&typeid=i","cat":284377},{"id":77336,"n":"St nectaire laitier NRT AOP  300g","p":4.28,"u":"14,27 €/KG","img":"https://fd2-photos.leclercdrive.fr/image.ashx?id=2143359&use=l&cat=p&typeid=i","cat":329184},{"id":77359,"n":"Ravioli pur boeuf Côté Table Sauce italienne - 800g","p":2.19,"u":"2,74 €/KG","img":"https://fd2-photos.leclercdrive.fr/image.ashx?id=2977891&use=l&cat=p&typeid=i","cat":284442},{"id":77360,"n":"Ravioli bolognaise Côté Table 800g","p":2.89,"u":"3,61 €/KG","img":"https://fd2-photos.leclercdrive.fr/image.ashx?id=2977885&use=l&cat=p&typeid=i","cat":284442},{"id":77503,"n":"Kit pour Burritos Old El Paso Original - 510g","p":4.79,"u":"9,39 €/KG","img":"https://fd2-photos.leclercdrive.fr/image.ashx?id=2759511&use=l&cat=p&typeid=i","cat":288993},{"id":77504,"n":"Kit pour Fajitas Old El Paso Original - 500g","p":4.79,"u":"9,58 €/KG","img":"https://fd2-photos.leclercdrive.fr/image.ashx?id=2759709&use=l&cat=p&typeid=i","cat":288993},{"id":77681,"n":"Amandes décortiquées Vahiné 125g","p":4.35,"u":"34,80 €/KG","img":"https://fd2-photos.leclercdrive.fr/image.ashx?id=2559805&use=l&cat=p&typeid=i","cat":284504},{"id":77727,"n":"Pain Bagel La Boulangère x2 - 180g","p":1.33,"u":"7,39 €/KG","img":"https://fd2-photos.leclercdrive.fr/image.ashx?id=2333959&use=l&cat=p&typeid=i","cat":284985},{"id":77731,"n":"Pâte à sucre Vahiné 250g","p":3.95,"u":"15,80 €/KG","img":"https://fd2-photos.leclercdrive.fr/image.ashx?id=2559874&use=l&cat=p&typeid=i","cat":284504},{"id":77735,"n":"IGP Vinaigrette à l'orange Maille 36cl","p":2.43,"u":"6,75 €/L","img":"https://fd2-photos.leclercdrive.fr/image.ashx?id=2082855&use=l&cat=p&typeid=i","cat":284456},{"id":77739,"n":"Crème sans rinçage Elsève Cheveu Abimé, Cassant - 200ml","p":5.12,"u":"25,60 €/L","img":"https://fd2-photos.leclercdrive.fr/image.ashx?id=2948980&use=l&cat=p&typeid=i","cat":284608},{"id":77745,"n":"Sauce Gourmet Amora Béarnaise - 184g","p":1.78,"u":"9,67 €/KG","img":"https://fd2-photos.leclercdrive.fr/image.ashx?id=2387876&use=l&cat=p&typeid=i","cat":318430},{"id":77746,"n":"Sauce Gourmet Amora Burger - 188g","p":1.72,"u":"9,15 €/KG","img":"https://fd2-photos.leclercdrive.fr/image.ashx?id=2387879&use=l&cat=p&typeid=i","cat":318430},{"id":77754,"n":"Pain grillé Pelletier Goût brioche - 500g","p":3.21,"u":"6,42 €/KG","img":"https://fd2-photos.leclercdrive.fr/image.ashx?id=3002246&use=l&cat=p&typeid=i","cat":284479},{"id":77755,"n":"Vinaigrette Légère MAILLE Vin Rouge & Echalotes - 36cl","p":2.45,"u":"6,81 €/L","img":"https://fd2-photos.leclercdrive.fr/image.ashx?id=2788154&use=l&cat=p&typeid=i","cat":284456},{"id":77882,"n":"Houmous L'Atelier Blini Extra au citron - 175g","p":2.76,"u":"15,77 €/KG","img":"https://fd2-photos.leclercdrive.fr/image.ashx?id=2868984&use=l&cat=p&typeid=i","cat":315999},{"id":78005,"n":"Feta AOP Casa Azzurra Portion - 150g","p":3.2,"u":"21,33 €/KG","img":"https://fd2-photos.leclercdrive.fr/image.ashx?id=1620610&use=l&cat=p&typeid=i","cat":314026},{"id":78071,"n":"Café moulu L'Or Doux 100% Arabica - 2x250g","p":9.06,"u":"18,12 €/KG","img":"https://fd2-photos.leclercdrive.fr/image.ashx?id=1876661&use=l&cat=p&typeid=i","cat":284750},{"id":78097,"n":"Ail Ducros Flacon moulin - 40g","p":3.39,"u":"84,75 €/KG","img":"https://fd2-photos.leclercdrive.fr/image.ashx?id=2486569&use=l&cat=p&typeid=i","cat":298297},{"id":78098,"n":"Sauce Épicée TABASCO Piment Rouge - 60ml","p":2.32,"u":"38,67 €/L","img":"https://fd2-photos.leclercdrive.fr/image.ashx?id=2961317&use=l&cat=p&typeid=i","cat":298298},{"id":78105,"n":"Capsules café L'Or Espresso Splendente N°7 x10","p":3.08,"u":"59,23 €/KG","img":"https://fd2-photos.leclercdrive.fr/image.ashx?id=3000465&use=l&cat=p&typeid=i","cat":284749},{"id":78107,"n":"Capsules café L'Or Espresso Decaffeinato N°6 x10","p":3.13,"u":"60,19 €/KG","img":"https://fd2-photos.leclercdrive.fr/image.ashx?id=2100275&use=l&cat=p&typeid=i","cat":284749},{"id":78108,"n":"Capsules café L'Or Espresso Or Absolu N°9 x10","p":3.64,"u":"70,00 €/KG","img":"https://fd2-photos.leclercdrive.fr/image.ashx?id=2100287&use=l&cat=p&typeid=i","cat":284749},{"id":78133,"n":"Sablés framboise Bonne Maman 150g","p":1.81,"u":"12,07 €/KG","img":"https://fd2-photos.leclercdrive.fr/image.ashx?id=2936215&use=l&cat=p&typeid=i","cat":284487},{"id":78135,"n":"Safran filament Ducros 0.35g","p":5.69,"img":"https://fd2-photos.leclercdrive.fr/image.ashx?id=2474296&use=l&cat=p&typeid=i","cat":298297},{"id":78137,"n":"Coquillettes Chaque Jour  Sans gluten - 400g","p":1.57,"u":"3,93 €/KG","img":"https://fd2-photos.leclercdrive.fr/image.ashx?id=2872715&use=l&cat=p&typeid=i","cat":284427},{"id":78150,"n":"Biscuits aux amandes Kambly Tradition Suisse Rocher - 80g","p":2.36,"u":"29,50 €/KG","img":"https://fd2-photos.leclercdrive.fr/image.ashx?id=2883747&use=l&cat=p&typeid=i","cat":284487},{"id":78160,"n":"Petits cookies Bonne Maman Pépites de chocolat - 250g","p":2.42,"u":"9,68 €/KG","img":"https://fd2-photos.leclercdrive.fr/image.ashx?id=2936170&use=l&cat=p&typeid=i","cat":325066},{"id":78176,"n":"Mini cônes Extrême Vanille Chocolat x8 - 312g","p":3.7,"pp":2.59,"u":"8,30 €/KG","img":"https://fd2-photos.leclercdrive.fr/image.ashx?id=2737030&use=l&cat=p&typeid=i","cat":284264},{"id":78192,"n":"Pizza extrème Marie L'américaine - 530g","p":3.98,"u":"7,51 €/KG","img":"https://fd2-photos.leclercdrive.fr/image.ashx?id=2996767&use=l&cat=p&typeid=i","cat":284256},{"id":78204,"n":"Biscuits Palmito LU 100g","p":0.81,"u":"8,10 €/KG","img":"https://fd2-photos.leclercdrive.fr/image.ashx?id=3001949&use=l&cat=p&typeid=i","cat":284487},{"id":78214,"n":"Cookies mini Granola Pépites de chocolat - 160g","p":1.7,"u":"10,63 €/KG","img":"https://fd2-photos.leclercdrive.fr/image.ashx?id=3002252&use=l&cat=p&typeid=i","cat":325066},{"id":78454,"n":"Biscuits petit déjeuner Belvita Chocolat - 600g","p":3.66,"u":"6,10 €/KG","img":"https://fd2-photos.leclercdrive.fr/image.ashx?id=2345484&use=l&cat=p&typeid=i","cat":284491},{"id":78577,"n":"Gaufrettes Brun  Chocolat - 146g","p":0.9,"u":"6,16 €/KG","img":"https://fd2-photos.leclercdrive.fr/image.ashx?id=2842543&use=l&cat=p&typeid=i","cat":284487},{"id":78594,"n":"Biscuits croquants Délichoc Chocolat noir - 150g","p":1.83,"u":"12,20 €/KG","img":"https://fd2-photos.leclercdrive.fr/image.ashx?id=2956307&use=l&cat=p&typeid=i","cat":284488},{"id":78618,"n":"Assiettes en carton Eco+ x100","p":3.12,"img":"https://fd2-photos.leclercdrive.fr/image.ashx?id=1307672&use=l&cat=p&typeid=i","cat":334134},{"id":78717,"n":"Brioche tranchée Eco+ Nature - 500g","p":1.19,"u":"2,38 €/KG","img":"https://fd2-photos.leclercdrive.fr/image.ashx?id=2605086&use=l&cat=p&typeid=i","cat":284478},{"id":78719,"n":"Goûter fourré rond Eco+ Vanille - 500g","p":1.43,"u":"2,86 €/KG","img":"https://fd2-photos.leclercdrive.fr/image.ashx?id=2223611&use=l&cat=p&typeid=i","cat":284489},{"id":78722,"n":"Tartelettes à l'abricot Eco+ x12 - 200g","p":0.8,"u":"4,00 €/KG","img":"https://fd2-photos.leclercdrive.fr/image.ashx?id=2869754&use=l&cat=p&typeid=i","cat":284489},{"id":78723,"n":"Petits beurre Eco+ x24 - 175g","p":0.58,"u":"3,31 €/KG","img":"https://fd2-photos.leclercdrive.fr/image.ashx?id=2758782&use=l&cat=p&typeid=i","cat":284487},{"id":78726,"n":"Biscuits petit déjeuner Eco+ x25 - 350g","p":0.73,"u":"2,09 €/KG","img":"https://fd2-photos.leclercdrive.fr/image.ashx?id=2550821&use=l&cat=p&typeid=i","cat":284491},{"id":78732,"n":"Guacamole Old El Paso Doux - 320g","p":2.23,"u":"6,97 €/KG","img":"https://fd2-photos.leclercdrive.fr/image.ashx?id=2737612&use=l&cat=p&typeid=i","cat":288993},{"id":78734,"n":"Boisson gourmande PAGO Red ACE Orange sang carotte ctrn - 75cl","p":1.91,"u":"2,55 €/L","img":"https://fd2-photos.leclercdrive.fr/image.ashx?id=2861234&use=l&cat=p&typeid=i","cat":284915},{"id":78773,"n":"Tablette de chocolat noir Lindt Noir 78% cacao - 100g","p":2.42,"u":"24,20 €/KG","img":"https://fd2-photos.leclercdrive.fr/image.ashx?id=2689481&use=l&cat=p&typeid=i","cat":284956},{"id":78837,"n":"Fromage blanc Danone Nature 3%MG - 825g","p":2.93,"u":"3,55 €/KG","img":"https://fd2-photos.leclercdrive.fr/image.ashx?id=2813878&use=l&cat=p&typeid=i","cat":284409},{"id":78937,"n":"Knacki végétal Herta x6 - 210g","p":2.33,"u":"11,10 €/KG","img":"https://fd2-photos.leclercdrive.fr/image.ashx?id=2992323&use=l&cat=p&typeid=i","cat":316036},{"id":78953,"n":"Savon solide Bionaïa Abricot bio - 100g","p":1.39,"u":"13,90 €/KG","img":"https://fd2-photos.leclercdrive.fr/image.ashx?id=2331324&use=l&cat=p&typeid=i","cat":284597},{"id":78969,"n":"Trio de lentilles à la moutarde Pierre Martinet - 250g","p":2.56,"u":"10,24 €/KG","img":"https://fd2-photos.leclercdrive.fr/image.ashx?id=2939610&use=l&cat=p&typeid=i","cat":316036},{"id":79092,"n":"Adoucissant peaux sensibles 40 lavages - 750 ml - UNI VERT","p":1.78,"u":"2,37 €/L","img":"https://fd2-photos.leclercdrive.fr/image.ashx?id=2893334&use=l&cat=p&typeid=i","cat":284650},{"id":79181,"n":"Huile lavante Mots d'Enfants Bébé - 250ml","p":1.24,"u":"4,96 €/L","img":"https://fd2-photos.leclercdrive.fr/image.ashx?id=2485092&use=l&cat=p&typeid=i","cat":284741},{"id":79243,"n":"Petit pot bébé bio Blédina 4-6m Patate douce - 2x130g","p":1.94,"u":"7,46 €/KG","img":"https://fd2-photos.leclercdrive.fr/image.ashx?id=2848581&use=l&cat=p&typeid=i","cat":312234},{"id":79311,"n":"Après-Shampooing Sobio Etic Lait d'amande Bio - 200ml","p":4.1,"u":"20,50 €/L","img":"https://fd2-photos.leclercdrive.fr/image.ashx?id=2787065&use=l&cat=p&typeid=i","cat":284607},{"id":79402,"n":"Chorizo espagnol fort x30 - 150g","p":2.19,"u":"14,60 €/KG","img":"https://fd2-photos.leclercdrive.fr/image.ashx?id=1873728&use=l&cat=p&typeid=i","cat":316007},{"id":79404,"n":"P'tit max Délisse Vanille - 6x180g","p":2.03,"u":"1,88 €/KG","img":"https://fd2-photos.leclercdrive.fr/image.ashx?id=2757933&use=l&cat=p&typeid=i","cat":284415},{"id":79406,"n":"P'tit max Délisse Framboise - 6x180g","p":2.03,"u":"1,88 €/KG","img":"https://fd2-photos.leclercdrive.fr/image.ashx?id=2757936&use=l&cat=p&typeid=i","cat":284415},{"id":79517,"n":"Soupe velouté Knorr 9 légumes - 1L","p":1.7,"u":"1,70 €/L","img":"https://fd2-photos.leclercdrive.fr/image.ashx?id=2408273&use=l&cat=p&typeid=i","cat":284462},{"id":79519,"n":"Soupe mouliné Knorr Légumes variés - 1L","p":1.77,"u":"1,77 €/L","img":"https://fd2-photos.leclercdrive.fr/image.ashx?id=2408276&use=l&cat=p&typeid=i","cat":284462},{"id":79528,"n":"Nouilles Tables du Monde Asiatiques Boeuf cup - 61.5g","p":0.74,"u":"11,94 €/KG","img":"https://fd2-photos.leclercdrive.fr/image.ashx?id=1297258&use=l&cat=p&typeid=i","cat":288992},{"id":79529,"n":"Nouille Tables du Monde Asiatique Poulet cup - 61.5g","p":0.74,"u":"11,94 €/KG","img":"https://fd2-photos.leclercdrive.fr/image.ashx?id=1297261&use=l&cat=p&typeid=i","cat":288992},{"id":79532,"n":"Nouilles Table du Monde Asiatiques Curry cup - 61.5g","p":0.79,"u":"12,74 €/KG","img":"https://fd2-photos.leclercdrive.fr/image.ashx?id=1297264&use=l&cat=p&typeid=i","cat":288992},{"id":79543,"n":"Pâtes De Cecco Linguine n°7 - 500g","p":1.83,"u":"3,66 €/KG","img":"https://fd2-photos.leclercdrive.fr/image.ashx?id=2997280&use=l&cat=p&typeid=i","cat":284427},{"id":79545,"n":"Pâtes Collezione Barilla Tortellini jambon fromage -250g","p":2.57,"u":"10,28 €/KG","img":"https://fd2-photos.leclercdrive.fr/image.ashx?id=2588624&use=l&cat=p&typeid=i","cat":284427},{"id":79556,"n":"Couscous parfumé Tipiak Epice - 510g","p":1.91,"u":"3,75 €/KG","img":"https://fd2-photos.leclercdrive.fr/image.ashx?id=2882866&use=l&cat=p&typeid=i","cat":284429},{"id":79624,"n":"Barre de céréales Nature Valley Crunchy avoine chocolat x5-210g","p":2.47,"u":"11,76 €/KG","img":"https://fd2-photos.leclercdrive.fr/image.ashx?id=2844475&use=l&cat=p&typeid=i","cat":285869},{"id":79625,"n":"Barre de céréales Nature Valley  Sweet & Salty chocolat x5-150g","p":2.7,"u":"18,00 €/KG","img":"https://fd2-photos.leclercdrive.fr/image.ashx?id=2737714&use=l&cat=p&typeid=i","cat":285869},{"id":79692,"n":"Mascara L'Oréal Paris Millions de Cils Noir","p":10.79,"pp":7.12,"img":"https://fd2-photos.leclercdrive.fr/image.ashx?id=2419167&use=l&cat=p&typeid=i","cat":287029},{"id":79832,"n":"Gourde bébé Good Goût Bio 4mois Prune - 120g","p":1.59,"u":"13,25 €/KG","img":"https://fd2-photos.leclercdrive.fr/image.ashx?id=2381270&use=l&cat=p&typeid=i","cat":312393},{"id":79833,"n":"Gourde bébé Good Goût Bio 6mois Purée de Pomme/Coing - 120g","p":1.59,"u":"13,25 €/KG","img":"https://fd2-photos.leclercdrive.fr/image.ashx?id=2736181&use=l&cat=p&typeid=i","cat":312393},{"id":79877,"n":"Correcteur anticerne Maybelline Instant Anti-Age 01 Beige Rose","p":8.79,"img":"https://fd2-photos.leclercdrive.fr/image.ashx?id=2770542&use=l&cat=p&typeid=i","cat":287029},{"id":79940,"n":"Bière blonde Grimbergen 6,7° - 50cl canette","p":1.81,"u":"3,62 €/L","img":"https://fd2-photos.leclercdrive.fr/image.ashx?id=2605458&use=l&cat=p&typeid=i","cat":334853},{"id":79967,"n":"Joker Pur Jus Engagé Orange  avec pulpe - 1,5L","p":4.1,"u":"2,73 €/L","img":"https://fd2-photos.leclercdrive.fr/image.ashx?id=3008140&use=l&cat=p&typeid=i","cat":284521},{"id":79971,"n":"Boisson Citronnade Pulco Citron - 1L","p":2.0,"u":"2,00 €/L","img":"https://fd2-photos.leclercdrive.fr/image.ashx?id=2942263&use=l&cat=p&typeid=i","cat":295018},{"id":80102,"n":"Lentille corail bio Happy Bio 500g","p":3.28,"u":"6,56 €/KG","img":"https://fd2-photos.leclercdrive.fr/image.ashx?id=2685012&use=l&cat=p&typeid=i","cat":284430},{"id":80114,"n":"Lait bébé Les récoltes bio croissance Blédina 10 mois 6x1l","p":14.43,"u":"2,41 €/L","img":"https://fd2-photos.leclercdrive.fr/image.ashx?id=2605440&use=l&cat=p&typeid=i","cat":284728},{"id":80128,"n":"Rosette de Lyon Saint-Azay 12 tranches - 100g","p":1.44,"u":"14,40 €/KG","img":"https://fd2-photos.leclercdrive.fr/image.ashx?id=2728264&use=l&cat=p&typeid=i","cat":316007},{"id":80183,"n":"Bière blonde Duchesse Anne Triple - 6x25cl","p":6.52,"u":"4,35 €/L","img":"https://fd2-photos.leclercdrive.fr/image.ashx?id=1650626&use=l&cat=p&typeid=i","cat":334872},{"id":80186,"n":"Rhum tradition Rivière du Mat Blanc - 40%vol - 70cl","p":11.4,"u":"16,29 €/L","img":"https://fd2-photos.leclercdrive.fr/image.ashx?id=2616117&use=l&cat=p&typeid=i","cat":284550},{"id":80264,"n":"Joker Pur Jus Engagé  Multifruits - 2L","p":4.23,"u":"2,12 €/L","img":"https://fd2-photos.leclercdrive.fr/image.ashx?id=2846358&use=l&cat=p&typeid=i","cat":284917},{"id":80266,"n":"Joker Pur Jus Engagé Orange  sans Pulpe - 2L","p":4.95,"u":"2,48 €/L","img":"https://fd2-photos.leclercdrive.fr/image.ashx?id=2731186&use=l&cat=p&typeid=i","cat":284521},{"id":80302,"n":"Eau minérale naturelle Volvic 6x1,5L","p":3.04,"u":"0,34 €/L","img":"https://fd2-photos.leclercdrive.fr/image.ashx?id=2730244&use=l&cat=p&typeid=i","cat":284535},{"id":80305,"n":"Boisson aux fruits Oasis Tropical - 12x33cl","p":7.02,"u":"1,77 €/L","img":"https://fd2-photos.leclercdrive.fr/image.ashx?id=2880706&use=l&cat=p&typeid=i","cat":295018},{"id":80306,"n":"Soda Schweppes Saveur Agrumes -12x33cl","p":7.0,"u":"1,77 €/L","img":"https://fd2-photos.leclercdrive.fr/image.ashx?id=2852426&use=l&cat=p&typeid=i","cat":284532},{"id":80308,"n":"Soda Pepsi Cola zéro - 5x1.5L + 1 offerte","p":5.75,"u":"0,64 €/L","img":"https://fd2-photos.leclercdrive.fr/image.ashx?id=2983327&use=l&cat=p&typeid=i","cat":284530},{"id":80346,"n":"yaourt aux fruits bifidus activia cerise - 4x125g","p":1.77,"u":"3,54 €/KG","img":"https://fd2-photos.leclercdrive.fr/image.ashx?id=2885327&use=l&cat=p&typeid=i","cat":315000},{"id":80380,"n":"Tablette De Chocolat Poulain Noir Extra - 200g","p":2.05,"u":"10,25 €/KG","img":"https://fd2-photos.leclercdrive.fr/image.ashx?id=2890262&use=l&cat=p&typeid=i","cat":284956},{"id":80382,"n":"Tablette De Chocolat Poulain Noir Extra - 2x100g","p":2.43,"u":"12,15 €/KG","img":"https://fd2-photos.leclercdrive.fr/image.ashx?id=2867566&use=l&cat=p&typeid=i","cat":284956},{"id":80383,"n":"Tablette KINDER Chocolat Chocolat au Lait x12 - 150g","p":2.84,"u":"18,93 €/KG","img":"https://fd2-photos.leclercdrive.fr/image.ashx?id=1904474&use=l&cat=p&typeid=i","cat":284498},{"id":80385,"n":"Barres Chocolatées KINDER BUENO  Chocolat au Lait x5 - 215g","p":3.89,"u":"18,09 €/KG","img":"https://fd2-photos.leclercdrive.fr/image.ashx?id=2679621&use=l&cat=p&typeid=i","cat":284498},{"id":80386,"n":"Barres KINDER BUENO White  Chocolat Blanc x6 - 234g","p":4.19,"u":"17,91 €/KG","img":"https://fd2-photos.leclercdrive.fr/image.ashx?id=2679639&use=l&cat=p&typeid=i","cat":284498},{"id":80396,"n":"Eau Micellaire visage Nivea Peaux sèches - 400ml","p":3.1,"u":"7,75 €/L","img":"https://fd2-photos.leclercdrive.fr/image.ashx?id=3014599&use=l&cat=p&typeid=i","cat":284603},{"id":80479,"n":"Bières Blondes Chouffe 6x33cl","p":11.57,"u":"5,84 €/L","img":"https://fd2-photos.leclercdrive.fr/image.ashx?id=2877079&use=l&cat=p&typeid=i","cat":334872},{"id":80593,"n":"Arachides Maître Prunille Coque grillées - 1kg","p":7.01,"u":"7,01 €/KG","img":"https://fd2-photos.leclercdrive.fr/image.ashx?id=2234015&use=l&cat=p&typeid=i","cat":284357},{"id":80630,"n":"Purée de tomates Bio Village Bio  - 72cl","p":1.54,"u":"2,14 €/L","img":"https://fd2-photos.leclercdrive.fr/image.ashx?id=2699589&use=l&cat=p&typeid=i","cat":288384},{"id":80663,"n":"Soda Pepsi Cola - 5x1.5L + 1 offerte","p":5.7,"u":"0,63 €/L","img":"https://fd2-photos.leclercdrive.fr/image.ashx?id=2983324&use=l&cat=p&typeid=i","cat":284530},{"id":80838,"n":"Compote Cool Fruits bio Vitabio Pomme Fraise Myrtille - 12x90g","p":9.53,"u":"8,82 €/KG","img":"https://fd2-photos.leclercdrive.fr/image.ashx?id=2682267&use=l&cat=p&typeid=i","cat":284508},{"id":80840,"n":"Bouillon Cube Maggi Pot au feu - Dégraissé - 120g","p":1.53,"u":"12,75 €/KG","img":"https://fd2-photos.leclercdrive.fr/image.ashx?id=2212327&use=l&cat=p&typeid=i","cat":288379},{"id":80841,"n":"Bouillon Cube Maggi Volaille - Degraissé - 120g","p":1.49,"u":"12,42 €/KG","img":"https://fd2-photos.leclercdrive.fr/image.ashx?id=2737087&use=l&cat=p&typeid=i","cat":288379},{"id":80927,"n":"Fromage chèvre chaud Soignon Nature - 21% MG - 4x25g","p":1.94,"u":"19,40 €/KG","img":"https://fd2-photos.leclercdrive.fr/image.ashx?id=2844951&use=l&cat=p&typeid=i","cat":314027},{"id":81188,"n":"Flan aromatisé vanille Flanby nappé de caramel - 12x100g","p":2.53,"u":"2,11 €/KG","img":"https://fd2-photos.leclercdrive.fr/image.ashx?id=2744584&use=l&cat=p&typeid=i","cat":284420},{"id":81196,"n":"Flan aromatisé vanille Flanby nappé de caramel - 6x100g","p":1.46,"u":"2,43 €/KG","img":"https://fd2-photos.leclercdrive.fr/image.ashx?id=2483786&use=l&cat=p&typeid=i","cat":284420},{"id":81199,"n":"Yaourt La Laitière  Vanille - 8x125g","p":3.13,"u":"3,13 €/KG","img":"https://fd2-photos.leclercdrive.fr/image.ashx?id=2613981&use=l&cat=p&typeid=i","cat":286006},{"id":81215,"n":"Compote Cool Fruits bio Vitabio Pomme Mangue Ananas -12x90g","p":9.42,"u":"8,72 €/KG","img":"https://fd2-photos.leclercdrive.fr/image.ashx?id=2621399&use=l&cat=p&typeid=i","cat":284508},{"id":81217,"n":"Compote Cool Fruits bio Vitabio Pomme Pêche Abricot -12x90g","p":8.11,"u":"7,51 €/KG","img":"https://fd2-photos.leclercdrive.fr/image.ashx?id=2621423&use=l&cat=p&typeid=i","cat":284508},{"id":81222,"n":"Pizza La pizz Sodebo Chorizo - 470g","p":3.44,"u":"7,32 €/KG","img":"https://fd2-photos.leclercdrive.fr/image.ashx?id=2868389&use=l&cat=p&typeid=i","cat":333679},{"id":81236,"n":"Fromage à tartiner Boursin Ail et fines herbes 10 portions","p":2.37,"u":"14,81 €/KG","img":"https://fd2-photos.leclercdrive.fr/image.ashx?id=2964682&use=l&cat=p&typeid=i","cat":314029},{"id":81246,"n":"Bière blonde Pelforth 12x25cl","p":7.2,"u":"2,40 €/L","img":"https://fd2-photos.leclercdrive.fr/image.ashx?id=2645146&use=l&cat=p&typeid=i","cat":334873},{"id":81250,"n":"Bière blonde Grimbergen 6,7° - 20x25cl","p":13.52,"u":"2,70 €/L","img":"https://fd2-photos.leclercdrive.fr/image.ashx?id=2294791&use=l&cat=p&typeid=i","cat":334852},{"id":81254,"n":"Bière blonde Grimbergen 6,7° - 12x25cl","p":8.59,"u":"2,86 €/L","img":"https://fd2-photos.leclercdrive.fr/image.ashx?id=2872865&use=l&cat=p&typeid=i","cat":334852},{"id":81268,"n":"Bière blonde Grimbergen 6,7° - 6x25cl","p":4.8,"u":"3,20 €/L","img":"https://fd2-photos.leclercdrive.fr/image.ashx?id=2294381&use=l&cat=p&typeid=i","cat":334852},{"id":81272,"n":"Vin mousseux brut blanc  Produit en Allemagne - 75cl","p":1.57,"u":"2,09 €/L","img":"https://fd2-photos.leclercdrive.fr/image.ashx?id=2720133&use=l&cat=p&typeid=i","cat":284544},{"id":81277,"n":"Vin mousseux demi-sec blanc  Produit en Allemagne - 75cl","p":1.59,"u":"2,12 €/L","img":"https://fd2-photos.leclercdrive.fr/image.ashx?id=2720130&use=l&cat=p&typeid=i","cat":284544},{"id":81278,"n":"Vinaigre IGP Toscoro Balsamique de Modène - 50cl","p":3.07,"u":"6,14 €/L","img":"https://fd2-photos.leclercdrive.fr/image.ashx?id=2758150&use=l&cat=p&typeid=i","cat":289010},{"id":81280,"n":"Fromage La Vache qui rit Toastinette nature 10 tranches","p":1.72,"u":"8,60 €/KG","img":"https://fd2-photos.leclercdrive.fr/image.ashx?id=2342776&use=l&cat=p&typeid=i","cat":314028},{"id":81281,"n":"Fromage La Vache qui rit Toastinette cheddar 10 tranches","p":1.7,"u":"8,50 €/KG","img":"https://fd2-photos.leclercdrive.fr/image.ashx?id=2342773&use=l&cat=p&typeid=i","cat":314028},{"id":81291,"n":"Bière sans alcool Tourtel Twist Citron Vert Menthe 0,0° -6x27cl","p":4.01,"u":"2,43 €/L","img":"https://fd2-photos.leclercdrive.fr/image.ashx?id=2896567&use=l&cat=p&typeid=i","cat":334877},{"id":81316,"n":"Tablette KINDER Chocolat Chocolat au Lait x24 - 300g","p":4.23,"u":"14,10 €/KG","img":"https://fd2-photos.leclercdrive.fr/image.ashx?id=2868167&use=l&cat=p&typeid=i","cat":284498},{"id":81318,"n":"Bonbons KINDER Schoko-Bons Chocolat au lait - 500G","p":7.77,"u":"15,54 €/KG","img":"https://fd2-photos.leclercdrive.fr/image.ashx?id=2402925&use=l&cat=p&typeid=i","cat":304238},{"id":81322,"n":"Huile de Tournesol Eco+ 3L","p":4.89,"u":"1,63 €/L","img":"https://fd2-photos.leclercdrive.fr/image.ashx?id=3002506&use=l&cat=p&typeid=i","cat":284453},{"id":81323,"n":"Huile d'olive Bio Carapelli Extra-vierge - 75cl","p":11.77,"u":"15,69 €/L","img":"https://fd2-photos.leclercdrive.fr/image.ashx?id=2737447&use=l&cat=p&typeid=i","cat":284453},{"id":81361,"n":"Spray Cytelium A-derma Assèche et Apaise - 100ml","p":9.71,"u":"97,10 €/L","img":"https://fd2-photos.leclercdrive.fr/image.ashx?id=2377091&use=l&cat=p&typeid=i","cat":290421},{"id":81371,"n":"Tartine de pain Pasquier Au blé complet - 240g","p":1.46,"u":"6,08 €/KG","img":"https://fd2-photos.leclercdrive.fr/image.ashx?id=2927339&use=l&cat=p&typeid=i","cat":284479},{"id":81374,"n":"Vodka Zubrowka Biala 37.5%vol - 1L","p":14.95,"pp":13.45,"u":"13,45 €/L","img":"https://fd2-photos.leclercdrive.fr/image.ashx?id=2955510&use=l&cat=p&typeid=i","cat":284550},{"id":81380,"n":"Chorizo tranché César Moroni Doux 20 tranches - 100g","p":1.83,"u":"18,30 €/KG","img":"https://fd2-photos.leclercdrive.fr/image.ashx?id=2948836&use=l&cat=p&typeid=i","cat":316007},{"id":81383,"n":"Rillettes du Mans La Véritable Bordeau Chesnel - 220g","p":2.07,"u":"9,41 €/KG","img":"https://fd2-photos.leclercdrive.fr/image.ashx?id=2763100&use=l&cat=p&typeid=i","cat":316008},{"id":81384,"n":"Vodka Zubrowska Biala 37.5%vol - 70cl","p":10.49,"u":"14,99 €/L","img":"https://fd2-photos.leclercdrive.fr/image.ashx?id=2961227&use=l&cat=p&typeid=i","cat":284550},{"id":81434,"n":"Tablette de chocolat Côte d'Or Chocolat Noir/Amandes - 4x180g","p":13.09,"u":"18,18 €/KG","img":"https://fd2-photos.leclercdrive.fr/image.ashx?id=2938028&use=l&cat=p&typeid=i","cat":284956},{"id":81450,"n":"Bière Blonde Duvel 6x33cl","p":10.63,"u":"5,37 €/L","img":"https://fd2-photos.leclercdrive.fr/image.ashx?id=2314587&use=l&cat=p&typeid=i","cat":334872},{"id":81462,"n":"Fromage Apéritif Apérivrais  Ail et Fines Herbes - 100g","p":2.08,"u":"20,80 €/KG","img":"https://fd2-photos.leclercdrive.fr/image.ashx?id=2854612&use=l&cat=p&typeid=i","cat":314027},{"id":81547,"n":"Capsules Nescafé Dolce Gusto  Cappuccino - x8 - 186g","p":4.51,"u":"24,25 €/KG","img":"https://fd2-photos.leclercdrive.fr/image.ashx?id=2838809&use=l&cat=p&typeid=i","cat":293239},{"id":81548,"n":"Pain de mie Harrys 100% mie Nature Sans croûte Maxi - 650g","p":2.09,"u":"3,22 €/KG","img":"https://fd2-photos.leclercdrive.fr/image.ashx?id=2517468&use=l&cat=p&typeid=i","cat":284477},{"id":81554,"n":"Riz au lait Bonne Maman Vanille Naturelle - 4x100g","p":2.15,"u":"5,38 €/KG","img":"https://fd2-photos.leclercdrive.fr/image.ashx?id=2619130&use=l&cat=p&typeid=i","cat":284418},{"id":81558,"n":"Pain de mie 100% Mie Harrys Nature petites tranches - 500g","p":1.71,"u":"3,42 €/KG","img":"https://fd2-photos.leclercdrive.fr/image.ashx?id=2517453&use=l&cat=p&typeid=i","cat":284477},{"id":81559,"n":"Yaourt Enfant Petits Filous Fruits Mixés Panaché - 12x50g","p":2.24,"u":"3,73 €/KG","img":"https://fd2-photos.leclercdrive.fr/image.ashx?id=2767359&use=l&cat=p&typeid=i","cat":284414},{"id":81564,"n":"AOP Champagne Canard-Duchêne Brut - 75cl","p":23.9,"u":"31,87 €/L","img":"https://fd2-photos.leclercdrive.fr/image.ashx?id=2756909&use=l&cat=p&typeid=i","cat":284542},{"id":81567,"n":"Biscuits Good Goût - 8 mois Bio - Mangue - 50g","p":3.24,"u":"64,80 €/KG","img":"https://fd2-photos.leclercdrive.fr/image.ashx?id=2762256&use=l&cat=p&typeid=i","cat":312227},{"id":81768,"n":"Brioche tranchée La Boulangère Bio - 400g","p":2.17,"u":"5,43 €/KG","img":"https://fd2-photos.leclercdrive.fr/image.ashx?id=2912194&use=l&cat=p&typeid=i","cat":284478},{"id":81779,"n":"Thé noir Bio Ethiquable  Tchaï aux épices x20 - 36g","p":2.37,"u":"65,83 €/KG","img":"https://fd2-photos.leclercdrive.fr/image.ashx?id=2870833&use=l&cat=p&typeid=i","cat":293233},{"id":81781,"n":"Thé noir Bio Ethiquable  Earl grey Darjeeling x20 - 36g","p":2.3,"u":"63,89 €/KG","img":"https://fd2-photos.leclercdrive.fr/image.ashx?id=2870836&use=l&cat=p&typeid=i","cat":293233},{"id":81847,"n":"IGP Côtes de Gascogne blanc Ménard Gros Manseng - 75cl","p":4.99,"u":"6,65 €/L","img":"https://fd2-photos.leclercdrive.fr/image.ashx?id=2981217&use=l&cat=p&typeid=i","cat":289557},{"id":81861,"n":"Pain de mie 100% Mie Harrys Nature grandes tranches - 500g","p":1.77,"u":"3,54 €/KG","img":"https://fd2-photos.leclercdrive.fr/image.ashx?id=2517456&use=l&cat=p&typeid=i","cat":284477},{"id":81909,"n":"Café moulu Grand Mère Familial - 250g","p":3.45,"u":"13,80 €/KG","img":"https://fd2-photos.leclercdrive.fr/image.ashx?id=1755046&use=l&cat=p&typeid=i","cat":284750},{"id":81927,"n":"Rhum Blanc Agricole AOC Martinique 40° - 2 L","p":28.09,"u":"14,05 €/L","img":"https://fd2-photos.leclercdrive.fr/image.ashx?id=1558483&use=l&cat=p&typeid=i","cat":284550},{"id":81991,"n":"Courgettes rondelle Bio Village Bio - 600g","p":1.99,"u":"3,32 €/KG","img":"https://fd2-photos.leclercdrive.fr/image.ashx?id=2898089&use=l&cat=p&typeid=i","cat":319805},{"id":81993,"n":"Butternut Bio Bio Village En cubes - 600g","p":1.99,"u":"3,32 €/KG","img":"https://fd2-photos.leclercdrive.fr/image.ashx?id=2897901&use=l&cat=p&typeid=i","cat":319805},{"id":82099,"n":"Steak haché Eco+ x10 - 1kg","p":8.74,"u":"8,74 €/KG","img":"https://fd2-photos.leclercdrive.fr/image.ashx?id=2966532&use=l&cat=p&typeid=i","cat":319778},{"id":82102,"n":"Lanières Trio de poivrons Bio Bio village - 600g","p":2.99,"u":"4,98 €/KG","img":"https://fd2-photos.leclercdrive.fr/image.ashx?id=2996024&use=l&cat=p&typeid=i","cat":319805},{"id":82145,"n":"Bière blonde La G de Goudale 7.9%vol - 75cl","p":3.98,"u":"5,31 €/L","img":"https://fd2-photos.leclercdrive.fr/image.ashx?id=2861566&use=l&cat=p&typeid=i","cat":334872},{"id":82148,"n":"Lardons fumés Supérieur Eco+ 2x100g","p":1.34,"u":"6,70 €/KG","img":"https://fd2-photos.leclercdrive.fr/image.ashx?id=2688252&use=l&cat=p&typeid=i","cat":316011},{"id":82149,"n":"lardons supérieurs ECO+ Nature - 2x100g","p":1.34,"u":"6,70 €/KG","img":"https://fd2-photos.leclercdrive.fr/image.ashx?id=2688249&use=l&cat=p&typeid=i","cat":316011},{"id":82152,"n":"Compote Andros Abricot Morceaux - 4x100g","p":2.2,"u":"5,50 €/KG","img":"https://fd2-photos.leclercdrive.fr/image.ashx?id=2853566&use=l&cat=p&typeid=i","cat":284416},{"id":82157,"n":"Dessert fruitier pêche Andros En morceaux - 4x100g","p":1.87,"u":"4,68 €/KG","img":"https://fd2-photos.leclercdrive.fr/image.ashx?id=2845470&use=l&cat=p&typeid=i","cat":284416},{"id":82166,"n":"Compotes Andros Pomme Fraise - 4x100g","p":1.47,"u":"3,68 €/KG","img":"https://fd2-photos.leclercdrive.fr/image.ashx?id=2915572&use=l&cat=p&typeid=i","cat":284416},{"id":82167,"n":"Compotes Andros Pomme Banane - 4x100g","p":1.44,"u":"3,60 €/KG","img":"https://fd2-photos.leclercdrive.fr/image.ashx?id=2883997&use=l&cat=p&typeid=i","cat":284416},{"id":82168,"n":"Compotes Andros Pomme Poire - 4x100g","p":1.35,"u":"3,38 €/KG","img":"https://fd2-photos.leclercdrive.fr/image.ashx?id=2883994&use=l&cat=p&typeid=i","cat":284416},{"id":82172,"n":"Mini cônes Extrême  Vanille Caramel x8 - 312g","p":3.7,"pp":2.59,"u":"8,30 €/KG","img":"https://fd2-photos.leclercdrive.fr/image.ashx?id=2737033&use=l&cat=p&typeid=i","cat":284264},{"id":82174,"n":"Extrême  Citron Framboise - 6x71g","p":3.77,"u":"8,85 €/KG","img":"https://fd2-photos.leclercdrive.fr/image.ashx?id=2866076&use=l&cat=p&typeid=i","cat":284264},{"id":82177,"n":"Bière blonde Duvel 8.5%vol - 75cl","p":4.09,"u":"5,45 €/L","img":"https://fd2-photos.leclercdrive.fr/image.ashx?id=2111139&use=l&cat=p&typeid=i","cat":334872},{"id":82179,"n":"Bière blonde 3 Monts 75cl","p":2.44,"u":"3,25 €/L","img":"https://fd2-photos.leclercdrive.fr/image.ashx?id=2550553&use=l&cat=p&typeid=i","cat":334852},{"id":82181,"n":"Bière Mort Subite Kriek A la cerise - 33cl","p":1.44,"u":"4,36 €/L","img":"https://fd2-photos.leclercdrive.fr/image.ashx?id=2796414&use=l&cat=p&typeid=i","cat":334872},{"id":82184,"n":"Barres KINDER BUENO White  Chocolat Blanc x12 - 468g","p":8.35,"u":"17,84 €/KG","img":"https://fd2-photos.leclercdrive.fr/image.ashx?id=2679642&use=l&cat=p&typeid=i","cat":284498},{"id":82218,"n":"Emmental fromage rapé Les Croisés - 750g","p":5.98,"u":"7,97 €/KG","img":"https://fd2-photos.leclercdrive.fr/image.ashx?id=1995830&use=l&cat=p&typeid=i","cat":314035},{"id":82234,"n":"Liniment Corine de Farme Bio - 500ml","p":4.28,"u":"8,56 €/L","img":"https://fd2-photos.leclercdrive.fr/image.ashx?id=2424449&use=l&cat=p&typeid=i","cat":284741},{"id":82237,"n":"Rhum trois rivières Cuvée du  Moulin - 40%vol - 70cl","p":24.7,"u":"35,29 €/L","img":"https://fd2-photos.leclercdrive.fr/image.ashx?id=2844909&use=l&cat=p&typeid=i","cat":284550},{"id":82250,"n":"Thon au Naturel Petit Navire Démarche Responsable 140g","p":2.17,"u":"15,50 €/KG","img":"https://fd2-photos.leclercdrive.fr/image.ashx?id=2928360&use=l&cat=p&typeid=i","cat":303867},{"id":82251,"n":"Thon MSC Naturel Petit Navire Entier -  112g","p":2.87,"u":"25,63 €/KG","img":"https://fd2-photos.leclercdrive.fr/image.ashx?id=2928357&use=l&cat=p&typeid=i","cat":303867},{"id":82253,"n":"Biscuits Thé LU 350g","p":1.44,"u":"4,11 €/KG","img":"https://fd2-photos.leclercdrive.fr/image.ashx?id=2977738&use=l&cat=p&typeid=i","cat":284487},{"id":82265,"n":"Céréales Quaker Cruesli Chocolat - 450g","p":2.68,"u":"5,96 €/KG","img":"https://fd2-photos.leclercdrive.fr/image.ashx?id=2382791&use=l&cat=p&typeid=i","cat":309512},{"id":82266,"n":"Filet de sardines Saupiquet A l'huile d'olive - 100g","p":1.46,"u":"14,60 €/KG","img":"https://fd2-photos.leclercdrive.fr/image.ashx?id=2845347&use=l&cat=p&typeid=i","cat":305146},{"id":82267,"n":"Céréales Quaker Cruesli Chocolat au lait - 900g","p":5.1,"u":"5,67 €/KG","img":"https://fd2-photos.leclercdrive.fr/image.ashx?id=2212150&use=l&cat=p&typeid=i","cat":309512},{"id":82276,"n":"Sardines Huile PARMENTIER Tournesol 135g","p":1.45,"u":"10,74 €/KG","img":"https://fd2-photos.leclercdrive.fr/image.ashx?id=2989057&use=l&cat=p&typeid=i","cat":305146},{"id":82281,"n":"Boulettes de boeuf Eco+ x30 - 900g","p":6.96,"u":"7,73 €/KG","img":"https://fd2-photos.leclercdrive.fr/image.ashx?id=2966529&use=l&cat=p&typeid=i","cat":319779},{"id":82283,"n":"Bière ambrée corse Pietra 6° - 33cl","p":1.63,"u":"4,94 €/L","img":"https://fd2-photos.leclercdrive.fr/image.ashx?id=2929362&use=l&cat=p&typeid=i","cat":334872},{"id":82284,"n":"Bière 3 Monts 33cl","p":1.71,"u":"5,18 €/L","img":"https://fd2-photos.leclercdrive.fr/image.ashx?id=2684143&use=l&cat=p&typeid=i","cat":334852},{"id":82309,"n":"yaourt fruits bio les 2 vaches brassé poire - 4x115g","p":1.9,"u":"4,13 €/KG","img":"https://fd2-photos.leclercdrive.fr/image.ashx?id=2571527&use=l&cat=p&typeid=i","cat":284410},{"id":82350,"n":"Frites fines McCain Côté Comptoir - 650g","p":2.58,"u":"3,97 €/KG","img":"https://fd2-photos.leclercdrive.fr/image.ashx?id=2693887&use=l&cat=p&typeid=i","cat":319791},{"id":82351,"n":"Frites incurvées McCain Côté Brasserie - 650g","p":2.22,"u":"3,42 €/KG","img":"https://fd2-photos.leclercdrive.fr/image.ashx?id=2927044&use=l&cat=p&typeid=i","cat":319791},{"id":82419,"n":"Pomme breizh'Pom Sans sucres ajoutés - 4x90g","p":2.09,"u":"5,81 €/KG","img":"https://fd2-photos.leclercdrive.fr/image.ashx?id=2654351&use=l&cat=p&typeid=i","cat":284508},{"id":82433,"n":"Cordons Bleus Côté Croc Poulet x4 - 400g","p":3.14,"u":"7,85 €/KG","img":"https://fd2-photos.leclercdrive.fr/image.ashx?id=2801052&use=l&cat=p&typeid=i","cat":333683},{"id":82440,"n":"Boisson lactée Candy'UP Vanille - 6x20cl","p":2.78,"u":"2,32 €/L","img":"https://fd2-photos.leclercdrive.fr/image.ashx?id=2485632&use=l&cat=p&typeid=i","cat":295246},{"id":82452,"n":"Pruneaux d'Agen Maître Prunille IGP Dénoyautés - 500g","p":5.93,"u":"11,86 €/KG","img":"https://fd2-photos.leclercdrive.fr/image.ashx?id=2016023&use=l&cat=p&typeid=i","cat":284357},{"id":82520,"n":"Fromage Croque emmental Président - 12 tranches - 200g","p":1.68,"u":"8,40 €/KG","img":"https://fd2-photos.leclercdrive.fr/image.ashx?id=2446356&use=l&cat=p&typeid=i","cat":314028},{"id":82553,"n":"Pétillant de pommes/framboises Coeur de pom' - 75cl","p":3.46,"u":"4,61 €/L","img":"https://fd2-photos.leclercdrive.fr/image.ashx?id=2300944&use=l&cat=p&typeid=i","cat":289460},{"id":82554,"n":"Pur jus de pommes Coeur de pom' - 3L","p":6.39,"u":"2,13 €/L","img":"https://fd2-photos.leclercdrive.fr/image.ashx?id=2672491&use=l&cat=p&typeid=i","cat":284522},{"id":82611,"n":"L'Ortolan portions Fromagerie Milleret - 8 x 30 g","p":3.29,"u":"13,71 €/KG","img":"https://fd2-photos.leclercdrive.fr/image.ashx?id=1857850&use=l&cat=p&typeid=i","cat":314030},{"id":82663,"n":"Arrangé Rivière du Mât Banane Vanillé - 70cl - 35%vol","p":15.89,"u":"22,70 €/L","img":"https://fd2-photos.leclercdrive.fr/image.ashx?id=2731300&use=l&cat=p&typeid=i","cat":284551},{"id":82664,"n":"Arrangé Rivière du Mât Coco Torréfiée - 35%vol - 70cl","p":15.39,"u":"21,99 €/L","img":"https://fd2-photos.leclercdrive.fr/image.ashx?id=3002045&use=l&cat=p&typeid=i","cat":284551},{"id":82665,"n":"Arrangé Rivière du Mât Vanille des Tropiques - 70cl","p":16.99,"u":"24,27 €/L","img":"https://fd2-photos.leclercdrive.fr/image.ashx?id=2731291&use=l&cat=p&typeid=i","cat":284551},{"id":82667,"n":"Yaourt aux fruits bifidus Activia poire - 4x125g","p":1.81,"u":"3,62 €/KG","img":"https://fd2-photos.leclercdrive.fr/image.ashx?id=2885330&use=l&cat=p&typeid=i","cat":315000},{"id":82669,"n":"Yaourt aux fruits bifidus Activia mangue - 4x125g","p":1.87,"u":"3,74 €/KG","img":"https://fd2-photos.leclercdrive.fr/image.ashx?id=2886642&use=l&cat=p&typeid=i","cat":315000},{"id":82677,"n":"yaourt aux fruits bifidus activia fraise - 4x125g","p":1.76,"u":"3,52 €/KG","img":"https://fd2-photos.leclercdrive.fr/image.ashx?id=2886627&use=l&cat=p&typeid=i","cat":315000},{"id":82678,"n":"yaourt aux fruits bifidus activia - 16x125g","p":5.61,"u":"2,81 €/KG","img":"https://fd2-photos.leclercdrive.fr/image.ashx?id=2810609&use=l&cat=p&typeid=i","cat":315000},{"id":82688,"n":"Brandade de Morue Tipiak 1.050kg","p":6.2,"u":"5,90 €/KG","img":"https://fd2-photos.leclercdrive.fr/image.ashx?id=2944023&use=l&cat=p&typeid=i","cat":284254},{"id":82717,"n":"Arrangé Rivière du Mât Ananas Caramélisé 35% vol 70cl","p":15.0,"u":"21,43 €/L","img":"https://fd2-photos.leclercdrive.fr/image.ashx?id=2731297&use=l&cat=p&typeid=i","cat":284551},{"id":82739,"n":"Poisson pané Croustibat Findus Petit trésor MSC - x15 - 450g","p":3.14,"u":"6,98 €/KG","img":"https://fd2-photos.leclercdrive.fr/image.ashx?id=3008758&use=l&cat=p&typeid=i","cat":319788},{"id":82741,"n":"Poisson pané Findus Colin  Alaska Fish and Chips x13- 364g","p":2.84,"u":"7,80 €/KG","img":"https://fd2-photos.leclercdrive.fr/image.ashx?id=3008761&use=l&cat=p&typeid=i","cat":319788},{"id":82745,"n":"Couches Activ+ Mots d'enfants  Taille 5 : 11/25kg - x35","p":12.99,"u":"0,37 €/P","img":"https://fd2-photos.leclercdrive.fr/image.ashx?id=2922424&use=l&cat=p&typeid=i","cat":284737},{"id":82924,"n":"Bière Heineken 6x33cl","p":4.64,"u":"2,34 €/L","img":"https://fd2-photos.leclercdrive.fr/image.ashx?id=3008113&use=l&cat=p&typeid=i","cat":334853},{"id":83109,"n":"Bières Rince Cochon rouge 75cl","p":4.6,"u":"6,13 €/L","img":"https://fd2-photos.leclercdrive.fr/image.ashx?id=2021238&use=l&cat=p&typeid=i","cat":334872},{"id":83132,"n":"Boisson lactée Tous mes amis pour chats - 3x200ml","p":2.13,"u":"3,55 €/L","img":"https://fd2-photos.leclercdrive.fr/image.ashx?id=1944634&use=l&cat=p&typeid=i","cat":285285},{"id":83280,"n":"Grillons vendéen Sal de Noirmoutier - 180g","p":4.7,"u":"26,11 €/KG","img":"https://fd2-photos.leclercdrive.fr/image.ashx?id=1656207&use=l&cat=p&typeid=i","cat":305149},{"id":83282,"n":"Soupe de poissons fraîche La Sablaise - 1L","p":4.5,"u":"4,50 €/L","img":"https://fd2-photos.leclercdrive.fr/image.ashx?id=2249665&use=l&cat=p&typeid=i","cat":287366},{"id":83285,"n":"Vin rouge Vigne de Monseigneur 75cl","p":5.4,"u":"7,20 €/L","img":"https://fd2-photos.leclercdrive.fr/image.ashx?id=2725669&use=l&cat=p&typeid=i","cat":289556},{"id":83286,"n":"Vin rosé Vigne de Monseigneur 75cl","p":5.4,"u":"7,20 €/L","img":"https://fd2-photos.leclercdrive.fr/image.ashx?id=1423000&use=l&cat=p&typeid=i","cat":289558},{"id":83292,"n":"Yaourts natures Ferme de la Biochère - 4x125g","p":2.18,"u":"4,36 €/KG","img":"https://fd2-photos.leclercdrive.fr/image.ashx?id=1412081&use=l&cat=p&typeid=i","cat":284409},{"id":83302,"n":"Chipolatas natures x6 - 300g","p":4.25,"u":"14,17 €/KG","img":"https://fd2-photos.leclercdrive.fr/image.ashx?id=1746893&use=l&cat=p&typeid=i","cat":284334},{"id":83303,"n":"Happy Cola Haribo Sachet bonbons - 300g","p":1.78,"u":"5,93 €/KG","img":"https://fd2-photos.leclercdrive.fr/image.ashx?id=2806087&use=l&cat=p&typeid=i","cat":304250},{"id":83388,"n":"Chipolatas aux herbes x6 - 300g","p":4.25,"u":"14,17 €/KG","img":"https://fd2-photos.leclercdrive.fr/image.ashx?id=1746896&use=l&cat=p&typeid=i","cat":284334},{"id":83434,"n":"Olives Père Olive Ail et basilic - 150g","p":2.62,"u":"17,47 €/KG","img":"https://fd2-photos.leclercdrive.fr/image.ashx?id=2892730&use=l&cat=p&typeid=i","cat":316002},{"id":83698,"n":"IGP Pays d'Oc Grenache vin rosé Vieux Carion 12.5% vol - 75cl","p":2.25,"u":"3,00 €/L","img":"https://fd2-photos.leclercdrive.fr/image.ashx?id=2722823&use=l&cat=p&typeid=i","cat":289558},{"id":83787,"n":"Dessert Lacté P'TIT BRASSE BIO Poire Banane 6M+ - 4x90g","p":2.29,"u":"6,36 €/KG","img":"https://fd2-photos.leclercdrive.fr/image.ashx?id=2670866&use=l&cat=p&typeid=i","cat":312392},{"id":83790,"n":"Desserts Lactés P'TIT BRASSE BIO Pomme Pêche 6M+ - 4x90g","p":2.05,"u":"5,69 €/KG","img":"https://fd2-photos.leclercdrive.fr/image.ashx?id=2670863&use=l&cat=p&typeid=i","cat":312392},{"id":83874,"n":"Nouilles de riz Ayam  200g","p":1.94,"u":"9,70 €/KG","img":"https://fd2-photos.leclercdrive.fr/image.ashx?id=1721566&use=l&cat=p&typeid=i","cat":288992},{"id":83944,"n":"Vin d'Espagne rouge Merlot Bernard Cordelier - 75cl","p":1.75,"u":"2,33 €/L","img":"https://fd2-photos.leclercdrive.fr/image.ashx?id=2925147&use=l&cat=p&typeid=i","cat":289556},{"id":84028,"n":"IGP Méditerranée rosé Les Calandières 12% vol BIB 3L","p":12.36,"u":"4,12 €/L","img":"https://fd2-photos.leclercdrive.fr/image.ashx?id=2997766&use=l&cat=p&typeid=i","cat":289560},{"id":84031,"n":"Maca-ginseng-gimgembre  Tonifiant sexuel - 40 comprimés","p":5.37,"u":"0,13 €/P","img":"https://fd2-photos.leclercdrive.fr/image.ashx?id=2773376&use=l&cat=p&typeid=i","cat":313217},{"id":84152,"n":"Pain pour Panini La Boulangère x4 - 300g","p":1.64,"u":"5,47 €/KG","img":"https://fd2-photos.leclercdrive.fr/image.ashx?id=2937457&use=l&cat=p&typeid=i","cat":284985},{"id":84154,"n":"Bonbons VICHY Menthe 230g","p":1.04,"u":"4,52 €/KG","img":"https://fd2-photos.leclercdrive.fr/image.ashx?id=2806342&use=l&cat=p&typeid=i","cat":304252},{"id":84158,"n":"Bonbons CARAMBAR Fruits Assortiment - 320g","p":1.71,"u":"5,34 €/KG","img":"https://fd2-photos.leclercdrive.fr/image.ashx?id=2964499&use=l&cat=p&typeid=i","cat":304250},{"id":84159,"n":"Bonbons CARAMBAR Family Assortiment - 450g","p":2.66,"u":"5,91 €/KG","img":"https://fd2-photos.leclercdrive.fr/image.ashx?id=2903446&use=l&cat=p&typeid=i","cat":304250},{"id":84160,"n":"Bonbons CARAMBAR Caramel 320g","p":1.71,"u":"5,34 €/KG","img":"https://fd2-photos.leclercdrive.fr/image.ashx?id=2770124&use=l&cat=p&typeid=i","cat":304250},{"id":84161,"n":"Bonbons LA PIE QUI CHANTE Michoko Noir - 280g","p":2.36,"u":"8,43 €/KG","img":"https://fd2-photos.leclercdrive.fr/image.ashx?id=2817842&use=l&cat=p&typeid=i","cat":304250},{"id":84220,"n":"Cartouche encre multipack Epson Fraise x4 - 14.9ml","p":43.99,"u":"Dont 0,05 € d'éco-part.","img":"https://fd2-photos.leclercdrive.fr/image.ashx?id=1675272&use=l&cat=p&typeid=i","cat":316445},{"id":84226,"n":"Cartouche d'encre HP Noire authentique - 62","p":22.99,"u":"Dont 0,02 € d'éco-part.","img":"https://fd2-photos.leclercdrive.fr/image.ashx?id=1884124&use=l&cat=p&typeid=i","cat":316445},{"id":84230,"n":"Cartouche d'encre HP Noir - 304","p":15.99,"u":"Dont 0,02 € d'éco-part.","img":"https://fd2-photos.leclercdrive.fr/image.ashx?id=1874219&use=l&cat=p&typeid=i","cat":316445},{"id":84385,"n":"Croc'Choc Lucien Georgelin Noisette - 375g","p":3.21,"u":"8,56 €/KG","img":"https://fd2-photos.leclercdrive.fr/image.ashx?id=2561811&use=l&cat=p&typeid=i","cat":309513},{"id":84386,"n":"Croc'Tou Choc Lucien Georgelin 375g - Lucien Georgelin","p":3.21,"u":"8,56 €/KG","img":"https://fd2-photos.leclercdrive.fr/image.ashx?id=2561808&use=l&cat=p&typeid=i","cat":309513},{"id":84441,"n":"Trio saucissons Cévennes  Nos Régions ont du Talent 345g","p":6.84,"u":"19,83 €/KG","img":"https://fd2-photos.leclercdrive.fr/image.ashx?id=2776301&use=l&cat=p&typeid=i","cat":316006},{"id":84458,"n":"Crème glacée L'Angélys Artisanale Chocolat noir - 450g","p":5.11,"u":"11,36 €/KG","img":"https://fd2-photos.leclercdrive.fr/image.ashx?id=2963571&use=l&cat=p&typeid=i","cat":284263},{"id":84486,"n":"Mousse forestière Supérieure Médaille d'or CGA 2017 - 170g","p":2.11,"u":"12,41 €/KG","img":"https://fd2-photos.leclercdrive.fr/image.ashx?id=2989261&use=l&cat=p&typeid=i","cat":316008},{"id":84488,"n":"La ballottine Prunier Belle Epoque de volaille - 160g","p":2.84,"u":"17,75 €/KG","img":"https://fd2-photos.leclercdrive.fr/image.ashx?id=2950228&use=l&cat=p&typeid=i","cat":316009},{"id":84489,"n":"Mousse pur canard français 2 médaillons - 140g","p":2.4,"u":"17,14 €/KG","img":"https://fd2-photos.leclercdrive.fr/image.ashx?id=2873949&use=l&cat=p&typeid=i","cat":316008},{"id":84782,"n":"Cuisse de poulet Blanc Le Gaulois - 1kg","p":6.49,"u":"6,49 €/KG","img":"https://fd2-photos.leclercdrive.fr/image.ashx?id=2732764&use=l&cat=p&typeid=i","cat":284336},{"id":84784,"n":"Filet de poulet Le Gaulois x2 - 300g","p":4.36,"u":"14,53 €/KG","img":"https://fd2-photos.leclercdrive.fr/image.ashx?id=2732761&use=l&cat=p&typeid=i","cat":284336},{"id":84789,"n":"Filet de poulet blanc Le Gaulois x2 - 300g","p":5.01,"u":"16,70 €/KG","img":"https://fd2-photos.leclercdrive.fr/image.ashx?id=2633989&use=l&cat=p&typeid=i","cat":284336},{"id":84790,"n":"Cuisse de poulet blanc Le Gaulois - 500g","p":3.09,"u":"6,18 €/KG","img":"https://fd2-photos.leclercdrive.fr/image.ashx?id=2732752&use=l&cat=p&typeid=i","cat":284336},{"id":84791,"n":"Cuisse de poulet jaune Le Gaulois - x2 - 500g","p":3.36,"u":"6,72 €/KG","img":"https://fd2-photos.leclercdrive.fr/image.ashx?id=2732749&use=l&cat=p&typeid=i","cat":284336},{"id":84819,"n":"Cerneaux de noix Seeberger 150g","p":4.74,"u":"31,60 €/KG","img":"https://fd2-photos.leclercdrive.fr/image.ashx?id=2950615&use=l&cat=p&typeid=i","cat":284357},{"id":85022,"n":"Shampooing Naturé Moi Extra-doux - 250ml","p":2.25,"u":"9,00 €/L","img":"https://fd2-photos.leclercdrive.fr/image.ashx?id=2740673&use=l&cat=p&typeid=i","cat":284606},{"id":85040,"n":"Shampooing sec Batiste Cherry - 200ml","p":3.45,"u":"17,25 €/L","img":"https://fd2-photos.leclercdrive.fr/image.ashx?id=2983459&use=l&cat=p&typeid=i","cat":289143},{"id":85051,"n":"Endives Panier du Primeur x5","p":2.49,"u":"0,50 €/P","img":"https://fd2-photos.leclercdrive.fr/image.ashx?id=2655607&use=l&cat=p&typeid=i","cat":284352},{"id":85055,"n":"Papier toilette Lotus Moltonel Sans tube - X6","p":6.07,"u":"1,01 €/P","img":"https://fd2-photos.leclercdrive.fr/image.ashx?id=2570580&use=l&cat=p&typeid=i","cat":284634},{"id":85059,"n":"Protection auditive Quies En mousse fluo - x16","p":5.96,"u":"0,37 €/P","img":"https://fd2-photos.leclercdrive.fr/image.ashx?id=2159511&use=l&cat=p&typeid=i","cat":284630},{"id":85073,"n":"Croûtons pour salade Tipiak Ail&Fine Herbes - 100g","p":1.21,"u":"12,10 €/KG","img":"https://fd2-photos.leclercdrive.fr/image.ashx?id=2276723&use=l&cat=p&typeid=i","cat":284464},{"id":85090,"n":"Sauce 3 Poivres Heinz - 220g","p":1.83,"u":"8,32 €/KG","img":"https://fd2-photos.leclercdrive.fr/image.ashx?id=2973351&use=l&cat=p&typeid=i","cat":318431},{"id":85206,"n":"Génoises fourrées Pim's LU Fraise des bois - 150g","p":1.62,"u":"10,80 €/KG","img":"https://fd2-photos.leclercdrive.fr/image.ashx?id=3002204&use=l&cat=p&typeid=i","cat":284489},{"id":85207,"n":"Génoise fourrées Pim's LU Poire - 150g","p":1.64,"u":"10,93 €/KG","img":"https://fd2-photos.leclercdrive.fr/image.ashx?id=2145202&use=l&cat=p&typeid=i","cat":284489},{"id":85513,"n":"IGP Poulet Blanc Label Rouge Challans - 1.4kg","p":9.9,"u":"7,07 €/KG","img":"https://fd2-photos.leclercdrive.fr/image.ashx?id=2492357&use=l&cat=p&typeid=i","cat":284336},{"id":85514,"n":"IGP Poulet Jaune Label Rouge Challans - 1.4kg","p":11.52,"u":"8,23 €/KG","img":"https://fd2-photos.leclercdrive.fr/image.ashx?id=1845437&use=l&cat=p&typeid=i","cat":284336},{"id":85532,"n":"Tenders de Poulet Père Dodu  Aiguillettes - 380g","p":4.85,"u":"12,76 €/KG","img":"https://fd2-photos.leclercdrive.fr/image.ashx?id=2957200&use=l&cat=p&typeid=i","cat":333684},{"id":85666,"n":"IGP Ardeche rosé Pont d'Arc 12.5% vol - BIB 5L","p":12.13,"u":"2,43 €/L","img":"https://fd2-photos.leclercdrive.fr/image.ashx?id=2527922&use=l&cat=p&typeid=i","cat":289560},{"id":85693,"n":"Donut de poulet Maître Coq 800g","p":5.82,"u":"7,28 €/KG","img":"https://fd2-photos.leclercdrive.fr/image.ashx?id=2426941&use=l&cat=p&typeid=i","cat":333684},{"id":85710,"n":"IGP Sauvignon Côtes de Gascogne Domaine de Menard - 75cl","p":3.32,"u":"4,43 €/L","img":"https://fd2-photos.leclercdrive.fr/image.ashx?id=2772254&use=l&cat=p&typeid=i","cat":289557},{"id":85745,"n":"Batonnets Surimi Coraya x30 - 450g","p":4.11,"u":"9,13 €/KG","img":"https://fd2-photos.leclercdrive.fr/image.ashx?id=2962683&use=l&cat=p&typeid=i","cat":285189},{"id":85960,"n":"AOP Bordeaux rosé Mouton Cadet - 75cl","p":5.59,"u":"7,45 €/L","img":"https://fd2-photos.leclercdrive.fr/image.ashx?id=2943987&use=l&cat=p&typeid=i","cat":289558},{"id":85998,"n":"Sauce Curry Mango Heinz - 225g","p":1.92,"u":"8,53 €/KG","img":"https://fd2-photos.leclercdrive.fr/image.ashx?id=2927050&use=l&cat=p&typeid=i","cat":318431},{"id":86020,"n":"Champagne Alfred Rothschild Brut - 75cl","p":26.88,"u":"35,84 €/L","img":"https://fd2-photos.leclercdrive.fr/image.ashx?id=2628473&use=l&cat=p&typeid=i","cat":284542},{"id":86071,"n":"AOP Prosecco Perlino Extra Dry - 75cl","p":6.32,"u":"8,43 €/L","img":"https://fd2-photos.leclercdrive.fr/image.ashx?id=2612778&use=l&cat=p&typeid=i","cat":289461},{"id":86208,"n":"Pâte à tartiner Nutella 1kg","p":6.62,"u":"6,62 €/KG","img":"https://fd2-photos.leclercdrive.fr/image.ashx?id=2935648&use=l&cat=p&typeid=i","cat":284481},{"id":86375,"n":"Rochers Suchard  Lait - 7x35g","p":4.12,"u":"16,82 €/KG","img":"https://fd2-photos.leclercdrive.fr/image.ashx?id=2950372&use=l&cat=p&typeid=i","cat":284499},{"id":86376,"n":"Rochers Suchard Noir - 7x35g","p":4.18,"u":"17,06 €/KG","img":"https://fd2-photos.leclercdrive.fr/image.ashx?id=2950375&use=l&cat=p&typeid=i","cat":284499},{"id":86411,"n":"Biscuit bio Bjorg Avoine pépites chocolat - 130g","p":2.41,"u":"18,54 €/KG","img":"https://fd2-photos.leclercdrive.fr/image.ashx?id=2999985&use=l&cat=p&typeid=i","cat":325066},{"id":86417,"n":"Barquettes Bio Village Fraise bio - 120g","p":1.99,"u":"16,58 €/KG","img":"https://fd2-photos.leclercdrive.fr/image.ashx?id=2907476&use=l&cat=p&typeid=i","cat":284489},{"id":86438,"n":"Dentifrice Integral 8 Signal Nature Elements Coco 75ml","p":1.65,"u":"22,00 €/L","img":"https://fd2-photos.leclercdrive.fr/image.ashx?id=2974659&use=l&cat=p&typeid=i","cat":284612},{"id":86448,"n":"Désinfectant protection Sanytol Salle de bain - 500ml","p":3.18,"u":"6,36 €/L","img":"https://fd2-photos.leclercdrive.fr/image.ashx?id=2848620&use=l&cat=p&typeid=i","cat":325357},{"id":86451,"n":"Lessive gel Génie Lavage main - 200ml","p":1.5,"u":"7,50 €/L","img":"https://fd2-photos.leclercdrive.fr/image.ashx?id=2664142&use=l&cat=p&typeid=i","cat":284643},{"id":86470,"n":"Bonbons KREMA Festival Assortiment - 360g","p":2.36,"u":"6,56 €/KG","img":"https://fd2-photos.leclercdrive.fr/image.ashx?id=2817875&use=l&cat=p&typeid=i","cat":304250},{"id":86482,"n":"Bonbons KREMA Régal'ad Assortiment Fruits - 360g","p":2.37,"u":"6,58 €/KG","img":"https://fd2-photos.leclercdrive.fr/image.ashx?id=2855295&use=l&cat=p&typeid=i","cat":304250},{"id":86570,"n":"Chewing gum Malabar Tutti Frutti - 214g","p":1.79,"u":"8,36 €/KG","img":"https://fd2-photos.leclercdrive.fr/image.ashx?id=2817848&use=l&cat=p&typeid=i","cat":304251},{"id":86586,"n":"Pain de mie Harrys Nature extra moelleux - 500g","p":1.29,"u":"2,58 €/KG","img":"https://fd2-photos.leclercdrive.fr/image.ashx?id=2660730&use=l&cat=p&typeid=i","cat":284477},{"id":86591,"n":"AOP Champagne Pommery Brut Royal étui- 75cl","p":33.5,"u":"44,67 €/L","img":"https://fd2-photos.leclercdrive.fr/image.ashx?id=2791500&use=l&cat=p&typeid=i","cat":284542},{"id":86656,"n":"Bouillon cubes légumes Knorr Méditerranéens x12- 132g","p":1.33,"u":"10,08 €/KG","img":"https://fd2-photos.leclercdrive.fr/image.ashx?id=2940636&use=l&cat=p&typeid=i","cat":288379},{"id":86658,"n":"Thé vert Twinings Simplement pur - x25 - 37g","p":2.34,"u":"63,24 €/KG","img":"https://fd2-photos.leclercdrive.fr/image.ashx?id=2893015&use=l&cat=p&typeid=i","cat":293233},{"id":86665,"n":"Dosettes café Senseo Grand Mère Classique x54","p":5.27,"u":"14,80 €/KG","img":"https://fd2-photos.leclercdrive.fr/image.ashx?id=2769837&use=l&cat=p&typeid=i","cat":293238},{"id":86724,"n":"Huile d'olive Bio Village Bio Vierge extra fruité - 75 cl","p":7.99,"u":"10,65 €/L","img":"https://fd2-photos.leclercdrive.fr/image.ashx?id=3005712&use=l&cat=p&typeid=i","cat":284453},{"id":86725,"n":"Poudre de cacao bio Bio Village 500g - 32% de cacao","p":3.95,"u":"7,90 €/KG","img":"https://fd2-photos.leclercdrive.fr/image.ashx?id=2441516&use=l&cat=p&typeid=i","cat":293235},{"id":86738,"n":"Croquants des cordes NRT 90g","p":3.55,"u":"39,44 €/KG","img":"https://fd2-photos.leclercdrive.fr/image.ashx?id=2622341&use=l&cat=p&typeid=i","cat":284487},{"id":86748,"n":"Adoucissant Hyperdou Lingettes Rêve de fraîcheur - x20","p":1.71,"u":"0,09 €/P","img":"https://fd2-photos.leclercdrive.fr/image.ashx?id=2489203&use=l&cat=p&typeid=i","cat":325302},{"id":86788,"n":"Tartinable thon Fromage frais MSC Ronde des mers - 140g","p":1.99,"u":"14,21 €/KG","img":"https://fd2-photos.leclercdrive.fr/image.ashx?id=2823084&use=l&cat=p&typeid=i","cat":285191},{"id":86835,"n":"Crème Solaire Spray Nivea Sun FPS 50 Protect&Bronze - 200ml","p":8.97,"u":"44,85 €/L","img":"https://fd2-photos.leclercdrive.fr/image.ashx?id=2951986&use=l&cat=p&typeid=i","cat":325355},{"id":86884,"n":"Amande en poudre Vahiné 200g","p":4.8,"u":"24,00 €/KG","img":"https://fd2-photos.leclercdrive.fr/image.ashx?id=2559850&use=l&cat=p&typeid=i","cat":284504},{"id":86905,"n":"Bière blonde 1664 5,5° - 12x33cl canettes","p":10.05,"u":"2,54 €/L","img":"https://fd2-photos.leclercdrive.fr/image.ashx?id=2246617&use=l&cat=p&typeid=i","cat":334853},{"id":86907,"n":"Lait en poudre Modilac Bébé : 2ème âge - 820g","p":15.51,"u":"18,91 €/KG","img":"https://fd2-photos.leclercdrive.fr/image.ashx?id=2873393&use=l&cat=p&typeid=i","cat":284727},{"id":86909,"n":"Lait en poudre Modilac Doucéa Bébé 0-6mois - 820g","p":18.46,"u":"22,51 €/KG","img":"https://fd2-photos.leclercdrive.fr/image.ashx?id=2997031&use=l&cat=p&typeid=i","cat":284726},{"id":86940,"n":"Emmental fromage râpé bio Bio village - 400g","p":4.45,"u":"11,13 €/KG","img":"https://fd2-photos.leclercdrive.fr/image.ashx?id=2501688&use=l&cat=p&typeid=i","cat":314035},{"id":86957,"n":"Lentilles blondes Notre Jardin 500g","p":2.64,"u":"5,28 €/KG","img":"https://fd2-photos.leclercdrive.fr/image.ashx?id=2096455&use=l&cat=p&typeid=i","cat":284430},{"id":86967,"n":"Pois Cassés Notre Jardin 500g","p":2.15,"u":"4,30 €/KG","img":"https://fd2-photos.leclercdrive.fr/image.ashx?id=2096452&use=l&cat=p&typeid=i","cat":284430},{"id":86969,"n":"Haricots blancs Notre Jardin 500g","p":2.09,"u":"4,18 €/KG","img":"https://fd2-photos.leclercdrive.fr/image.ashx?id=2096449&use=l&cat=p&typeid=i","cat":284430},{"id":86986,"n":"Sachet fraicheur chat Sheba Thon saumon en gelée - 6x50g","p":2.66,"u":"8,87 €/KG","img":"https://fd2-photos.leclercdrive.fr/image.ashx?id=2850162&use=l&cat=p&typeid=i","cat":285286},{"id":87024,"n":"Smoothie innocent énergie boogie ruby 750ml","p":3.52,"u":"4,69 €/L","img":"https://fd2-photos.leclercdrive.fr/image.ashx?id=2187631&use=l&cat=p&typeid=i","cat":285435},{"id":87038,"n":"Yaourt nature Danone 8x125g","p":1.81,"u":"1,81 €/KG","img":"https://fd2-photos.leclercdrive.fr/image.ashx?id=3001985&use=l&cat=p&typeid=i","cat":284409},{"id":87061,"n":"Boisson gourmande PAGO ACE Orange carotte citron - 75cl","p":1.71,"u":"2,28 €/L","img":"https://fd2-photos.leclercdrive.fr/image.ashx?id=2861237&use=l&cat=p&typeid=i","cat":284916},{"id":87067,"n":"Yaourt à boire P'tit max  Délisse Fraise - 6x180g","p":2.03,"u":"1,88 €/KG","img":"https://fd2-photos.leclercdrive.fr/image.ashx?id=2762510&use=l&cat=p&typeid=i","cat":284415},{"id":87084,"n":"Rhum ambré Bacardi Carta Oro 37,5° - 70cl","p":17.25,"u":"24,64 €/L","img":"https://fd2-photos.leclercdrive.fr/image.ashx?id=2858171&use=l&cat=p&typeid=i","cat":284550},{"id":87089,"n":"Pavé Gourmand Garden Gourmet Epinards et Fromage 180g","p":2.37,"u":"13,17 €/KG","img":"https://fd2-photos.leclercdrive.fr/image.ashx?id=2971389&use=l&cat=p&typeid=i","cat":316036},{"id":87090,"n":"Burrata di Bufala Casa Azzurra 200g","p":4.84,"u":"24,20 €/KG","img":"https://fd2-photos.leclercdrive.fr/image.ashx?id=1950711&use=l&cat=p&typeid=i","cat":314026},{"id":87091,"n":"St Jacques Marie Fondue de poireaux riz - 280g","p":3.73,"u":"13,32 €/KG","img":"https://fd2-photos.leclercdrive.fr/image.ashx?id=2317531&use=l&cat=p&typeid=i","cat":333665},{"id":87133,"n":"Thé vert Bio Ethiquable  Menthe x20 - 36g","p":2.34,"u":"65,00 €/KG","img":"https://fd2-photos.leclercdrive.fr/image.ashx?id=2870875&use=l&cat=p&typeid=i","cat":293233},{"id":87742,"n":"Yaourt bifidus Activia vanille - 16x125g","p":4.51,"u":"2,26 €/KG","img":"https://fd2-photos.leclercdrive.fr/image.ashx?id=2741757&use=l&cat=p&typeid=i","cat":315000},{"id":87746,"n":"Yaourt bifidus Activia Citron - 16x125g","p":4.51,"u":"2,26 €/KG","img":"https://fd2-photos.leclercdrive.fr/image.ashx?id=2741781&use=l&cat=p&typeid=i","cat":315000},{"id":87747,"n":"Yaourts natures brassés bifidus Activia - 16x125g","p":4.51,"u":"2,26 €/KG","img":"https://fd2-photos.leclercdrive.fr/image.ashx?id=2741790&use=l&cat=p&typeid=i","cat":315000},{"id":87748,"n":"Yaourts natures 0%mg bifidus Activia - 16x125g","p":4.51,"u":"2,26 €/KG","img":"https://fd2-photos.leclercdrive.fr/image.ashx?id=2741793&use=l&cat=p&typeid=i","cat":315000},{"id":87849,"n":"Boisson végétale Alpro lait de coco riz - 1l","p":2.06,"u":"2,06 €/L","img":"https://fd2-photos.leclercdrive.fr/image.ashx?id=2790243&use=l&cat=p&typeid=i","cat":316067},{"id":87923,"n":"Compotes  gourdes Pom'Potes Multivariétés - 12x90g","p":5.03,"u":"4,66 €/KG","img":"https://fd2-photos.leclercdrive.fr/image.ashx?id=3010942&use=l&cat=p&typeid=i","cat":284508},{"id":87924,"n":"Dosettes café Senseo Classique x40","p":6.31,"u":"22,78 €/KG","img":"https://fd2-photos.leclercdrive.fr/image.ashx?id=2876326&use=l&cat=p&typeid=i","cat":293238},{"id":87925,"n":"Dosettes café Senseo Corsé x40","p":6.36,"u":"22,96 €/KG","img":"https://fd2-photos.leclercdrive.fr/image.ashx?id=2393581&use=l&cat=p&typeid=i","cat":293238},{"id":87926,"n":"Dosettes café Senseo Doux x40","p":6.36,"u":"22,96 €/KG","img":"https://fd2-photos.leclercdrive.fr/image.ashx?id=2337567&use=l&cat=p&typeid=i","cat":293238},{"id":87927,"n":"Dosettes café Senseo Décaféiné x40","p":6.35,"u":"22,92 €/KG","img":"https://fd2-photos.leclercdrive.fr/image.ashx?id=2324921&use=l&cat=p&typeid=i","cat":293238},{"id":87929,"n":"Dosettes café Senseo Classique x54","p":8.51,"u":"22,69 €/KG","img":"https://fd2-photos.leclercdrive.fr/image.ashx?id=2391798&use=l&cat=p&typeid=i","cat":293238},{"id":87931,"n":"Dosettes café Senseo Doux x54","p":8.21,"u":"21,89 €/KG","img":"https://fd2-photos.leclercdrive.fr/image.ashx?id=2289951&use=l&cat=p&typeid=i","cat":293238},{"id":87950,"n":"Snacks chats Tous mes amis Liquide - 90g","p":1.45,"u":"16,11 €/KG","img":"https://fd2-photos.leclercdrive.fr/image.ashx?id=2520041&use=l&cat=p&typeid=i","cat":285285},{"id":88031,"n":"Tomate cerise allongée Barquette 400g","p":1.99,"u":"4,98 €/KG","img":"https://fd2-photos.leclercdrive.fr/image.ashx?id=1700878&use=l&cat=p&typeid=i","cat":284352},{"id":88048,"n":"Compote Charles & Alice Pommes Bananes Vanille -4x100g","p":1.6,"u":"4,12 €/KG","img":"https://fd2-photos.leclercdrive.fr/image.ashx?id=2757698&use=l&cat=p&typeid=i","cat":284416},{"id":88062,"n":"Matière grasse Primevere Oméga 3 - 55% - 250g","p":1.45,"u":"5,80 €/KG","img":"https://fd2-photos.leclercdrive.fr/image.ashx?id=2928468&use=l&cat=p&typeid=i","cat":315229},{"id":88115,"n":"yaourt à boire danonino fraise banane abricot - 6x100g","p":2.38,"u":"3,97 €/KG","img":"https://fd2-photos.leclercdrive.fr/image.ashx?id=3003143&use=l&cat=p&typeid=i","cat":284415},{"id":88185,"n":"Gel d'aloé vera bio Puraloe À boire - 1L","p":13.59,"u":"13,59 €/L","img":"https://fd2-photos.leclercdrive.fr/image.ashx?id=2086120&use=l&cat=p&typeid=i","cat":301264},{"id":88205,"n":"Fluide démaquillant 3en1 Avène visage/yeux peau sensible 200ml","p":11.8,"u":"59,00 €/L","img":"https://fd2-photos.leclercdrive.fr/image.ashx?id=2373423&use=l&cat=p&typeid=i","cat":301587},{"id":88206,"n":"Céréales bébé Blédine 12 mois  Vanille - 400g","p":2.52,"u":"6,30 €/KG","img":"https://fd2-photos.leclercdrive.fr/image.ashx?id=2763124&use=l&cat=p&typeid=i","cat":312225},{"id":88228,"n":"Crème Vichy Liftactiv Nuit - 50ml","p":28.99,"u":"579,80 €/L","img":"https://fd2-photos.leclercdrive.fr/image.ashx?id=2054118&use=l&cat=p&typeid=i","cat":291168},{"id":88230,"n":"Crème Vichy liftactiv suprême peaux normales à mixtes - 50ml","p":28.99,"u":"579,80 €/L","img":"https://fd2-photos.leclercdrive.fr/image.ashx?id=2768192&use=l&cat=p&typeid=i","cat":291168},{"id":88235,"n":"Crème La Roche-Posay Effaclar mat - 40ml","p":11.5,"u":"287,50 €/L","img":"https://fd2-photos.leclercdrive.fr/image.ashx?id=2842708&use=l&cat=p&typeid=i","cat":291166},{"id":88245,"n":"Huile de massage Weleda Pour vergétures - 100ml","p":14.99,"u":"149,90 €/L","img":"https://fd2-photos.leclercdrive.fr/image.ashx?id=2454241&use=l&cat=p&typeid=i","cat":291159},{"id":88310,"n":"Soin hydratant Bioderma Anti-brillance - 30ml","p":10.99,"u":"366,33 €/L","img":"https://fd2-photos.leclercdrive.fr/image.ashx?id=2412714&use=l&cat=p&typeid=i","cat":291166},{"id":88340,"n":"Berries Haribo Sachet bonbons - 200g","p":1.75,"u":"8,75 €/KG","img":"https://fd2-photos.leclercdrive.fr/image.ashx?id=2982411&use=l&cat=p&typeid=i","cat":304250},{"id":88413,"n":"Beurre Allégé Elle&Vire Doux - 41% MG - 250g","p":2.13,"u":"8,52 €/KG","img":"https://fd2-photos.leclercdrive.fr/image.ashx?id=2969169&use=l&cat=p&typeid=i","cat":284379},{"id":88414,"n":"Boisson a base de thé Fresh Tea Thé vert saveur menthe 1L","p":0.96,"u":"0,96 €/L","img":"https://fd2-photos.leclercdrive.fr/image.ashx?id=2622272&use=l&cat=p&typeid=i","cat":295019},{"id":88438,"n":"Coulommiers Cœur de Lion  Extra-Crèmeux - 385g","p":3.2,"u":"8,31 €/KG","img":"https://fd2-photos.leclercdrive.fr/image.ashx?id=2999958&use=l&cat=p&typeid=i","cat":314033},{"id":88440,"n":"Fromage Crèmeux Saint Albray  Format Familial - 310g","p":3.97,"u":"12,81 €/KG","img":"https://fd2-photos.leclercdrive.fr/image.ashx?id=2686771&use=l&cat=p&typeid=i","cat":329558},{"id":88446,"n":"Fromage Le Rustique Tomme  Fruitée - 280g","p":3.95,"u":"14,11 €/KG","img":"https://fd2-photos.leclercdrive.fr/image.ashx?id=2921549&use=l&cat=p&typeid=i","cat":329184},{"id":88448,"n":"Fromage à Tartiner Carré Frais  Nature 0% - 8 Portions - 200g","p":2.16,"u":"10,80 €/KG","img":"https://fd2-photos.leclercdrive.fr/image.ashx?id=2868684&use=l&cat=p&typeid=i","cat":314029},{"id":88450,"n":"Escalope Cordon Bleu Père Dodu  Dinde x2 - 200g","p":2.72,"u":"13,60 €/KG","img":"https://fd2-photos.leclercdrive.fr/image.ashx?id=2957203&use=l&cat=p&typeid=i","cat":333683},{"id":88451,"n":"AOP Champagne Chanoine Frères Brut - 75cl","p":20.9,"u":"27,87 €/L","img":"https://fd2-photos.leclercdrive.fr/image.ashx?id=2673217&use=l&cat=p&typeid=i","cat":284542},{"id":88454,"n":"Saucisson Fuet Justin Bridou  170g","p":3.14,"u":"18,47 €/KG","img":"https://fd2-photos.leclercdrive.fr/image.ashx?id=2751165&use=l&cat=p&typeid=i","cat":316006},{"id":88460,"n":"Fromage de Chèvre Chavroux  9 Portions - 162g","p":2.84,"u":"17,53 €/KG","img":"https://fd2-photos.leclercdrive.fr/image.ashx?id=2936689&use=l&cat=p&typeid=i","cat":314031},{"id":88461,"n":"Salami Danois  Saint-Azay x16 - 160g","p":1.58,"u":"9,88 €/KG","img":"https://fd2-photos.leclercdrive.fr/image.ashx?id=2708354&use=l&cat=p&typeid=i","cat":316007},{"id":88471,"n":"Protège slip Tena Long - x20","p":2.43,"u":"0,12 €/P","img":"https://fd2-photos.leclercdrive.fr/image.ashx?id=2428588&use=l&cat=p&typeid=i","cat":284628},{"id":88480,"n":"Soin léger réhydratant Jonzac Eau thermale bio - 50ml","p":10.0,"u":"200,00 €/L","img":"https://fd2-photos.leclercdrive.fr/image.ashx?id=2734987&use=l&cat=p&typeid=i","cat":291171},{"id":88542,"n":"Tomato Ketchup Allégé Heinz 50% sucre/sel en moins - 435g","p":2.36,"u":"5,43 €/KG","img":"https://fd2-photos.leclercdrive.fr/image.ashx?id=2973357&use=l&cat=p&typeid=i","cat":284455},{"id":88548,"n":"Tartines campagne La Boulangère 450g","p":1.62,"u":"3,60 €/KG","img":"https://fd2-photos.leclercdrive.fr/image.ashx?id=2912395&use=l&cat=p&typeid=i","cat":284477},{"id":88557,"n":"Céréales bébé Blédine 6 mois  Vanille - 400g","p":2.2,"u":"5,50 €/KG","img":"https://fd2-photos.leclercdrive.fr/image.ashx?id=2773992&use=l&cat=p&typeid=i","cat":312225},{"id":88558,"n":"Céréales bébé Blédine 6 mois  Cacao - 400g","p":2.1,"u":"5,25 €/KG","img":"https://fd2-photos.leclercdrive.fr/image.ashx?id=2763112&use=l&cat=p&typeid=i","cat":312225},{"id":88662,"n":"Yaourt bifidus Activia Vanille - 4x125g","p":1.59,"u":"3,18 €/KG","img":"https://fd2-photos.leclercdrive.fr/image.ashx?id=3006184&use=l&cat=p&typeid=i","cat":315000},{"id":88698,"n":"Citrons bio Bio Village Sachet x4","p":1.99,"u":"0,50 €/P","img":"https://fd2-photos.leclercdrive.fr/image.ashx?id=2805063&use=l&cat=p&typeid=i","cat":284356},{"id":88738,"n":"Yaourt bifidus Activia citron vanille coco - 12x125g","p":4.46,"u":"2,97 €/KG","img":"https://fd2-photos.leclercdrive.fr/image.ashx?id=3003149&use=l&cat=p&typeid=i","cat":315000},{"id":88740,"n":"Yaourt bifidus Activia citron - 4x125g","p":1.59,"u":"3,18 €/KG","img":"https://fd2-photos.leclercdrive.fr/image.ashx?id=3006181&use=l&cat=p&typeid=i","cat":315000},{"id":88742,"n":"Yaourt bifidus Activia coco - 4x125g","p":1.59,"u":"3,18 €/KG","img":"https://fd2-photos.leclercdrive.fr/image.ashx?id=2886651&use=l&cat=p&typeid=i","cat":315000},{"id":88981,"n":"Tablette chocolat au lait Milka Caramel - 3x100g","p":4.17,"u":"13,90 €/KG","img":"https://fd2-photos.leclercdrive.fr/image.ashx?id=2617078&use=l&cat=p&typeid=i","cat":284497},{"id":88986,"n":"Barre Chocolat au Lait KitKat x6 barres - 249g","p":3.05,"u":"12,25 €/KG","img":"https://fd2-photos.leclercdrive.fr/image.ashx?id=2989426&use=l&cat=p&typeid=i","cat":284498},{"id":89089,"n":"Boisson végétale Alpro Soja sans sucres - 1L","p":1.63,"u":"1,63 €/L","img":"https://fd2-photos.leclercdrive.fr/image.ashx?id=2980082&use=l&cat=p&typeid=i","cat":316067},{"id":89090,"n":"Boisson végétale Alpro Soja - 1L","p":1.63,"u":"1,63 €/L","img":"https://fd2-photos.leclercdrive.fr/image.ashx?id=2977681&use=l&cat=p&typeid=i","cat":316067},{"id":89094,"n":"Boisson végétale lait d'amande grillée sans sucre alpro - 1l","p":2.02,"u":"2,02 €/L","img":"https://fd2-photos.leclercdrive.fr/image.ashx?id=2985543&use=l&cat=p&typeid=i","cat":316067},{"id":89160,"n":"Recharge liquide nettoyant Swiffer WetJet - 1.25L","p":4.69,"pp":2.81,"u":"2,25 €/L","img":"https://fd2-photos.leclercdrive.fr/image.ashx?id=2867800&use=l&cat=p&typeid=i","cat":325364},{"id":89190,"n":"Carotte Bio Bio Village 1kg","p":1.79,"u":"1,79 €/KG","img":"https://fd2-photos.leclercdrive.fr/image.ashx?id=1457160&use=l&cat=p&typeid=i","cat":284352},{"id":89196,"n":"Eau gazeuse aromatisée Badoit Citron vert - 1L","p":1.18,"u":"1,18 €/L","img":"https://fd2-photos.leclercdrive.fr/image.ashx?id=2730658&use=l&cat=p&typeid=i","cat":284536},{"id":89197,"n":"Eau gazeuse aromatisée Badoit Pamplemousse citron - 1L","p":1.17,"u":"1,17 €/L","img":"https://fd2-photos.leclercdrive.fr/image.ashx?id=2730655&use=l&cat=p&typeid=i","cat":284536},{"id":89198,"n":"Eau gazeuse aromatisée Badoit Citron menthe - 1L","p":1.3,"u":"1,30 €/L","img":"https://fd2-photos.leclercdrive.fr/image.ashx?id=2730661&use=l&cat=p&typeid=i","cat":284536},{"id":89341,"n":"Gel lavant recharge Manava Antibactérien Mandarine - 250ml","p":0.54,"u":"2,16 €/L","img":"https://fd2-photos.leclercdrive.fr/image.ashx?id=2935522&use=l&cat=p&typeid=i","cat":284597},{"id":89344,"n":"Serviettes Normal Doulys Ultra mince - x28","p":2.42,"u":"0,09 €/P","img":"https://fd2-photos.leclercdrive.fr/image.ashx?id=2789143&use=l&cat=p&typeid=i","cat":284624},{"id":89424,"n":"Pesto vert Bio Village Bio - 185g","p":1.8,"u":"9,73 €/KG","img":"https://fd2-photos.leclercdrive.fr/image.ashx?id=1466304&use=l&cat=p&typeid=i","cat":287599},{"id":89506,"n":"Oeufs Plein air  Eco + x12","p":2.59,"u":"0,22 €/P","img":"https://fd2-photos.leclercdrive.fr/image.ashx?id=2756579&use=l&cat=p&typeid=i","cat":284378},{"id":89507,"n":"Xtrem Box Sodebo Radiatori à la Carbonara 400g","p":2.88,"u":"7,20 €/KG","img":"https://fd2-photos.leclercdrive.fr/image.ashx?id=2631588&use=l&cat=p&typeid=i","cat":334983},{"id":89695,"n":"Poulet Weight Watchers Curry-coco - 300g","p":3.14,"u":"10,47 €/KG","img":"https://fd2-photos.leclercdrive.fr/image.ashx?id=2827203&use=l&cat=p&typeid=i","cat":333665},{"id":89848,"n":"Boisson Végétale lait d'amande  bjorg cappuccino - bio - 1l","p":2.87,"u":"2,87 €/L","img":"https://fd2-photos.leclercdrive.fr/image.ashx?id=2962488&use=l&cat=p&typeid=i","cat":316067},{"id":89897,"n":"Boisson Végétale lait d'amande grillée bio - 1l","p":3.13,"u":"3,13 €/L","img":"https://fd2-photos.leclercdrive.fr/image.ashx?id=2912065&use=l&cat=p&typeid=i","cat":316067},{"id":89914,"n":"Bouillon Cube Maggi Légumes x18 - 180g","p":1.5,"u":"8,33 €/KG","img":"https://fd2-photos.leclercdrive.fr/image.ashx?id=2737039&use=l&cat=p&typeid=i","cat":288379},{"id":89930,"n":"Mélange bio Happy Bio Blé pois chiche lentilles -500g","p":3.13,"u":"6,26 €/KG","img":"https://fd2-photos.leclercdrive.fr/image.ashx?id=2654309&use=l&cat=p&typeid=i","cat":284429},{"id":90021,"n":"Thon Le Mariné Petit Navire Emietté -Tomates séchées - 110g","p":2.28,"u":"20,73 €/KG","img":"https://fd2-photos.leclercdrive.fr/image.ashx?id=2682857&use=l&cat=p&typeid=i","cat":303867},{"id":90056,"n":"Quinotto Jardin Bio Bio légumes parmesan - 220g","p":2.45,"u":"11,14 €/KG","img":"https://fd2-photos.leclercdrive.fr/image.ashx?id=2535421&use=l&cat=p&typeid=i","cat":287600},{"id":90058,"n":"Ravioli Jardin Bio Bio chèvre ciboulette - 250g","p":2.48,"u":"9,92 €/KG","img":"https://fd2-photos.leclercdrive.fr/image.ashx?id=2534842&use=l&cat=p&typeid=i","cat":287600},{"id":90060,"n":"Thé vert Bio Ethiquable  Vietnam x20 - 36g","p":2.38,"u":"3,31 €/KG","img":"https://fd2-photos.leclercdrive.fr/image.ashx?id=2870845&use=l&cat=p&typeid=i","cat":293233},{"id":90082,"n":"Ciboulette Ducros 4g","p":1.41,"u":"352,50 €/KG","img":"https://fd2-photos.leclercdrive.fr/image.ashx?id=2559487&use=l&cat=p&typeid=i","cat":298297},{"id":90090,"n":"Gnocchi à poêler Lustucru Extra Fromage 500g","p":2.75,"u":"5,50 €/KG","img":"https://fd2-photos.leclercdrive.fr/image.ashx?id=2786171&use=l&cat=p&typeid=i","cat":333682},{"id":90113,"n":"Petits suisses aux fruits bio Les 2 vaches - 12x50g","p":3.55,"u":"5,92 €/KG","img":"https://fd2-photos.leclercdrive.fr/image.ashx?id=2774103&use=l&cat=p&typeid=i","cat":284414},{"id":90119,"n":"Fromage Persillée Saint Agur  190g","p":3.46,"u":"18,21 €/KG","img":"https://fd2-photos.leclercdrive.fr/image.ashx?id=2981512&use=l&cat=p&typeid=i","cat":314032},{"id":90120,"n":"Crème Saint Agur  155g","p":2.65,"u":"17,10 €/KG","img":"https://fd2-photos.leclercdrive.fr/image.ashx?id=2760014&use=l&cat=p&typeid=i","cat":314029},{"id":90122,"n":"Camembert Coeur de Lion 250g","p":1.96,"u":"7,84 €/KG","img":"https://fd2-photos.leclercdrive.fr/image.ashx?id=3008185&use=l&cat=p&typeid=i","cat":314033},{"id":90182,"n":"Savon Bionaïa Lait d'anesse - 100g","p":1.72,"u":"17,20 €/KG","img":"https://fd2-photos.leclercdrive.fr/image.ashx?id=2491047&use=l&cat=p&typeid=i","cat":284597},{"id":90188,"n":"Cremio Box Sodebo Poulet à l'Emmental - 280g","p":2.1,"u":"7,50 €/KG","img":"https://fd2-photos.leclercdrive.fr/image.ashx?id=2679068&use=l&cat=p&typeid=i","cat":334983},{"id":90278,"n":"Set 3 casseroles Homeside 16-18-20cm +manche amovible","p":34.9,"pp":17.45,"img":"https://fd2-photos.leclercdrive.fr/image.ashx?id=1474505&use=l&cat=p&typeid=i","cat":298490},{"id":90535,"n":"Crabe Nautilus 100% morceaux - 105g","p":5.45,"pp":3.6,"u":"34,29 €/KG","img":"https://fd2-photos.leclercdrive.fr/image.ashx?id=2647516&use=l&cat=p&typeid=i","cat":305147},{"id":90547,"n":"Croquettes chat Purina One Chat Stérilisé Truite/Blé-1.5kg","p":6.65,"u":"4,43 €/KG","img":"https://fd2-photos.leclercdrive.fr/image.ashx?id=2488064&use=l&cat=p&typeid=i","cat":284680},{"id":90562,"n":"Yaourt bifidus Activia saveur framboise - 4x125g","p":1.74,"u":"3,48 €/KG","img":"https://fd2-photos.leclercdrive.fr/image.ashx?id=2886654&use=l&cat=p&typeid=i","cat":315000},{"id":90662,"n":"Nuggets poulet Nature de France Bio - 200g","p":4.9,"u":"24,50 €/KG","img":"https://fd2-photos.leclercdrive.fr/image.ashx?id=2967818&use=l&cat=p&typeid=i","cat":333684},{"id":90667,"n":"Céréales Chocapic Nestlé Bio - 375g","p":3.48,"u":"9,28 €/KG","img":"https://fd2-photos.leclercdrive.fr/image.ashx?id=2997262&use=l&cat=p&typeid=i","cat":309513},{"id":90670,"n":"Muesli fruits bio sans sucres  ajoutés Terres et Céréales-1kg","p":5.66,"u":"5,66 €/KG","img":"https://fd2-photos.leclercdrive.fr/image.ashx?id=2858455&use=l&cat=p&typeid=i","cat":309512},{"id":90673,"n":"Pâte à tartiner Alter Eco Bio Sans huile de palme - 270g","p":3.73,"u":"13,81 €/KG","img":"https://fd2-photos.leclercdrive.fr/image.ashx?id=2264195&use=l&cat=p&typeid=i","cat":284481},{"id":90675,"n":"Crème dessert Mont Blanc Boîte Chocolat - 570g","p":2.32,"u":"4,07 €/KG","img":"https://fd2-photos.leclercdrive.fr/image.ashx?id=3011614&use=l&cat=p&typeid=i","cat":284506},{"id":90676,"n":"Crème dessert Mont Blanc Boîte Vanille - 570g","p":2.37,"u":"4,16 €/KG","img":"https://fd2-photos.leclercdrive.fr/image.ashx?id=3008830&use=l&cat=p&typeid=i","cat":284506},{"id":90682,"n":"Génoise P'tit Déli Fraise - 150g","p":1.41,"u":"9,40 €/KG","img":"https://fd2-photos.leclercdrive.fr/image.ashx?id=2482505&use=l&cat=p&typeid=i","cat":284489},{"id":90689,"n":"Lotus Biscoff Speculoos Biscuit Pocket 248g (16x2p)","p":2.32,"u":"9,35 €/KG","img":"https://fd2-photos.leclercdrive.fr/image.ashx?id=2694986&use=l&cat=p&typeid=i","cat":284487},{"id":90697,"n":"Boisson Coco Végé 1L Végé - 200g","p":1.75,"u":"1,75 €/L","img":"https://fd2-photos.leclercdrive.fr/image.ashx?id=2869516&use=l&cat=p&typeid=i","cat":316067},{"id":90725,"n":"Infusion bio Clipper Vanille et saveur fraise - 40g","p":2.49,"u":"62,25 €/KG","img":"https://fd2-photos.leclercdrive.fr/image.ashx?id=2906751&use=l&cat=p&typeid=i","cat":293234},{"id":90727,"n":"Crok fondant tout chocolat bio  Terres et Céréales - 375g","p":4.69,"u":"12,51 €/KG","img":"https://fd2-photos.leclercdrive.fr/image.ashx?id=2672290&use=l&cat=p&typeid=i","cat":309513},{"id":90820,"n":"Soupe liquide Knorr Potiron - 45cl","p":2.2,"u":"4,89 €/L","img":"https://fd2-photos.leclercdrive.fr/image.ashx?id=2338663&use=l&cat=p&typeid=i","cat":284462},{"id":90843,"n":"Café moulu Grand Mère Familial - 4x250g","p":13.21,"u":"13,21 €/KG","img":"https://fd2-photos.leclercdrive.fr/image.ashx?id=1755049&use=l&cat=p&typeid=i","cat":284750},{"id":90847,"n":"Dosettes café Senseo Grand Mère Corsé x54","p":5.35,"u":"15,03 €/KG","img":"https://fd2-photos.leclercdrive.fr/image.ashx?id=2745817&use=l&cat=p&typeid=i","cat":293238},{"id":90887,"n":"Whisky Japonais Akashi blend Sous étui - 40% vol. - 50cl","p":27.62,"u":"55,24 €/L","img":"https://fd2-photos.leclercdrive.fr/image.ashx?id=2860508&use=l&cat=p&typeid=i","cat":284547},{"id":90905,"n":"Emmental 32% MG Bio Bio village - 250g","p":2.99,"u":"11,96 €/KG","img":"https://fd2-photos.leclercdrive.fr/image.ashx?id=2425351&use=l&cat=p&typeid=i","cat":314034},{"id":91176,"n":"Lait Démaquillant Nivea Visage&Yeux Camomille - 200ml","p":4.02,"u":"20,10 €/L","img":"https://fd2-photos.leclercdrive.fr/image.ashx?id=2836097&use=l&cat=p&typeid=i","cat":284603},{"id":91177,"n":"Démaquillant Yeux biphase Nivea Sensibles Waterproof - 125ml","p":2.65,"u":"21,20 €/L","img":"https://fd2-photos.leclercdrive.fr/image.ashx?id=2953944&use=l&cat=p&typeid=i","cat":284603},{"id":91178,"n":"Crème visage Jour FPS 15 Nivea Nourrissante Peau Sèche - 50ml","p":4.13,"u":"82,60 €/L","img":"https://fd2-photos.leclercdrive.fr/image.ashx?id=3014605&use=l&cat=p&typeid=i","cat":325345},{"id":91221,"n":"Pâtes Fusili Panzani Créatives - 500G","p":1.16,"u":"2,32 €/KG","img":"https://fd2-photos.leclercdrive.fr/image.ashx?id=2902942&use=l&cat=p&typeid=i","cat":284427},{"id":91231,"n":"Thé vert Twinings Framboise Passion x20 - 32g","p":2.75,"u":"85,94 €/KG","img":"https://fd2-photos.leclercdrive.fr/image.ashx?id=2893030&use=l&cat=p&typeid=i","cat":293233},{"id":91249,"n":"Jambon cuit rôti aux herbes 120g","p":4.45,"u":"37,08 €/KG","img":"https://fd2-photos.leclercdrive.fr/image.ashx?id=2025170&use=l&cat=p&typeid=i","cat":316009},{"id":91290,"n":"After Eight Chocolat Noël Saveur orange - 400g","p":8.21,"u":"20,53 €/KG","img":"https://fd2-photos.leclercdrive.fr/image.ashx?id=2401327&use=l&cat=p&typeid=i","cat":327595},{"id":91389,"n":"Assortiment Cuadro Gold  Novi 168g","p":7.95,"u":"47,32 €/KG","img":"https://fd2-photos.leclercdrive.fr/image.ashx?id=2654390&use=l&cat=p&typeid=i","cat":327595},{"id":91391,"n":"Gold Gianduiotti Novi 150g","p":7.95,"u":"53,00 €/KG","img":"https://fd2-photos.leclercdrive.fr/image.ashx?id=2654384&use=l&cat=p&typeid=i","cat":327595},{"id":91482,"n":"Riz Comptoir du Grain Champignons 2 min - 250g","p":1.22,"u":"4,88 €/KG","img":"https://fd2-photos.leclercdrive.fr/image.ashx?id=2856561&use=l&cat=p&typeid=i","cat":287600},{"id":91485,"n":"Riz long Comptoir du Grain Express 2 min - 250g","p":0.99,"u":"3,96 €/KG","img":"https://fd2-photos.leclercdrive.fr/image.ashx?id=2441393&use=l&cat=p&typeid=i","cat":287600},{"id":91487,"n":"Bière Brewdog Elvis Juice  33cl","p":2.35,"u":"7,12 €/L","img":"https://fd2-photos.leclercdrive.fr/image.ashx?id=2941871&use=l&cat=p&typeid=i","cat":334872},{"id":91553,"n":"Quinoa Céréal Bio  Bio repas express 220g","p":2.03,"u":"9,23 €/KG","img":"https://fd2-photos.leclercdrive.fr/image.ashx?id=2575081&use=l&cat=p&typeid=i","cat":287600},{"id":91554,"n":"Blé Riz quinoa Céréal Bio  Bio repas express 220g","p":1.95,"u":"8,86 €/KG","img":"https://fd2-photos.leclercdrive.fr/image.ashx?id=2662844&use=l&cat=p&typeid=i","cat":287600},{"id":91557,"n":"Lentilles Riz Soja Céréal Bio Bio repas express-250g","p":1.87,"u":"7,48 €/KG","img":"https://fd2-photos.leclercdrive.fr/image.ashx?id=2575084&use=l&cat=p&typeid=i","cat":287600},{"id":91585,"n":"Bicarbonate de soude Briochin Ecocert - 500g","p":3.58,"u":"7,16 €/KG","img":"https://fd2-photos.leclercdrive.fr/image.ashx?id=3000749&use=l&cat=p&typeid=i","cat":325365},{"id":91603,"n":"Gel pur So Bio Etic Aloe Vera bio - 125ml","p":7.45,"u":"59,60 €/L","img":"https://fd2-photos.leclercdrive.fr/image.ashx?id=2802497&use=l&cat=p&typeid=i","cat":325345},{"id":91605,"n":"Soin nutritif So Bio Etic Aloe Vera bio - 50ml","p":7.72,"u":"154,40 €/L","img":"https://fd2-photos.leclercdrive.fr/image.ashx?id=2992128&use=l&cat=p&typeid=i","cat":325345},{"id":91768,"n":"Roquefort AOP Société Fromage de brebis - 100g","p":2.28,"u":"22,80 €/KG","img":"https://fd2-photos.leclercdrive.fr/image.ashx?id=2729701&use=l&cat=p&typeid=i","cat":314032},{"id":91776,"n":"Crème UHT Elle&Vire Semi-Ep. Entière - 30% MG - 3x20cl","p":3.98,"u":"6,63 €/L","img":"https://fd2-photos.leclercdrive.fr/image.ashx?id=2979866&use=l&cat=p&typeid=i","cat":284381},{"id":91805,"n":"petit suisse aux fruits danonino - 18x50g","p":3.44,"u":"3,82 €/KG","img":"https://fd2-photos.leclercdrive.fr/image.ashx?id=3003137&use=l&cat=p&typeid=i","cat":284414},{"id":91807,"n":"petit suisse aux fruits danonino - 12x50g","p":2.34,"u":"3,90 €/KG","img":"https://fd2-photos.leclercdrive.fr/image.ashx?id=3003140&use=l&cat=p&typeid=i","cat":284414},{"id":91814,"n":"Pommes bicolores bio Bio Village Barquette x4","p":1.99,"u":"0,50 €/P","img":"https://fd2-photos.leclercdrive.fr/image.ashx?id=2556538&use=l&cat=p&typeid=i","cat":284356},{"id":91867,"n":"Desperados Mojito Pack 6x33cl","p":9.76,"u":"4,93 €/L","img":"https://fd2-photos.leclercdrive.fr/image.ashx?id=2651080&use=l&cat=p&typeid=i","cat":334878},{"id":91907,"n":"Assortiment Copains Copines Tubo gélifie acide - 600g","p":3.69,"u":"6,15 €/KG","img":"https://fd2-photos.leclercdrive.fr/image.ashx?id=2417219&use=l&cat=p&typeid=i","cat":304250},{"id":92027,"n":"Tablette chocolat au lait Lindt Caramel Pointe de sel - 100g","p":2.32,"u":"23,20 €/KG","img":"https://fd2-photos.leclercdrive.fr/image.ashx?id=2750384&use=l&cat=p&typeid=i","cat":284497},{"id":92028,"n":"Tablette de chocolat noir Lindt Amandes effilées - 100g","p":2.55,"u":"25,50 €/KG","img":"https://fd2-photos.leclercdrive.fr/image.ashx?id=2643764&use=l&cat=p&typeid=i","cat":284956},{"id":92073,"n":"Légumes pour Wok Bio Village Bio - 600g","p":2.99,"u":"4,98 €/KG","img":"https://fd2-photos.leclercdrive.fr/image.ashx?id=2898071&use=l&cat=p&typeid=i","cat":319823},{"id":92255,"n":"Soupe liquide brique Liebig  Courgettes Vache Qui Rit 2x30cl","p":2.74,"u":"4,57 €/L","img":"https://fd2-photos.leclercdrive.fr/image.ashx?id=2175518&use=l&cat=p&typeid=i","cat":284462},{"id":92256,"n":"Gourdes bio bébé Hipp Bio 4 variétés - 8x120g","p":8.2,"u":"8,54 €/KG","img":"https://fd2-photos.leclercdrive.fr/image.ashx?id=2915578&use=l&cat=p&typeid=i","cat":312393},{"id":92267,"n":"Soupe instantanée Royco  Indienne - 3x200ml","p":1.52,"u":"2,53 €/L","img":"https://fd2-photos.leclercdrive.fr/image.ashx?id=2650988&use=l&cat=p&typeid=i","cat":293527},{"id":92342,"n":"AOP Bordeaux vin blanc Mouton Cadet - 75cl","p":5.59,"u":"7,45 €/L","img":"https://fd2-photos.leclercdrive.fr/image.ashx?id=2845985&use=l&cat=p&typeid=i","cat":289557},{"id":92351,"n":"Crème mains Inell Réparatrice - 100ml","p":1.45,"u":"14,50 €/L","img":"https://fd2-photos.leclercdrive.fr/image.ashx?id=2822135&use=l&cat=p&typeid=i","cat":325354},{"id":92356,"n":"Serviettes Hygieniques Vania  Maxi confort super - x16","p":1.74,"u":"0,11 €/P","img":"https://fd2-photos.leclercdrive.fr/image.ashx?id=2908168&use=l&cat=p&typeid=i","cat":284624},{"id":92436,"n":"Noix de Saint-Jacques ASC Ronde des Mers - 300g","p":8.7,"u":"29,00 €/KG","img":"https://fd2-photos.leclercdrive.fr/image.ashx?id=2835032&use=l&cat=p&typeid=i","cat":319787},{"id":92452,"n":"Tomates cerises bio Bio Village 250g","p":1.59,"u":"6,36 €/KG","img":"https://fd2-photos.leclercdrive.fr/image.ashx?id=2959755&use=l&cat=p&typeid=i","cat":284352},{"id":92516,"n":"Poélée Légume Wok Notre Jardin Inde - 1kg","p":3.99,"u":"3,99 €/KG","img":"https://fd2-photos.leclercdrive.fr/image.ashx?id=2803957&use=l&cat=p&typeid=i","cat":319823},{"id":92529,"n":"Échalotes traditionnelles bio  Bio Village - 250g","p":1.99,"u":"7,96 €/KG","img":"https://fd2-photos.leclercdrive.fr/image.ashx?id=2922454&use=l&cat=p&typeid=i","cat":284352},{"id":92532,"n":"Céréales Quaker Cruesli Chocolat - 900g","p":5.1,"u":"5,67 €/KG","img":"https://fd2-photos.leclercdrive.fr/image.ashx?id=2212153&use=l&cat=p&typeid=i","cat":309512},{"id":92533,"n":"Céréales Quaker Cruesli Chocolat au lait - 450g","p":2.72,"u":"6,04 €/KG","img":"https://fd2-photos.leclercdrive.fr/image.ashx?id=2212156&use=l&cat=p&typeid=i","cat":309512},{"id":92586,"n":"Lait de toilette bébé Klorane Sans rinçage - 750ml","p":7.99,"u":"10,65 €/L","img":"https://fd2-photos.leclercdrive.fr/image.ashx?id=2936848&use=l&cat=p&typeid=i","cat":290425},{"id":92593,"n":"Eau fraîche bébé Klorane Parfumée - 500ml","p":9.19,"u":"18,38 €/L","img":"https://fd2-photos.leclercdrive.fr/image.ashx?id=2936854&use=l&cat=p&typeid=i","cat":290425},{"id":92599,"n":"Lingettes bébé Klorane Nettoyantes douces - x70","p":3.4,"u":"0,05 €/P","img":"https://fd2-photos.leclercdrive.fr/image.ashx?id=2420211&use=l&cat=p&typeid=i","cat":290387},{"id":92601,"n":"Eau parfumée bébé Klorane Petit Brin sans alcool - 50ml","p":11.99,"u":"239,80 €/L","img":"https://fd2-photos.leclercdrive.fr/image.ashx?id=2377106&use=l&cat=p&typeid=i","cat":290425},{"id":92693,"n":"Gel douche Mixa Bébé  Très Doux Corps Cheveux - 750ml","p":6.64,"u":"8,85 €/L","img":"https://fd2-photos.leclercdrive.fr/image.ashx?id=2316210&use=l&cat=p&typeid=i","cat":284740},{"id":92761,"n":"Sacs poubelle 10L Eco+ Salle de bain - x30","p":1.08,"u":"0,04 €/P","img":"https://fd2-photos.leclercdrive.fr/image.ashx?id=1916280&use=l&cat=p&typeid=i","cat":285168},{"id":92780,"n":"Bière blonde Heineken 6x25cl","p":4.24,"u":"2,83 €/L","img":"https://fd2-photos.leclercdrive.fr/image.ashx?id=3011077&use=l&cat=p&typeid=i","cat":334873},{"id":92782,"n":"Thé glacé Fuze Tea Saveur pêche - 1.25L","p":1.55,"u":"1,24 €/L","img":"https://fd2-photos.leclercdrive.fr/image.ashx?id=2940390&use=l&cat=p&typeid=i","cat":295019},{"id":92818,"n":"Tablette lave-vaisselle Rainett Tout en 1 Bicarbonate x30 -600g","p":4.96,"u":"8,27 €/KG","img":"https://fd2-photos.leclercdrive.fr/image.ashx?id=2506477&use=l&cat=p&typeid=i","cat":284656},{"id":92841,"n":"Huile de tournesol Rustica 50cl","p":1.39,"u":"2,78 €/L","img":"https://fd2-photos.leclercdrive.fr/image.ashx?id=2900349&use=l&cat=p&typeid=i","cat":284453},{"id":92842,"n":"Mélange 4 huiles Rustica Végétales - 50cl","p":1.79,"u":"3,58 €/L","img":"https://fd2-photos.leclercdrive.fr/image.ashx?id=2508885&use=l&cat=p&typeid=i","cat":284453},{"id":93022,"n":"Bière blonde Heineken 20x25cl","p":12.11,"u":"2,42 €/L","img":"https://fd2-photos.leclercdrive.fr/image.ashx?id=3011074&use=l&cat=p&typeid=i","cat":334873},{"id":93023,"n":"Bière blonde Heineken 12x25cl","p":7.51,"u":"2,50 €/L","img":"https://fd2-photos.leclercdrive.fr/image.ashx?id=3011080&use=l&cat=p&typeid=i","cat":334873},{"id":93029,"n":"Poireau bio Bio Village 750g","p":3.49,"u":"4,65 €/KG","img":"https://fd2-photos.leclercdrive.fr/image.ashx?id=2322956&use=l&cat=p&typeid=i","cat":284352},{"id":93030,"n":"Concombre Bio Bio Village x1","p":1.59,"img":"https://fd2-photos.leclercdrive.fr/image.ashx?id=2334257&use=l&cat=p&typeid=i","cat":284352},{"id":93031,"n":"Raclette nature Les croisés Sans croute - 700g","p":6.79,"u":"9,70 €/KG","img":"https://fd2-photos.leclercdrive.fr/image.ashx?id=2084961&use=l&cat=p&typeid=i","cat":314037},{"id":93033,"n":"Saucisson Fuet César Moroni  170g","p":3.22,"u":"18,94 €/KG","img":"https://fd2-photos.leclercdrive.fr/image.ashx?id=2916138&use=l&cat=p&typeid=i","cat":316006},{"id":93036,"n":"Rosette tranchée Cochonou  10 tranches - 93g","p":1.87,"u":"20,11 €/KG","img":"https://fd2-photos.leclercdrive.fr/image.ashx?id=2924107&use=l&cat=p&typeid=i","cat":316007},{"id":93037,"n":"Saucisson sec Tranché Cochonou 30 tranches - 93g","p":1.52,"u":"16,34 €/KG","img":"https://fd2-photos.leclercdrive.fr/image.ashx?id=2924104&use=l&cat=p&typeid=i","cat":316007},{"id":93041,"n":"Fromage Caprice Des Dieux 300g","p":3.59,"u":"11,97 €/KG","img":"https://fd2-photos.leclercdrive.fr/image.ashx?id=2763178&use=l&cat=p&typeid=i","cat":314033},{"id":93070,"n":"Crème dessert Bio Bio village Chocolat - 4x95g","p":1.28,"u":"3,37 €/KG","img":"https://fd2-photos.leclercdrive.fr/image.ashx?id=2992645&use=l&cat=p&typeid=i","cat":285041},{"id":93071,"n":"Champignons de Paris blancs Bio Bio Village - 200g","p":2.39,"u":"11,95 €/KG","img":"https://fd2-photos.leclercdrive.fr/image.ashx?id=2960550&use=l&cat=p&typeid=i","cat":284352},{"id":93105,"n":"Skyr danone  nature 0%mg - 2x140g","p":1.96,"u":"7,00 €/KG","img":"https://fd2-photos.leclercdrive.fr/image.ashx?id=2810606&use=l&cat=p&typeid=i","cat":284409},{"id":93108,"n":"Bière Desperados Pack de 12x33cl","p":14.45,"u":"3,65 €/L","img":"https://fd2-photos.leclercdrive.fr/image.ashx?id=2983123&use=l&cat=p&typeid=i","cat":334878},{"id":93111,"n":"Camembert Le Rustique  250g","p":2.33,"u":"9,32 €/KG","img":"https://fd2-photos.leclercdrive.fr/image.ashx?id=2979722&use=l&cat=p&typeid=i","cat":314033},{"id":93112,"n":"Coulommiers Cœur de Lion  350g","p":2.6,"u":"7,43 €/KG","img":"https://fd2-photos.leclercdrive.fr/image.ashx?id=2766286&use=l&cat=p&typeid=i","cat":314033},{"id":93121,"n":"Escalope Cordon Bleu Père Dodu  Dinde x4 - 400g - Familial","p":3.95,"u":"9,88 €/KG","img":"https://fd2-photos.leclercdrive.fr/image.ashx?id=2957206&use=l&cat=p&typeid=i","cat":333683},{"id":93181,"n":"Pains Façon Bretzel x6 - 270g","p":2.05,"u":"7,59 €/KG","img":"https://fd2-photos.leclercdrive.fr/image.ashx?id=2867401&use=l&cat=p&typeid=i","cat":325069},{"id":93224,"n":"Rhum Neisson blanc 55%vol - 100cl","p":28.79,"u":"28,79 €/L","img":"https://fd2-photos.leclercdrive.fr/image.ashx?id=2021094&use=l&cat=p&typeid=i","cat":284550},{"id":93244,"n":"Sauce bolognaise Panzani 425g","p":1.87,"u":"4,40 €/KG","img":"https://fd2-photos.leclercdrive.fr/image.ashx?id=2989096&use=l&cat=p&typeid=i","cat":287599},{"id":93260,"n":"Biscuits Calèche LU Sélection gourmande - 250g","p":3.7,"u":"14,80 €/KG","img":"https://fd2-photos.leclercdrive.fr/image.ashx?id=1916631&use=l&cat=p&typeid=i","cat":284490},{"id":93305,"n":"Arrangé Isautier Gingembre Citron 40° - 50cl","p":16.95,"u":"33,90 €/L","img":"https://fd2-photos.leclercdrive.fr/image.ashx?id=2322193&use=l&cat=p&typeid=i","cat":284551},{"id":93348,"n":"Assortiment 26%mg Les croisés 3 Variétés ss croûte - 700g","p":9.74,"u":"13,91 €/KG","img":"https://fd2-photos.leclercdrive.fr/image.ashx?id=2793269&use=l&cat=p&typeid=i","cat":314037},{"id":93401,"n":"Bière blonde pression Heineken Fût de 5L","p":17.58,"u":"3,52 €/L","img":"https://fd2-photos.leclercdrive.fr/image.ashx?id=2646194&use=l&cat=p&typeid=i","cat":334879},{"id":93403,"n":"Bières Desperados 6x33cl","p":7.57,"u":"3,82 €/L","img":"https://fd2-photos.leclercdrive.fr/image.ashx?id=2977963&use=l&cat=p&typeid=i","cat":334853},{"id":93547,"n":"Long Nuggets Père Dodu  Poulet x8 - 200g","p":2.76,"u":"13,80 €/KG","img":"https://fd2-photos.leclercdrive.fr/image.ashx?id=2957188&use=l&cat=p&typeid=i","cat":333684},{"id":93600,"n":"Dessert végétal soja Alpro Nature à la coco - 500g","p":1.68,"u":"3,36 €/KG","img":"https://fd2-photos.leclercdrive.fr/image.ashx?id=2976080&use=l&cat=p&typeid=i","cat":316071},{"id":93624,"n":"Papier toilette Mimosa Blanc 3 plis - x12","p":4.61,"u":"0,38 €/P","img":"https://fd2-photos.leclercdrive.fr/image.ashx?id=2811869&use=l&cat=p&typeid=i","cat":284634},{"id":93690,"n":"Nems à la Crevette et Crabe Tables du Monde x4 - 280g","p":2.04,"u":"7,29 €/KG","img":"https://fd2-photos.leclercdrive.fr/image.ashx?id=1861278&use=l&cat=p&typeid=i","cat":333673},{"id":93697,"n":"Homard Ronde des mers MSC - Cuit sous vide - 325g","p":9.89,"u":"30,43 €/KG","img":"https://fd2-photos.leclercdrive.fr/image.ashx?id=2861425&use=l&cat=p&typeid=i","cat":319787},{"id":93728,"n":"Clémentine à déguster bio Bio Village Sachet 750g","p":2.99,"u":"3,99 €/KG","img":"https://fd2-photos.leclercdrive.fr/image.ashx?id=2801058&use=l&cat=p&typeid=i","cat":284356},{"id":93750,"n":"Ratatouille Cuisinée Cassegrain à la Provençale 380g","p":2.9,"u":"7,63 €/KG","img":"https://fd2-photos.leclercdrive.fr/image.ashx?id=2970831&use=l&cat=p&typeid=i","cat":312612},{"id":93776,"n":"Sauce tomate bio Jardin Bio Provençale - 510g","p":3.35,"u":"6,57 €/KG","img":"https://fd2-photos.leclercdrive.fr/image.ashx?id=2977435&use=l&cat=p&typeid=i","cat":287599},{"id":93788,"n":"Escalope Cordon Bleu Père Dodu  Poulet x2 - 200g","p":2.2,"u":"11,00 €/KG","img":"https://fd2-photos.leclercdrive.fr/image.ashx?id=2957170&use=l&cat=p&typeid=i","cat":333683},{"id":93790,"n":"Sauce tomate bio Jardin Bio Basilic - 510g","p":3.32,"u":"6,51 €/KG","img":"https://fd2-photos.leclercdrive.fr/image.ashx?id=2918832&use=l&cat=p&typeid=i","cat":287599},{"id":93817,"n":"Muesli croustillant 7 fruits  bio Terres et Céréales-1kg","p":5.89,"u":"5,89 €/KG","img":"https://fd2-photos.leclercdrive.fr/image.ashx?id=2802449&use=l&cat=p&typeid=i","cat":309512},{"id":93842,"n":"Coton rectangle bébé Eco+ x200","p":3.99,"u":"0,02 €/P","img":"https://fd2-photos.leclercdrive.fr/image.ashx?id=2869760&use=l&cat=p&typeid=i","cat":284739},{"id":93851,"n":"Petit Pois Tendres et Fondants Cassegrain 280g","p":1.78,"u":"6,36 €/KG","img":"https://fd2-photos.leclercdrive.fr/image.ashx?id=2955318&use=l&cat=p&typeid=i","cat":312607},{"id":93854,"n":"Aubergines Cuisinées Cassegrain à la Provençale 375g","p":2.9,"u":"7,73 €/KG","img":"https://fd2-photos.leclercdrive.fr/image.ashx?id=2962086&use=l&cat=p&typeid=i","cat":312612},{"id":93860,"n":"Viande hachée bio- Bio Village  15%mg - 400g","p":8.15,"u":"20,38 €/KG","img":"https://fd2-photos.leclercdrive.fr/image.ashx?id=2946478&use=l&cat=p&typeid=i","cat":319779},{"id":93936,"n":"Filets de poulet Eco+ Blanc - 1kg","p":9.49,"u":"9,49 €/KG","img":"https://fd2-photos.leclercdrive.fr/image.ashx?id=1931415&use=l&cat=p&typeid=i","cat":284336},{"id":94052,"n":"Haricot Vert Cassegrain Extra Fin Ceuillis main 220g","p":2.05,"u":"9,32 €/KG","img":"https://fd2-photos.leclercdrive.fr/image.ashx?id=2955321&use=l&cat=p&typeid=i","cat":312606},{"id":94053,"n":"Gaufrette P'tit Déli Fraise des bois - 160g","p":1.52,"u":"9,50 €/KG","img":"https://fd2-photos.leclercdrive.fr/image.ashx?id=2915299&use=l&cat=p&typeid=i","cat":284489},{"id":94164,"n":"Fromage Crèmeux Saint Albray  200g","p":2.88,"u":"14,40 €/KG","img":"https://fd2-photos.leclercdrive.fr/image.ashx?id=2731825&use=l&cat=p&typeid=i","cat":329558},{"id":94194,"n":"Sachet chat stérilisé Perfect Fit poulet saumon sauce - 4x85g","p":2.97,"u":"34,94 €/KG","img":"https://fd2-photos.leclercdrive.fr/image.ashx?id=2759733&use=l&cat=p&typeid=i","cat":285286},{"id":94324,"n":"Rôti de porc Fleury Michon -25% de sel sans nitrite x6 - 210g","p":3.64,"u":"17,33 €/KG","img":"https://fd2-photos.leclercdrive.fr/image.ashx?id=2335505&use=l&cat=p&typeid=i","cat":316009},{"id":94383,"n":"Désodorisant Air Wick Fleur de lotus Relaxant - 250ml","p":3.25,"u":"13,00 €/L","img":"https://fd2-photos.leclercdrive.fr/image.ashx?id=2971930&use=l&cat=p&typeid=i","cat":311626},{"id":94635,"n":"Brasse végétal nature Andros 4x100g","p":2.59,"u":"6,48 €/KG","img":"https://fd2-photos.leclercdrive.fr/image.ashx?id=2872012&use=l&cat=p&typeid=i","cat":316071},{"id":94699,"n":"Biscottes Heudebert Blé complet - 280g","p":2.19,"u":"7,82 €/KG","img":"https://fd2-photos.leclercdrive.fr/image.ashx?id=2905060&use=l&cat=p&typeid=i","cat":284479},{"id":94748,"n":"Tartines La Boulangère  Quinoa et graine Bio - 450g","p":2.73,"u":"6,07 €/KG","img":"https://fd2-photos.leclercdrive.fr/image.ashx?id=2912419&use=l&cat=p&typeid=i","cat":284477},{"id":94801,"n":"Oeufs frais De Nos Régions Élevées au Sol - x12","p":2.71,"u":"0,23 €/P","img":"https://fd2-photos.leclercdrive.fr/image.ashx?id=2969845&use=l&cat=p&typeid=i","cat":284378},{"id":94853,"n":"Oeufs frais plein air Bio Bio village - x4","p":1.9,"u":"0,48 €/P","img":"https://fd2-photos.leclercdrive.fr/image.ashx?id=1519103&use=l&cat=p&typeid=i","cat":284378},{"id":94856,"n":"Oeufs frais plein air Oméga 3 - x20","p":4.55,"u":"0,23 €/P","img":"https://fd2-photos.leclercdrive.fr/image.ashx?id=2969982&use=l&cat=p&typeid=i","cat":284378},{"id":94859,"n":"Yaourt à la grecque YAOS  Stracciatella - 4x125g","p":2.37,"u":"4,74 €/KG","img":"https://fd2-photos.leclercdrive.fr/image.ashx?id=2679506&use=l&cat=p&typeid=i","cat":314999},{"id":94860,"n":"Oeufs frais De Nos Régions Élevées au sol - x6","p":1.49,"u":"0,25 €/P","img":"https://fd2-photos.leclercdrive.fr/image.ashx?id=2969824&use=l&cat=p&typeid=i","cat":284378},{"id":95008,"n":"Mini tablettes chocolat Milka Chocolat au lait - 8x25g","p":3.39,"u":"16,95 €/KG","img":"https://fd2-photos.leclercdrive.fr/image.ashx?id=2832419&use=l&cat=p&typeid=i","cat":284497},{"id":95077,"n":"Gel anti-calcaire Calgon  Hygiène Plus - 750ml","p":4.84,"u":"6,45 €/L","img":"https://fd2-photos.leclercdrive.fr/image.ashx?id=2953767&use=l&cat=p&typeid=i","cat":284653},{"id":95112,"n":"Bière Cervoise des Ancêtres BlondeTriple - 8.5% vol. - 75cl","p":4.75,"u":"6,33 €/L","img":"https://fd2-photos.leclercdrive.fr/image.ashx?id=2021244&use=l&cat=p&typeid=i","cat":334872},{"id":95507,"n":"Risotto au Poulet & Cèpes Fleury Michon 2+1offert - 840g","p":5.47,"u":"6,51 €/KG","img":"https://fd2-photos.leclercdrive.fr/image.ashx?id=2246818&use=l&cat=p&typeid=i","cat":333665},{"id":95524,"n":"Essuie-tout bobine Mimosa 500 feuilles","p":3.7,"img":"https://fd2-photos.leclercdrive.fr/image.ashx?id=1523297&use=l&cat=p&typeid=i","cat":284635},{"id":95534,"n":"Saumon fumé Ronde des Mers Ecosse x4T - 140g","p":4.99,"u":"35,64 €/KG","img":"https://fd2-photos.leclercdrive.fr/image.ashx?id=2450056&use=l&cat=p&typeid=i","cat":285188},{"id":95535,"n":"Saumon fumé ASC Ronde des Mers Norvège x4T - 140g","p":4.99,"u":"35,64 €/KG","img":"https://fd2-photos.leclercdrive.fr/image.ashx?id=2833126&use=l&cat=p&typeid=i","cat":285188},{"id":95563,"n":"Crème Fleurette entière Yoplait 30%mg - 38cl","p":2.04,"img":"https://fd2-photos.leclercdrive.fr/image.ashx?id=2733658&use=l&cat=p&typeid=i","cat":284381},{"id":95564,"n":"Crème fraîche légère Yoplait Fleurette 15% mg - 38cl","p":1.9,"u":"5,00 €/L","img":"https://fd2-photos.leclercdrive.fr/image.ashx?id=2733664&use=l&cat=p&typeid=i","cat":284381},{"id":95585,"n":"Déodorant bille bio SoBio Etic Peaux sensibles et épilées-50ml","p":4.81,"u":"96,20 €/L","img":"https://fd2-photos.leclercdrive.fr/image.ashx?id=2740124&use=l&cat=p&typeid=i","cat":284595},{"id":95665,"n":"Saucisses au Beaufort Socopa Façon charcutière - 4x80g","p":3.77,"u":"11,78 €/KG","img":"https://fd2-photos.leclercdrive.fr/image.ashx?id=2263673&use=l&cat=p&typeid=i","cat":284334},{"id":95696,"n":"Poulet entier blanc Eco+ 1.3kg","p":4.89,"u":"3,76 €/KG","img":"https://fd2-photos.leclercdrive.fr/image.ashx?id=2858962&use=l&cat=p&typeid=i","cat":284336},{"id":95699,"n":"Cuisse de poulet blanc Eco+ 1 Kg","p":3.99,"u":"3,99 €/KG","img":"https://fd2-photos.leclercdrive.fr/image.ashx?id=1931421&use=l&cat=p&typeid=i","cat":284336},{"id":95754,"n":"Pavés sanglier aux cèpes Saveurs Forestières - 250g","p":8.7,"u":"34,80 €/KG","img":"https://fd2-photos.leclercdrive.fr/image.ashx?id=1557739&use=l&cat=p&typeid=i","cat":327289},{"id":95805,"n":"Gourmandises de volaille Maître Coq - Figues - 380g","p":6.9,"u":"18,16 €/KG","img":"https://fd2-photos.leclercdrive.fr/image.ashx?id=2962506&use=l&cat=p&typeid=i","cat":327289},{"id":95815,"n":"Dessert végétal soja alpro Vanille - 500g","p":1.62,"u":"3,24 €/KG","img":"https://fd2-photos.leclercdrive.fr/image.ashx?id=2977672&use=l&cat=p&typeid=i","cat":316071},{"id":95817,"n":"Dessert végétal soja alpro Nature à l'amande - 500g","p":1.7,"u":"3,40 €/KG","img":"https://fd2-photos.leclercdrive.fr/image.ashx?id=2977684&use=l&cat=p&typeid=i","cat":316071},{"id":95945,"n":"Pommes bicolores Panier du Primeur Barquette x6","p":2.49,"u":"0,42 €/P","img":"https://fd2-photos.leclercdrive.fr/image.ashx?id=2553920&use=l&cat=p&typeid=i","cat":284356},{"id":95946,"n":"Pommes vertes Panier du Primeur Barquette x6","p":2.49,"u":"0,42 €/P","img":"https://fd2-photos.leclercdrive.fr/image.ashx?id=2338703&use=l&cat=p&typeid=i","cat":284356},{"id":95947,"n":"Pommes jaunes Panier du Primeur x6","p":2.49,"u":"0,42 €/P","img":"https://fd2-photos.leclercdrive.fr/image.ashx?id=2338700&use=l&cat=p&typeid=i","cat":284356},{"id":95973,"n":"Eau minérale naturelle Evian  6x1,5l","p":3.46,"u":"0,38 €/L","img":"https://fd2-photos.leclercdrive.fr/image.ashx?id=2967717&use=l&cat=p&typeid=i","cat":284535},{"id":95974,"n":"Bière blonde Bud 5% - 12x25cl","p":8.53,"u":"2,84 €/L","img":"https://fd2-photos.leclercdrive.fr/image.ashx?id=2995406&use=l&cat=p&typeid=i","cat":334873},{"id":95975,"n":"Liquide vaisselle Visior Pomme poire - 750ml","p":1.19,"u":"1,59 €/L","img":"https://fd2-photos.leclercdrive.fr/image.ashx?id=1979269&use=l&cat=p&typeid=i","cat":284655},{"id":95976,"n":"Liquide vaisselle Visior Fruit rouge & Fleur - 750ml","p":1.19,"u":"1,59 €/L","img":"https://fd2-photos.leclercdrive.fr/image.ashx?id=2724586&use=l&cat=p&typeid=i","cat":284655},{"id":95977,"n":"Liquide vaisselle Visior Amande Calendula - 750ml","p":1.26,"u":"1,68 €/L","img":"https://fd2-photos.leclercdrive.fr/image.ashx?id=2872721&use=l&cat=p&typeid=i","cat":284655},{"id":95978,"n":"Liquide vaisselle Visior Pamplemousse vinaigre - 750ml","p":1.3,"u":"1,73 €/L","img":"https://fd2-photos.leclercdrive.fr/image.ashx?id=1995827&use=l&cat=p&typeid=i","cat":284655},{"id":95979,"n":"Gel douche Manava Orchidée Camélia - 250ml","p":1.15,"u":"4,60 €/L","img":"https://fd2-photos.leclercdrive.fr/image.ashx?id=2805033&use=l&cat=p&typeid=i","cat":284594},{"id":96057,"n":"Café grains Méo Espresso - 1kg","p":15.25,"u":"15,25 €/KG","img":"https://fd2-photos.leclercdrive.fr/image.ashx?id=2593977&use=l&cat=p&typeid=i","cat":293237},{"id":96060,"n":"Chili con carné Bio Village Bio - 300g","p":3.49,"u":"11,63 €/KG","img":"https://fd2-photos.leclercdrive.fr/image.ashx?id=2437199&use=l&cat=p&typeid=i","cat":284953},{"id":96089,"n":"Gel douche Manava Citron basilic - 250ml","p":1.15,"u":"4,60 €/L","img":"https://fd2-photos.leclercdrive.fr/image.ashx?id=2626823&use=l&cat=p&typeid=i","cat":284594},{"id":96094,"n":"Gel douche Manava Mangue Acai - 250ml","p":1.15,"u":"4,60 €/L","img":"https://fd2-photos.leclercdrive.fr/image.ashx?id=2805036&use=l&cat=p&typeid=i","cat":284594},{"id":96095,"n":"Gel douche Manava Envolée de pétales - 250ml","p":1.15,"u":"4,60 €/L","img":"https://fd2-photos.leclercdrive.fr/image.ashx?id=1980232&use=l&cat=p&typeid=i","cat":284594},{"id":96096,"n":"Gel douche Manava Crumble fruits rouges - 250ml","p":1.29,"u":"5,16 €/L","img":"https://fd2-photos.leclercdrive.fr/image.ashx?id=2486464&use=l&cat=p&typeid=i","cat":284594},{"id":96097,"n":"Gel douche Manava Noisettes caramel - 250ml","p":1.3,"u":"5,20 €/L","img":"https://fd2-photos.leclercdrive.fr/image.ashx?id=2805039&use=l&cat=p&typeid=i","cat":284594},{"id":96131,"n":"Soda Eco+ Gout orange - 1.5L","p":0.37,"u":"0,25 €/L","img":"https://fd2-photos.leclercdrive.fr/image.ashx?id=2741595&use=l&cat=p&typeid=i","cat":284532},{"id":96251,"n":"Kiwi rouge Barquette x4","p":3.99,"u":"1,00 €/P","img":"https://fd2-photos.leclercdrive.fr/image.ashx?id=1526255&use=l&cat=p&typeid=i","cat":284356},{"id":96284,"n":"Pois chiches - 3x130g","p":1.65,"u":"4,23 €/KG","img":"https://fd2-photos.leclercdrive.fr/image.ashx?id=3002626&use=l&cat=p&typeid=i","cat":312609},{"id":96287,"n":"Café San Marco Grains n°7 - 500g","p":10.88,"u":"21,76 €/KG","img":"https://fd2-photos.leclercdrive.fr/image.ashx?id=2322163&use=l&cat=p&typeid=i","cat":293237},{"id":96289,"n":"Biscuit apéritif ancel Sticks Bretzels Original - 300g","p":1.8,"u":"6,00 €/KG","img":"https://fd2-photos.leclercdrive.fr/image.ashx?id=2841196&use=l&cat=p&typeid=i","cat":297000},{"id":96291,"n":"Mini Brioche Burger x10 - 200g","p":1.99,"u":"9,95 €/KG","img":"https://fd2-photos.leclercdrive.fr/image.ashx?id=2735284&use=l&cat=p&typeid=i","cat":325067},{"id":96293,"n":"Couronne rois pépites chocolat La Fournée Dorée - 350g","p":3.25,"u":"9,29 €/KG","img":"https://fd2-photos.leclercdrive.fr/image.ashx?id=2735305&use=l&cat=p&typeid=i","cat":284478},{"id":96398,"n":"Compote Cool pomme banane bio Vitabio - 12x90g","p":8.0,"u":"7,41 €/KG","img":"https://fd2-photos.leclercdrive.fr/image.ashx?id=2621420&use=l&cat=p&typeid=i","cat":284508},{"id":96416,"n":"Sauce soja Kikkoman 250ml","p":4.24,"u":"16,96 €/L","img":"https://fd2-photos.leclercdrive.fr/image.ashx?id=2544952&use=l&cat=p&typeid=i","cat":288992},{"id":96563,"n":"Soufflés Monster Munch Barbecue - 2x100g","p":2.33,"u":"11,65 €/KG","img":"https://fd2-photos.leclercdrive.fr/image.ashx?id=2918787&use=l&cat=p&typeid=i","cat":284449},{"id":96770,"n":"Eau minérale gazeuse Quézac  6x50cl","p":2.32,"u":"0,77 €/L","img":"https://fd2-photos.leclercdrive.fr/image.ashx?id=2884618&use=l&cat=p&typeid=i","cat":284536},{"id":96802,"n":"Foie gras canard IGP Quercy Nos Régions ont du Talent 200g","p":20.95,"u":"104,75 €/KG","img":"https://fd2-photos.leclercdrive.fr/image.ashx?id=2993594&use=l&cat=p&typeid=i","cat":316008},{"id":96808,"n":"Osso bucco de dinde Volandrie 800g","p":4.69,"u":"5,86 €/KG","img":"https://fd2-photos.leclercdrive.fr/image.ashx?id=1875425&use=l&cat=p&typeid=i","cat":284337},{"id":96832,"n":"Mini viennoiseries Epi d'Or x12 - 372g","p":4.23,"u":"11,37 €/KG","img":"https://fd2-photos.leclercdrive.fr/image.ashx?id=1879302&use=l&cat=p&typeid=i","cat":288858},{"id":96920,"n":"Câbles de démarrage TECH9 25mm2","p":19.9,"img":"https://fd2-photos.leclercdrive.fr/image.ashx?id=2162561&use=l&cat=p&typeid=i","cat":298252},{"id":96932,"n":"Saumon fumé Rondes des Mers ASC Norvège x2T - 75g","p":3.95,"u":"52,67 €/KG","img":"https://fd2-photos.leclercdrive.fr/image.ashx?id=2833123&use=l&cat=p&typeid=i","cat":285188},{"id":96937,"n":"Saumon fumé Eco+ Norvège - 200g","p":4.65,"u":"23,25 €/KG","img":"https://fd2-photos.leclercdrive.fr/image.ashx?id=2794823&use=l&cat=p&typeid=i","cat":285188},{"id":96959,"n":"Pains au chocolat Epi d'Or x6 - 450g","p":2.95,"u":"6,56 €/KG","img":"https://fd2-photos.leclercdrive.fr/image.ashx?id=1983598&use=l&cat=p&typeid=i","cat":284267},{"id":96966,"n":"Chipolatas Eco+ x6 - 330g","p":2.58,"u":"7,82 €/KG","img":"https://fd2-photos.leclercdrive.fr/image.ashx?id=2580499&use=l&cat=p&typeid=i","cat":284334},{"id":97033,"n":"Gel Bain douche Manava Fleur de cerisier - 500ml","p":1.88,"u":"3,76 €/L","img":"https://fd2-photos.leclercdrive.fr/image.ashx?id=2618356&use=l&cat=p&typeid=i","cat":284594},{"id":97045,"n":"Thon entier Petit Navire Au naturel - 2x93g","p":3.08,"u":"16,56 €/KG","img":"https://fd2-photos.leclercdrive.fr/image.ashx?id=2961837&use=l&cat=p&typeid=i","cat":303867},{"id":97060,"n":"Tagada Haribo Sachet bonbons - 400g","p":1.69,"u":"4,23 €/KG","img":"https://fd2-photos.leclercdrive.fr/image.ashx?id=2801854&use=l&cat=p&typeid=i","cat":304250},{"id":97135,"n":"Lait bio Bio Village Brique Demi-écrémé UHT -  6x1L","p":6.3,"u":"1,05 €/L","img":"https://fd2-photos.leclercdrive.fr/image.ashx?id=2970030&use=l&cat=p&typeid=i","cat":284377},{"id":97146,"n":"Pavé de chevreuil cèpes Saveurs Forestières - x2 240g","p":8.47,"u":"35,29 €/KG","img":"https://fd2-photos.leclercdrive.fr/image.ashx?id=1558666&use=l&cat=p&typeid=i","cat":327289},{"id":97154,"n":"Pavé de bison 3 poivres Saveurs Forestières - x2 -250g","p":11.51,"u":"46,04 €/KG","img":"https://fd2-photos.leclercdrive.fr/image.ashx?id=1558660&use=l&cat=p&typeid=i","cat":327289},{"id":97359,"n":"Gyoza crevettes Ajinomoto Avec sauce soja  - 212g","p":3.78,"u":"17,83 €/KG","img":"https://fd2-photos.leclercdrive.fr/image.ashx?id=2590279&use=l&cat=p&typeid=i","cat":319774},{"id":97360,"n":"Gyoza Ajinomoto Poulet & légumes - 212g","p":4.36,"u":"20,57 €/KG","img":"https://fd2-photos.leclercdrive.fr/image.ashx?id=2590327&use=l&cat=p&typeid=i","cat":319774},{"id":97362,"n":"Gyoza Ajinomoto Légumes avec sauce soja - 212g","p":4.1,"u":"19,34 €/KG","img":"https://fd2-photos.leclercdrive.fr/image.ashx?id=2590330&use=l&cat=p&typeid=i","cat":319774},{"id":97662,"n":"Thé vert Twinings Menthe x25 - 38g","p":2.49,"u":"65,53 €/KG","img":"https://fd2-photos.leclercdrive.fr/image.ashx?id=2906763&use=l&cat=p&typeid=i","cat":293233},{"id":97671,"n":"Thé russian Earl Grey Twinings 150g","p":6.37,"u":"42,47 €/KG","img":"https://fd2-photos.leclercdrive.fr/image.ashx?id=2950729&use=l&cat=p&typeid=i","cat":293233},{"id":97677,"n":"Thé Twinings English breakfast x25 - 40g","p":2.8,"u":"70,00 €/KG","img":"https://fd2-photos.leclercdrive.fr/image.ashx?id=2893027&use=l&cat=p&typeid=i","cat":293233},{"id":97709,"n":"Capsules L'Origine du Goût Sigri - x10 - 55g","p":2.59,"u":"47,09 €/KG","img":"https://fd2-photos.leclercdrive.fr/image.ashx?id=2869817&use=l&cat=p&typeid=i","cat":284749},{"id":97832,"n":"Foie gras canard IGP Sud-Ouest Nos Régions ont du Talent 80g","p":7.99,"u":"99,88 €/KG","img":"https://fd2-photos.leclercdrive.fr/image.ashx?id=2743888&use=l&cat=p&typeid=i","cat":316008},{"id":98098,"n":"Liquide vaisselle Visior Antiodeur - 500ml","p":0.64,"u":"1,28 €/L","img":"https://fd2-photos.leclercdrive.fr/image.ashx?id=2951122&use=l&cat=p&typeid=i","cat":284655},{"id":98251,"n":"Liquide Vaisselle Brillance  VISIOR - 500ml","p":0.64,"u":"1,28 €/L","img":"https://fd2-photos.leclercdrive.fr/image.ashx?id=2951125&use=l&cat=p&typeid=i","cat":284655},{"id":98252,"n":"Liquide vaisselle Visior Antibactérien - 500ml","p":0.64,"u":"1,28 €/L","img":"https://fd2-photos.leclercdrive.fr/image.ashx?id=2951131&use=l&cat=p&typeid=i","cat":284655},{"id":98253,"n":"Liquide vaisselle Visior Désincrustant sel - 500ml","p":0.64,"u":"1,28 €/L","img":"https://fd2-photos.leclercdrive.fr/image.ashx?id=2951128&use=l&cat=p&typeid=i","cat":284655},{"id":98417,"n":"Liquide vaisselle floral Visior 500ml","p":0.64,"u":"1,28 €/L","img":"https://fd2-photos.leclercdrive.fr/image.ashx?id=2951134&use=l&cat=p&typeid=i","cat":284655},{"id":98421,"n":"Foie gras bloc P. Chaumeyrac À la figue - 100g","p":6.09,"u":"60,90 €/KG","img":"https://fd2-photos.leclercdrive.fr/image.ashx?id=2804335&use=l&cat=p&typeid=i","cat":316008},{"id":98422,"n":"Pavés de Saumon Bio Bio Village 200g","p":8.59,"u":"42,95 €/KG","img":"https://fd2-photos.leclercdrive.fr/image.ashx?id=2934802&use=l&cat=p&typeid=i","cat":319786},{"id":98431,"n":"Lamelles de kebab France Kebab Poulet dinde - 750g","p":8.47,"u":"11,29 €/KG","img":"https://fd2-photos.leclercdrive.fr/image.ashx?id=2231876&use=l&cat=p&typeid=i","cat":null},{"id":98440,"n":"Rôti de porc Fleury Michon -25% sel sans nitrite x4 - 160g","p":2.87,"u":"17,94 €/KG","img":"https://fd2-photos.leclercdrive.fr/image.ashx?id=2334569&use=l&cat=p&typeid=i","cat":316009},{"id":98443,"n":"Soda Coca-Cola Original Bouteille - Pack 6x1L","p":10.2,"u":"1,70 €/L","img":"https://fd2-photos.leclercdrive.fr/image.ashx?id=2830897&use=l&cat=p&typeid=i","cat":284530},{"id":98445,"n":"Burger du chef Socopa 440g","p":7.61,"u":"17,30 €/KG","img":"https://fd2-photos.leclercdrive.fr/image.ashx?id=2625145&use=l&cat=p&typeid=i","cat":284332},{"id":98499,"n":"Saumon fumé Petit Navire Ecosse - 4 tranches - 120g","p":6.63,"u":"55,25 €/KG","img":"https://fd2-photos.leclercdrive.fr/image.ashx?id=2950474&use=l&cat=p&typeid=i","cat":285188},{"id":98628,"n":"Comté AOP Juraflore Cave Bio - 200g","p":4.83,"u":"24,15 €/KG","img":"https://fd2-photos.leclercdrive.fr/image.ashx?id=2165482&use=l&cat=p&typeid=i","cat":314036},{"id":98630,"n":"Compotes Douceur du Verger Panachées - x16","p":4.11,"u":"0,26 €/P","img":"https://fd2-photos.leclercdrive.fr/image.ashx?id=1693241&use=l&cat=p&typeid=i","cat":284416},{"id":98807,"n":"Purée fruit bébé Blédina 6 mois Pomme cerise vanille - 4x100g","p":1.75,"u":"4,38 €/KG","img":"https://fd2-photos.leclercdrive.fr/image.ashx?id=2983024&use=l&cat=p&typeid=i","cat":312388},{"id":98811,"n":"Comprimé antibactérien Polident x36","p":2.25,"u":"0,06 €/P","img":"https://fd2-photos.leclercdrive.fr/image.ashx?id=2303843&use=l&cat=p&typeid=i","cat":285158},{"id":98814,"n":"Dentifrice Parodontax Soin quotidien - 75ml","p":3.61,"u":"48,13 €/L","img":"https://fd2-photos.leclercdrive.fr/image.ashx?id=2606394&use=l&cat=p&typeid=i","cat":284612},{"id":98822,"n":"Purée fruit bébé Blédina 6 mois Pomme kiwi ananas - 4x100g","p":1.73,"u":"4,33 €/KG","img":"https://fd2-photos.leclercdrive.fr/image.ashx?id=2983030&use=l&cat=p&typeid=i","cat":312388},{"id":98828,"n":"Purée fruit bébé Blédina 6 mois Pomme poire mandarine - 4x100g","p":1.56,"u":"3,90 €/KG","img":"https://fd2-photos.leclercdrive.fr/image.ashx?id=2983033&use=l&cat=p&typeid=i","cat":312388},{"id":98831,"n":"Purée fruit bébé Blédina 6 mois Harmonie de fruits - 4x100g","p":1.78,"u":"4,45 €/KG","img":"https://fd2-photos.leclercdrive.fr/image.ashx?id=2983036&use=l&cat=p&typeid=i","cat":312388},{"id":98834,"n":"Purée fruit bébé Blédina 6 mois Pomme mangue passion - 4x100g","p":1.68,"u":"4,20 €/KG","img":"https://fd2-photos.leclercdrive.fr/image.ashx?id=2983039&use=l&cat=p&typeid=i","cat":312388},{"id":98875,"n":"Thé glacé Fuze Tea  Pêche Hibiscus - 1,25L","p":1.63,"u":"1,30 €/L","img":"https://fd2-photos.leclercdrive.fr/image.ashx?id=2940393&use=l&cat=p&typeid=i","cat":295019},{"id":98911,"n":"IGP Pays d'Oc rouge Roche Mazet Les Accords -75cl","p":3.91,"u":"5,21 €/L","img":"https://fd2-photos.leclercdrive.fr/image.ashx?id=2748284&use=l&cat=p&typeid=i","cat":289556},{"id":99045,"n":"Ravioli bio au blé complet Rana Épinards, Ricotta - 250g","p":3.58,"u":"14,32 €/KG","img":"https://fd2-photos.leclercdrive.fr/image.ashx?id=2439878&use=l&cat=p&typeid=i","cat":333682},{"id":99216,"n":"Beurre Elle&Vire Condé sur Vire Doux - 82% MG - 250g","p":2.89,"u":"11,56 €/KG","img":"https://fd2-photos.leclercdrive.fr/image.ashx?id=2811131&use=l&cat=p&typeid=i","cat":284379},{"id":99248,"n":"Bouillon Kub Or Maggi 32 cubes - 128g","p":1.21,"u":"9,45 €/KG","img":"https://fd2-photos.leclercdrive.fr/image.ashx?id=2692737&use=l&cat=p&typeid=i","cat":288379},{"id":99417,"n":"Lait nettoyant Love & Green Bio Sans parfum - 500ml","p":6.54,"u":"13,08 €/L","img":"https://fd2-photos.leclercdrive.fr/image.ashx?id=2696016&use=l&cat=p&typeid=i","cat":284741},{"id":99418,"n":"Eau nettoyante Love & Green Bio sans parfum - 500ml","p":6.5,"u":"13,00 €/L","img":"https://fd2-photos.leclercdrive.fr/image.ashx?id=2696019&use=l&cat=p&typeid=i","cat":284741},{"id":99545,"n":"Mogettes bio Bio VIllage 215g","p":1.73,"u":"8,05 €/KG","img":"https://fd2-photos.leclercdrive.fr/image.ashx?id=3002680&use=l&cat=p&typeid=i","cat":312606},{"id":99547,"n":"Haricots rouge Bio Village Bio - 205g","p":2.31,"u":"11,27 €/KG","img":"https://fd2-photos.leclercdrive.fr/image.ashx?id=1947761&use=l&cat=p&typeid=i","cat":312606},{"id":99553,"n":"Pois chiche Bio VIllage Bio - 215g","p":2.1,"u":"9,77 €/KG","img":"https://fd2-photos.leclercdrive.fr/image.ashx?id=3002683&use=l&cat=p&typeid=i","cat":312609},{"id":99562,"n":"Haricots verts Eco  Très fins - 440g","p":1.02,"u":"2,32 €/KG","img":"https://fd2-photos.leclercdrive.fr/image.ashx?id=3003723&use=l&cat=p&typeid=i","cat":312606},{"id":99564,"n":"Haricots Blancs à la tomate 800g","p":0.95,"u":"1,79 €/KG","img":"https://fd2-photos.leclercdrive.fr/image.ashx?id=3003735&use=l&cat=p&typeid=i","cat":312606},{"id":99570,"n":"Ratatouille Eco+ 750g","p":1.08,"u":"1,44 €/KG","img":"https://fd2-photos.leclercdrive.fr/image.ashx?id=2703446&use=l&cat=p&typeid=i","cat":312612},{"id":99574,"n":"Poêlée savoyarde  900g","p":4.06,"u":"4,51 €/KG","img":"https://fd2-photos.leclercdrive.fr/image.ashx?id=2478931&use=l&cat=p&typeid=i","cat":319823},{"id":99774,"n":"Biscuits sablés Granola Chocolat noir - 195g","p":1.58,"u":"8,10 €/KG","img":"https://fd2-photos.leclercdrive.fr/image.ashx?id=2982979&use=l&cat=p&typeid=i","cat":284488},{"id":99814,"n":"Complément alimentaire Biosens Bio Brûle graisse - 21g","p":6.08,"u":"289,52 €/KG","img":"https://fd2-photos.leclercdrive.fr/image.ashx?id=2335745&use=l&cat=p&typeid=i","cat":284632},{"id":99843,"n":"Déjeunettes   5x125g","p":1.19,"u":"1,90 €/KG","img":"https://fd2-photos.leclercdrive.fr/image.ashx?id=2062615&use=l&cat=p&typeid=i","cat":284359},{"id":99850,"n":"Mouliné légumes La Potagère De nos campagne - Bio - 2x30cl","p":2.46,"u":"4,10 €/L","img":"https://fd2-photos.leclercdrive.fr/image.ashx?id=2927402&use=l&cat=p&typeid=i","cat":284462},{"id":99880,"n":"Crème Visage Jour FPS 30 Nivea Anti-rides Cellular - 50ml","p":14.95,"u":"299,00 €/L","img":"https://fd2-photos.leclercdrive.fr/image.ashx?id=2298775&use=l&cat=p&typeid=i","cat":325345},{"id":99905,"n":"Biscuits Petit Ecolier LU Chocolat blanc - 150g","p":1.78,"u":"11,87 €/KG","img":"https://fd2-photos.leclercdrive.fr/image.ashx?id=2346678&use=l&cat=p&typeid=i","cat":284488},{"id":99921,"n":"Shampooing Nateis Cheveux gris ou blancs - 250ml","p":1.4,"u":"5,60 €/L","img":"https://fd2-photos.leclercdrive.fr/image.ashx?id=1662378&use=l&cat=p&typeid=i","cat":284606},{"id":99922,"n":"Lait de douche Manava Framboise - 250ml","p":0.94,"u":"3,76 €/L","img":"https://fd2-photos.leclercdrive.fr/image.ashx?id=2618353&use=l&cat=p&typeid=i","cat":284594},{"id":99965,"n":"Biscuit speculoos Lotus Biscoff 750g (6x125g)","p":3.59,"u":"4,79 €/KG","img":"https://fd2-photos.leclercdrive.fr/image.ashx?id=2693818&use=l&cat=p&typeid=i","cat":284487},{"id":99976,"n":"Biscuit petit déjeuner Belvita Brut - 600g","p":3.64,"u":"6,07 €/KG","img":"https://fd2-photos.leclercdrive.fr/image.ashx?id=2112935&use=l&cat=p&typeid=i","cat":285281},{"id":100017,"n":"Pain de mie Jacquet Maxi sans sucres ajoutés - 550g","p":1.44,"u":"2,62 €/KG","img":"https://fd2-photos.leclercdrive.fr/image.ashx?id=2935705&use=l&cat=p&typeid=i","cat":284477},{"id":100063,"n":"Baume nuit DermAbsolu Avène Réconfortant - 40ml","p":33.95,"u":"848,75 €/L","img":"https://fd2-photos.leclercdrive.fr/image.ashx?id=2374168&use=l&cat=p&typeid=i","cat":291171},{"id":100122,"n":"Brossette interdentaire Inava Bleue - x1","p":3.49,"img":"https://fd2-photos.leclercdrive.fr/image.ashx?id=2976011&use=l&cat=p&typeid=i","cat":301595},{"id":100174,"n":"Galettes de blé noir x2 - 125g","p":1.39,"u":"11,12 €/KG","img":"https://fd2-photos.leclercdrive.fr/image.ashx?id=2876638&use=l&cat=p&typeid=i","cat":333672},{"id":100250,"n":"Yaourt nature sucré Kit-Kat Billes chocolat - 4x115g","p":2.93,"u":"6,37 €/KG","img":"https://fd2-photos.leclercdrive.fr/image.ashx?id=2875954&use=l&cat=p&typeid=i","cat":284414},{"id":100356,"n":"Crayon Yeux Maybelline Effet Tatouage 900 Deep Onyx","p":6.21,"pp":4.1,"img":"https://fd2-photos.leclercdrive.fr/image.ashx?id=2904865&use=l&cat=p&typeid=i","cat":287029},{"id":100485,"n":"Chocolat noir Bio Village Bio Dégustation 85% cacao 100g","p":1.87,"u":"18,70 €/KG","img":"https://fd2-photos.leclercdrive.fr/image.ashx?id=2915654&use=l&cat=p&typeid=i","cat":284956},{"id":100673,"n":"Soda Coca-Cola sans sucres Bouteilles - 6x1L","p":7.74,"u":"1,29 €/L","img":"https://fd2-photos.leclercdrive.fr/image.ashx?id=2178352&use=l&cat=p&typeid=i","cat":284530},{"id":100705,"n":"Tartine Petit dejeuner Jacquet 410g","p":1.49,"u":"3,63 €/KG","img":"https://fd2-photos.leclercdrive.fr/image.ashx?id=2991855&use=l&cat=p&typeid=i","cat":284477},{"id":100725,"n":"Pain de mie La Boulangère Toastiligne Aux céréales - 500g","p":1.43,"u":"2,86 €/KG","img":"https://fd2-photos.leclercdrive.fr/image.ashx?id=2912401&use=l&cat=p&typeid=i","cat":284477},{"id":100792,"n":"Wraps Old El Paso de blé complet x6 - 350g","p":2.7,"u":"7,71 €/KG","img":"https://fd2-photos.leclercdrive.fr/image.ashx?id=2940573&use=l&cat=p&typeid=i","cat":288993},{"id":100979,"n":"Chocolat au lait Lindt Création Le Rocher lait - 150g","p":3.04,"u":"20,27 €/KG","img":"https://fd2-photos.leclercdrive.fr/image.ashx?id=2685805&use=l&cat=p&typeid=i","cat":284497},{"id":100981,"n":"Courgettes Cuisinées Cassegrain à la Provençale 375g","p":2.85,"u":"7,60 €/KG","img":"https://fd2-photos.leclercdrive.fr/image.ashx?id=2977951&use=l&cat=p&typeid=i","cat":312612},{"id":100991,"n":"Céréales Trésor de Kellogg's Chocolat Noisettes - 410g","p":2.87,"u":"7,00 €/KG","img":"https://fd2-photos.leclercdrive.fr/image.ashx?id=2584238&use=l&cat=p&typeid=i","cat":309513},{"id":101056,"n":"Adoucissant concentré Hyperdou Rosée du matin - 750ml","p":1.99,"u":"2,65 €/L","img":"https://fd2-photos.leclercdrive.fr/image.ashx?id=2602910&use=l&cat=p&typeid=i","cat":284650},{"id":101058,"n":"Adoucissant concentré Hyperdou Passion tropicale - 750ml","p":1.99,"u":"2,65 €/L","img":"https://fd2-photos.leclercdrive.fr/image.ashx?id=2683565&use=l&cat=p&typeid=i","cat":284650},{"id":101115,"n":"Céréales Trésor de Kellogg's Chocolat au Lait - 410g","p":2.89,"u":"7,05 €/KG","img":"https://fd2-photos.leclercdrive.fr/image.ashx?id=2584241&use=l&cat=p&typeid=i","cat":309513},{"id":101126,"n":"Bière blonde Grimbergen Pale Ale 5,5° - 6x25cl","p":5.86,"u":"3,91 €/L","img":"https://fd2-photos.leclercdrive.fr/image.ashx?id=2312801&use=l&cat=p&typeid=i","cat":334852},{"id":101288,"n":"Mousse végétal Andros Chocolat - 4x55g","p":2.84,"u":"12,91 €/KG","img":"https://fd2-photos.leclercdrive.fr/image.ashx?id=2963433&use=l&cat=p&typeid=i","cat":316071},{"id":101324,"n":"Assiettes plates kraft Homeside 23cm - x50","p":3.64,"u":"0,07 €/P","img":"https://fd2-photos.leclercdrive.fr/image.ashx?id=1660519&use=l&cat=p&typeid=i","cat":334134},{"id":101327,"n":"Yaourt à boire actimel nature 0%mg - 12x100g","p":4.87,"u":"4,06 €/KG","img":"https://fd2-photos.leclercdrive.fr/image.ashx?id=2996479&use=l&cat=p&typeid=i","cat":284415},{"id":101337,"n":"Chiffonnade speck Negroni 85g","p":3.2,"u":"37,65 €/KG","img":"https://fd2-photos.leclercdrive.fr/image.ashx?id=2025185&use=l&cat=p&typeid=i","cat":316007},{"id":101338,"n":"Chiffonnade jambon cru italien  Negroni - 85g","p":3.2,"u":"37,65 €/KG","img":"https://fd2-photos.leclercdrive.fr/image.ashx?id=2025182&use=l&cat=p&typeid=i","cat":316007},{"id":101341,"n":"Chiffonnade saucisson Negroni Italien - 85g","p":3.2,"u":"37,65 €/KG","img":"https://fd2-photos.leclercdrive.fr/image.ashx?id=1989819&use=l&cat=p&typeid=i","cat":316007},{"id":101348,"n":"Barres Chocolatées KINDER BUENO  Chocolat au Lait x12 - 516g","p":8.35,"u":"16,18 €/KG","img":"https://fd2-photos.leclercdrive.fr/image.ashx?id=2402946&use=l&cat=p&typeid=i","cat":284498},{"id":101349,"n":"Crème dessert Danette Vanille - 6x125g","p":2.0,"u":"2,67 €/KG","img":"https://fd2-photos.leclercdrive.fr/image.ashx?id=2923498&use=l&cat=p&typeid=i","cat":285041},{"id":101350,"n":"liégeois vanille danette - 4x100g","p":1.41,"u":"3,53 €/KG","img":"https://fd2-photos.leclercdrive.fr/image.ashx?id=2907848&use=l&cat=p&typeid=i","cat":285042},{"id":101352,"n":"Crème dessert Danette  Chocolat - 6x125g","p":1.92,"u":"2,56 €/KG","img":"https://fd2-photos.leclercdrive.fr/image.ashx?id=2915395&use=l&cat=p&typeid=i","cat":285041},{"id":101416,"n":"Fourchettes en bois Homeside x20","p":1.38,"u":"0,07 €/P","img":"https://fd2-photos.leclercdrive.fr/image.ashx?id=1663733&use=l&cat=p&typeid=i","cat":334134},{"id":101418,"n":"Cuillères en bois Homeside x20","p":1.38,"u":"0,07 €/P","img":"https://fd2-photos.leclercdrive.fr/image.ashx?id=1663730&use=l&cat=p&typeid=i","cat":334134},{"id":101456,"n":"Barres Chocolatées KINDER Maxi Chocolat au Lait x18 - 378g","p":5.34,"u":"14,13 €/KG","img":"https://fd2-photos.leclercdrive.fr/image.ashx?id=2673854&use=l&cat=p&typeid=i","cat":284498},{"id":101461,"n":"Pâtes Collezione Barilla Fusilli Bucati Corti - 500g","p":1.47,"u":"2,94 €/KG","img":"https://fd2-photos.leclercdrive.fr/image.ashx?id=2991003&use=l&cat=p&typeid=i","cat":284427},{"id":101473,"n":"Petit Pois, Carotte Cassegrain Tendre et Fondant 265g","p":1.73,"u":"6,53 €/KG","img":"https://fd2-photos.leclercdrive.fr/image.ashx?id=2951692&use=l&cat=p&typeid=i","cat":312607},{"id":101483,"n":"Tablette chocolat Côte d'Or Chocolat noir 70% - 100g","p":1.81,"u":"18,10 €/KG","img":"https://fd2-photos.leclercdrive.fr/image.ashx?id=2985591&use=l&cat=p&typeid=i","cat":284956},{"id":101502,"n":"Crème dessert Danette Vanille - 4x125g","p":1.5,"u":"3,00 €/KG","img":"https://fd2-photos.leclercdrive.fr/image.ashx?id=2029487&use=l&cat=p&typeid=i","cat":285041},{"id":101506,"n":"Boisson Cranberry  Bio Village   Bio - 1L","p":3.55,"u":"3,55 €/L","img":"https://fd2-photos.leclercdrive.fr/image.ashx?id=2958774&use=l&cat=p&typeid=i","cat":284915},{"id":101667,"n":"Soupe liquide Bio Liebig  Mouliné de Légumes Verts - 1L","p":2.77,"u":"2,77 €/L","img":"https://fd2-photos.leclercdrive.fr/image.ashx?id=2643686&use=l&cat=p&typeid=i","cat":284462},{"id":101695,"n":"crème dessert chocolat danette - 8x125g","p":2.86,"u":"2,86 €/KG","img":"https://fd2-photos.leclercdrive.fr/image.ashx?id=2949841&use=l&cat=p&typeid=i","cat":285041},{"id":101697,"n":"crème dessert chocolat noisette danette - 4x125g","p":1.59,"u":"3,18 €/KG","img":"https://fd2-photos.leclercdrive.fr/image.ashx?id=2902630&use=l&cat=p&typeid=i","cat":285041},{"id":101699,"n":"crème dessert pistache danette - 4x125g","p":1.64,"u":"3,28 €/KG","img":"https://fd2-photos.leclercdrive.fr/image.ashx?id=1984885&use=l&cat=p&typeid=i","cat":285041},{"id":101701,"n":"crème dessert chocolat caramel vanille danette - 12x115g","p":3.45,"u":"2,50 €/KG","img":"https://fd2-photos.leclercdrive.fr/image.ashx?id=2949844&use=l&cat=p&typeid=i","cat":285041},{"id":101702,"n":"Crème dessert Danette Caramel - 6x125g","p":2.37,"u":"3,16 €/KG","img":"https://fd2-photos.leclercdrive.fr/image.ashx?id=2915398&use=l&cat=p&typeid=i","cat":285041},{"id":101708,"n":"liégeois chocolat danette - 8x100g","p":2.7,"u":"3,38 €/KG","img":"https://fd2-photos.leclercdrive.fr/image.ashx?id=1984897&use=l&cat=p&typeid=i","cat":285042},{"id":101710,"n":"crème dessert chocolat noir danette - 4x125g","p":1.5,"u":"3,00 €/KG","img":"https://fd2-photos.leclercdrive.fr/image.ashx?id=2927294&use=l&cat=p&typeid=i","cat":285041},{"id":101712,"n":"crème dessert 3 chocolats danette - 12x115g","p":3.68,"u":"2,67 €/KG","img":"https://fd2-photos.leclercdrive.fr/image.ashx?id=2949847&use=l&cat=p&typeid=i","cat":285041},{"id":101715,"n":"Petit beurre Michel et Augustin Comté poivre noir - 100g","p":2.49,"u":"24,90 €/KG","img":"https://fd2-photos.leclercdrive.fr/image.ashx?id=2108975&use=l&cat=p&typeid=i","cat":297000},{"id":101716,"n":"Petit beurre Michel et Augustin Roquefort graine pavot - 100g","p":2.49,"u":"24,90 €/KG","img":"https://fd2-photos.leclercdrive.fr/image.ashx?id=2108978&use=l&cat=p&typeid=i","cat":297000},{"id":101720,"n":"Sablé Michel et Augustin AOP Brebis tomate piment - 100g","p":2.49,"u":"24,90 €/KG","img":"https://fd2-photos.leclercdrive.fr/image.ashx?id=2108984&use=l&cat=p&typeid=i","cat":297000},{"id":101723,"n":"Petit beurre Michel et Augustin Chèvre AOP sarriete - 100g","p":2.49,"u":"24,90 €/KG","img":"https://fd2-photos.leclercdrive.fr/image.ashx?id=2108996&use=l&cat=p&typeid=i","cat":297000},{"id":101762,"n":"Noix de St Jacques Eco+ Sans corail - MSC - 300g","p":6.85,"u":"22,83 €/KG","img":"https://fd2-photos.leclercdrive.fr/image.ashx?id=2790868&use=l&cat=p&typeid=i","cat":319787},{"id":101927,"n":"Briquette charbon de bois Weber Sac de 4kg","p":6.9,"u":"1,73 €/KG","img":"https://fd2-photos.leclercdrive.fr/image.ashx?id=2158419&use=l&cat=p&typeid=i","cat":335917},{"id":102006,"n":"Gel bain douche Manava Pamplemousse raisin blanc-500ml","p":2.37,"u":"4,74 €/L","img":"https://fd2-photos.leclercdrive.fr/image.ashx?id=2652870&use=l&cat=p&typeid=i","cat":284594},{"id":102011,"n":"Crème désaltérante jour So Bio  Aloe Vera bio  - 50ml","p":8.24,"u":"164,80 €/L","img":"https://fd2-photos.leclercdrive.fr/image.ashx?id=2644223&use=l&cat=p&typeid=i","cat":325345},{"id":102027,"n":"Crème visage La Provençale Bio  Hydratante 48h - 50ml","p":6.19,"u":"123,80 €/L","img":"https://fd2-photos.leclercdrive.fr/image.ashx?id=2335922&use=l&cat=p&typeid=i","cat":325345},{"id":102094,"n":"Tablette de chocolat noir Lindt Noir : 78% cacao - 2x100g","p":4.6,"u":"23,00 €/KG","img":"https://fd2-photos.leclercdrive.fr/image.ashx?id=2214744&use=l&cat=p&typeid=i","cat":284956},{"id":102103,"n":"Eau gazeuse St Yorre 6x1,15L","p":3.18,"u":"0,46 €/L","img":"https://fd2-photos.leclercdrive.fr/image.ashx?id=2877730&use=l&cat=p&typeid=i","cat":284536},{"id":102336,"n":"Muesli croustillant chocolat  bio Terres et Céréales - 500g","p":3.85,"u":"7,70 €/KG","img":"https://fd2-photos.leclercdrive.fr/image.ashx?id=2802440&use=l&cat=p&typeid=i","cat":309512},{"id":102374,"n":"Bière sans alcool Tourtel Twist Cerise 0,0° - 6x27,5cl","p":4.57,"u":"2,77 €/L","img":"https://fd2-photos.leclercdrive.fr/image.ashx?id=2688803&use=l&cat=p&typeid=i","cat":334877},{"id":102412,"n":"Kidibul Pomme  75cl","p":2.89,"pp":1.91,"u":"2,55 €/L","img":"https://fd2-photos.leclercdrive.fr/image.ashx?id=2766066&use=l&cat=p&typeid=i","cat":289460},{"id":102413,"n":"Kidibul Pomme Fraise 75cl","p":2.89,"pp":1.91,"u":"2,55 €/L","img":"https://fd2-photos.leclercdrive.fr/image.ashx?id=2769149&use=l&cat=p&typeid=i","cat":289460},{"id":102480,"n":"Petits Suisses Gervais 9,5%MG - 12x60g","p":2.42,"u":"3,36 €/KG","img":"https://fd2-photos.leclercdrive.fr/image.ashx?id=2230381&use=l&cat=p&typeid=i","cat":284409},{"id":102633,"n":"Soda Schweppes Saveur Agrumes Zero - 1L","p":1.63,"u":"1,63 €/L","img":"https://fd2-photos.leclercdrive.fr/image.ashx?id=2852432&use=l&cat=p&typeid=i","cat":284532},{"id":102669,"n":"Capsules café L'Or Espresso Or Rose N°7 x10","p":3.62,"u":"69,62 €/KG","img":"https://fd2-photos.leclercdrive.fr/image.ashx?id=2100290&use=l&cat=p&typeid=i","cat":284749},{"id":102676,"n":"Capsules café L'Or Barista Double Espresso N°7 x10","p":5.1,"u":"49,04 €/KG","img":"https://fd2-photos.leclercdrive.fr/image.ashx?id=1742978&use=l&cat=p&typeid=i","cat":284749},{"id":102819,"n":"Panaché Falsbourg Grenadine <0,5% - 20x25cl","p":5.99,"u":"1,20 €/L","img":"https://fd2-photos.leclercdrive.fr/image.ashx?id=2637964&use=l&cat=p&typeid=i","cat":334877},{"id":102829,"n":"Bandeaux Copains Copines Colorés - 200g","p":1.13,"u":"5,65 €/KG","img":"https://fd2-photos.leclercdrive.fr/image.ashx?id=2934745&use=l&cat=p&typeid=i","cat":304250},{"id":102834,"n":"Fils Copains Copines Colorés - 200g","p":1.09,"u":"5,45 €/KG","img":"https://fd2-photos.leclercdrive.fr/image.ashx?id=2934748&use=l&cat=p&typeid=i","cat":304250},{"id":103027,"n":"AOC Bordeaux Supérieur rouge Haussmann Baron Eugène - 75cl","p":5.1,"pp":3.57,"u":"4,76 €/L","img":"https://fd2-photos.leclercdrive.fr/image.ashx?id=1663474&use=l&cat=p&typeid=i","cat":289556},{"id":103036,"n":"Pâte brisée Marie Pur beurre - 230g","p":1.31,"u":"5,70 €/KG","img":"https://fd2-photos.leclercdrive.fr/image.ashx?id=2318540&use=l&cat=p&typeid=i","cat":333681},{"id":103047,"n":"Nutella Biscuit pâte à tartiner Cacao Noisettes - 304g","p":3.01,"u":"9,90 €/KG","img":"https://fd2-photos.leclercdrive.fr/image.ashx?id=2896432&use=l&cat=p&typeid=i","cat":284488},{"id":103063,"n":"Paille Pik Haribo Sachet bonbons acidulés - 180g","p":1.68,"u":"9,33 €/KG","img":"https://fd2-photos.leclercdrive.fr/image.ashx?id=2984922&use=l&cat=p&typeid=i","cat":304250},{"id":103074,"n":"Tajine de Légumes Grillés Cassegrain à la Coriandre 375g","p":3.63,"u":"9,68 €/KG","img":"https://fd2-photos.leclercdrive.fr/image.ashx?id=2636955&use=l&cat=p&typeid=i","cat":312612},{"id":103078,"n":"Cocobat Haribo Sachet bonbons réglisse - 300g","p":1.73,"u":"5,77 €/KG","img":"https://fd2-photos.leclercdrive.fr/image.ashx?id=2805231&use=l&cat=p&typeid=i","cat":304250},{"id":103094,"n":"Crème légère semi épaisse  Bridélice 18%mg - 2x25cl","p":2.69,"u":"5,38 €/L","img":"https://fd2-photos.leclercdrive.fr/image.ashx?id=2806156&use=l&cat=p&typeid=i","cat":284381},{"id":103104,"n":"Crème entière 30% Président 2x25cl","p":3.76,"u":"7,52 €/L","img":"https://fd2-photos.leclercdrive.fr/image.ashx?id=2973577&use=l&cat=p&typeid=i","cat":284381},{"id":103157,"n":"Rissolées Pom Bistro à la Graisse de Canard - 500g","p":3.59,"u":"7,18 €/KG","img":"https://fd2-photos.leclercdrive.fr/image.ashx?id=2866430&use=l&cat=p&typeid=i","cat":319792},{"id":103158,"n":"Tartine Grilletine de Pasquier Sans sucre ajouté - x18 - 255g","p":2.02,"u":"7,92 €/KG","img":"https://fd2-photos.leclercdrive.fr/image.ashx?id=2333057&use=l&cat=p&typeid=i","cat":284479},{"id":103183,"n":"Bières blonde Desperados Lime - 6x33cl","p":8.42,"u":"4,25 €/L","img":"https://fd2-photos.leclercdrive.fr/image.ashx?id=2638163&use=l&cat=p&typeid=i","cat":334878},{"id":103185,"n":"Eau minérale naturelle Volvic fontaine - 8L","p":2.79,"u":"0,35 €/L","img":"https://fd2-photos.leclercdrive.fr/image.ashx?id=2771675&use=l&cat=p&typeid=i","cat":284535},{"id":103189,"n":"IGP Cidre Brut Val de Rance De dégustation Bretagne 75cl","p":2.69,"u":"3,59 €/L","img":"https://fd2-photos.leclercdrive.fr/image.ashx?id=2020719&use=l&cat=p&typeid=i","cat":334880},{"id":103191,"n":"Bière sans alcool Tourtel Twist Pêche 0,0° - 6x27,5cl","p":4.01,"u":"2,43 €/L","img":"https://fd2-photos.leclercdrive.fr/image.ashx?id=2896564&use=l&cat=p&typeid=i","cat":334877},{"id":103283,"n":"IGP Cidre Bio Val de Rance Brut - 75cl","p":2.81,"u":"3,75 €/L","img":"https://fd2-photos.leclercdrive.fr/image.ashx?id=2277143&use=l&cat=p&typeid=i","cat":334880},{"id":103285,"n":"Poisson pané Findus Colin  Alaska Fish and Chips x4 - 400g","p":2.84,"u":"7,10 €/KG","img":"https://fd2-photos.leclercdrive.fr/image.ashx?id=2985348&use=l&cat=p&typeid=i","cat":319788},{"id":103381,"n":"Whisky Grant's  Triple wood 40%vol - 70cl","p":12.77,"u":"18,24 €/L","img":"https://fd2-photos.leclercdrive.fr/image.ashx?id=2866022&use=l&cat=p&typeid=i","cat":284547},{"id":103384,"n":"IGP Whisky Grant's  Triple wood - 40%vol - 1L","p":17.22,"u":"17,22 €/L","img":"https://fd2-photos.leclercdrive.fr/image.ashx?id=2917531&use=l&cat=p&typeid=i","cat":284547},{"id":103437,"n":"Wrap multigrains Mission 370g","p":3.79,"u":"10,24 €/KG","img":"https://fd2-photos.leclercdrive.fr/image.ashx?id=2890505&use=l&cat=p&typeid=i","cat":288993},{"id":103470,"n":"Croquettes chat Purina One Poulet chat adulte - 450g","p":2.62,"u":"5,82 €/KG","img":"https://fd2-photos.leclercdrive.fr/image.ashx?id=2902265&use=l&cat=p&typeid=i","cat":284680},{"id":103500,"n":"Panaché Falsbourg <0.5% vol. - 20x25cl","p":5.95,"u":"1,19 €/L","img":"https://fd2-photos.leclercdrive.fr/image.ashx?id=2637970&use=l&cat=p&typeid=i","cat":334877},{"id":103501,"n":"Pochons prémium Plénima chat au Saumon / Dinde - 4x85g","p":1.76,"u":"5,18 €/KG","img":"https://fd2-photos.leclercdrive.fr/image.ashx?id=1671658&use=l&cat=p&typeid=i","cat":285286},{"id":103503,"n":"Capsules Nescafé Dolce Gusto  Espresso Intenso - x16","p":4.6,"u":"41,07 €/KG","img":"https://fd2-photos.leclercdrive.fr/image.ashx?id=3009110&use=l&cat=p&typeid=i","cat":293239},{"id":103505,"n":"Barre de céréales Nature Valley Protéine chocolat x4-160g","p":2.47,"u":"15,44 €/KG","img":"https://fd2-photos.leclercdrive.fr/image.ashx?id=2657000&use=l&cat=p&typeid=i","cat":285869},{"id":103561,"n":"Barre de céréales Nature Valley  Protéine caramel salé x4 - 160","p":2.85,"u":"17,81 €/KG","img":"https://fd2-photos.leclercdrive.fr/image.ashx?id=2657003&use=l&cat=p&typeid=i","cat":285869},{"id":103563,"n":"Batonnets de glace Nuii Salted Caramel macadamia - 272g","p":4.38,"u":"16,10 €/KG","img":"https://fd2-photos.leclercdrive.fr/image.ashx?id=2506798&use=l&cat=p&typeid=i","cat":284265},{"id":103566,"n":"Batonnets de glaces Nuii Almond & java vanilla - x4","p":4.48,"u":"16,72 €/KG","img":"https://fd2-photos.leclercdrive.fr/image.ashx?id=2506801&use=l&cat=p&typeid=i","cat":284265},{"id":103621,"n":"Crème glacée Häagen-Dazs  Vanille pécan - 400g","p":4.58,"u":"11,45 €/KG","img":"https://fd2-photos.leclercdrive.fr/image.ashx?id=2893438&use=l&cat=p&typeid=i","cat":284725},{"id":103622,"n":"Crème glacée Häagen-Dazs Caramel speculoos Lotus - 400g","p":4.54,"u":"11,35 €/KG","img":"https://fd2-photos.leclercdrive.fr/image.ashx?id=2893441&use=l&cat=p&typeid=i","cat":284725},{"id":103657,"n":"Crème glacée Häagen-Dazs  Vanille noix macadamia - 400g","p":4.66,"u":"11,65 €/KG","img":"https://fd2-photos.leclercdrive.fr/image.ashx?id=2893444&use=l&cat=p&typeid=i","cat":284725},{"id":103661,"n":"Crème glacée Häagen-Dazs  Vanille caramel brownie - 386g","p":4.98,"u":"12,90 €/KG","img":"https://fd2-photos.leclercdrive.fr/image.ashx?id=2893468&use=l&cat=p&typeid=i","cat":284725},{"id":103665,"n":"Mini pots Häagen-Dazs  Caramel attraction x4 - 318g","p":5.12,"u":"15,95 €/KG","img":"https://fd2-photos.leclercdrive.fr/image.ashx?id=2992852&use=l&cat=p&typeid=i","cat":284725},{"id":103680,"n":"Mini pots Häagen-Dazs Vanille  noix de macadamia x4 - 324g","p":4.98,"u":"15,37 €/KG","img":"https://fd2-photos.leclercdrive.fr/image.ashx?id=3000162&use=l&cat=p&typeid=i","cat":284725},{"id":103684,"n":"Mini pots Häagen-Dazs  Favorite selection x4 - 318g","p":4.98,"u":"15,66 €/KG","img":"https://fd2-photos.leclercdrive.fr/image.ashx?id=3000165&use=l&cat=p&typeid=i","cat":284725},{"id":103697,"n":"Dentifrice Integral 8 Signal Nature Elements Charbon 75ml","p":1.77,"u":"23,60 €/L","img":"https://fd2-photos.leclercdrive.fr/image.ashx?id=2974662&use=l&cat=p&typeid=i","cat":284612},{"id":103726,"n":"Masque Violet Démêlant Elsève Color-Vive - 150ml","p":5.21,"u":"34,73 €/L","img":"https://fd2-photos.leclercdrive.fr/image.ashx?id=2439281&use=l&cat=p&typeid=i","cat":284608},{"id":103728,"n":"Shampoing Violet Elsève Color-Vive Déjaunisseur - 200ml","p":2.97,"u":"14,85 €/L","img":"https://fd2-photos.leclercdrive.fr/image.ashx?id=2278121&use=l&cat=p&typeid=i","cat":284606},{"id":103780,"n":"Pâte feuilletée Marie Pur beurre - 230g","p":1.31,"u":"5,70 €/KG","img":"https://fd2-photos.leclercdrive.fr/image.ashx?id=2318543&use=l&cat=p&typeid=i","cat":333681},{"id":103800,"n":"Bière blonde Leffe  6,6% - 12x25cl","p":9.25,"u":"3,08 €/L","img":"https://fd2-photos.leclercdrive.fr/image.ashx?id=2995424&use=l&cat=p&typeid=i","cat":334852},{"id":103885,"n":"Fromage Cœur de Lion  Pointe de Brie - 200g","p":1.89,"u":"9,45 €/KG","img":"https://fd2-photos.leclercdrive.fr/image.ashx?id=2770416&use=l&cat=p&typeid=i","cat":314033},{"id":103891,"n":"Crème glacée Häagen-Dazs  Caramel au beurre salé - 400g","p":4.68,"u":"11,70 €/KG","img":"https://fd2-photos.leclercdrive.fr/image.ashx?id=2893435&use=l&cat=p&typeid=i","cat":284725},{"id":103918,"n":"Bâtonnets  Maple  Peanut Butter et candian - x4","p":4.63,"u":"1,16 €/P","img":"https://fd2-photos.leclercdrive.fr/image.ashx?id=2506810&use=l&cat=p&typeid=i","cat":284265},{"id":103919,"n":"Bâtonnets  Nuii Idaho Valley  Cookies mint x4 - 244g","p":4.39,"u":"17,99 €/KG","img":"https://fd2-photos.leclercdrive.fr/image.ashx?id=2506807&use=l&cat=p&typeid=i","cat":284265},{"id":103922,"n":"Batonnets Nuii White chocolate&scandinavia x4","p":4.35,"u":"1,09 €/P","img":"https://fd2-photos.leclercdrive.fr/image.ashx?id=2922149&use=l&cat=p&typeid=i","cat":284265},{"id":103945,"n":"Escalope de dinde Le Gaulois Oui C'est Bon x2 - 240g","p":3.93,"u":"16,38 €/KG","img":"https://fd2-photos.leclercdrive.fr/image.ashx?id=2605580&use=l&cat=p&typeid=i","cat":284337},{"id":103947,"n":"Blanquette de dinde Le Gaulois Oui C'est Bon - 1kg","p":4.65,"u":"4,65 €/KG","img":"https://fd2-photos.leclercdrive.fr/image.ashx?id=2603300&use=l&cat=p&typeid=i","cat":284337},{"id":103969,"n":"Escalope de dinde Le Gaulois Fine - Oui C'est Bon x2 - 240g","p":4.1,"u":"17,08 €/KG","img":"https://fd2-photos.leclercdrive.fr/image.ashx?id=2605574&use=l&cat=p&typeid=i","cat":284337},{"id":103991,"n":"Pâtes De Cecco Spaghetti n°12  - 500g","p":1.55,"u":"3,10 €/KG","img":"https://fd2-photos.leclercdrive.fr/image.ashx?id=2974033&use=l&cat=p&typeid=i","cat":284427},{"id":103993,"n":"IGP Méditerranée rosé St Sagnol - 75cl","p":3.63,"u":"4,84 €/L","img":"https://fd2-photos.leclercdrive.fr/image.ashx?id=2923768&use=l&cat=p&typeid=i","cat":289558},{"id":104008,"n":"Jus innocent tutti frutti 900ml","p":2.66,"u":"2,96 €/L","img":"https://fd2-photos.leclercdrive.fr/image.ashx?id=2861737&use=l&cat=p&typeid=i","cat":285435},{"id":104019,"n":"Rhum paille St James 40%vol - 70cl","p":11.33,"u":"16,19 €/L","img":"https://fd2-photos.leclercdrive.fr/image.ashx?id=2970867&use=l&cat=p&typeid=i","cat":284550},{"id":104021,"n":"Arrangé Damoiseau Mangue passion 30D - 70cl","p":22.5,"u":"32,14 €/L","img":"https://fd2-photos.leclercdrive.fr/image.ashx?id=2021220&use=l&cat=p&typeid=i","cat":284551},{"id":104022,"n":"Arrangé Damoiseau Ananas vanille 30° - 70cl","p":22.5,"u":"32,14 €/L","img":"https://fd2-photos.leclercdrive.fr/image.ashx?id=2021217&use=l&cat=p&typeid=i","cat":284551},{"id":104062,"n":"Brioches Doowap Harrys X8 -320g Pépites choco sans additif","p":2.29,"u":"7,16 €/KG","img":"https://fd2-photos.leclercdrive.fr/image.ashx?id=2502998&use=l&cat=p&typeid=i","cat":293505},{"id":104073,"n":"100% Pur Jus Jafaden Pamplemousse- 1L","p":1.99,"u":"1,99 €/L","img":"https://fd2-photos.leclercdrive.fr/image.ashx?id=2956771&use=l&cat=p&typeid=i","cat":284914},{"id":104089,"n":"AOP Champagne Fondateur Vranken Brut - 75cl","p":17.9,"u":"23,87 €/L","img":"https://fd2-photos.leclercdrive.fr/image.ashx?id=2662012&use=l&cat=p&typeid=i","cat":284542},{"id":104091,"n":"Bouillon Bio Cube Maggi Légumes - 80g","p":1.85,"u":"23,13 €/KG","img":"https://fd2-photos.leclercdrive.fr/image.ashx?id=2737786&use=l&cat=p&typeid=i","cat":288379},{"id":104092,"n":"Tagada Zip Fraîcheur Haribo Sachet bonbons - 220g","p":1.31,"u":"5,95 €/KG","img":"https://fd2-photos.leclercdrive.fr/image.ashx?id=2802359&use=l&cat=p&typeid=i","cat":304250},{"id":104109,"n":"Les Timbales Gourmet Gold Boeuf plet saumon - 12x85g","p":6.71,"u":"6,58 €/KG","img":"https://fd2-photos.leclercdrive.fr/image.ashx?id=2861764&use=l&cat=p&typeid=i","cat":285286},{"id":104113,"n":"Brioches Doowap Harrys X12-480g Pépites choco sans additif","p":3.67,"u":"7,65 €/KG","img":"https://fd2-photos.leclercdrive.fr/image.ashx?id=2503001&use=l&cat=p&typeid=i","cat":293505},{"id":104114,"n":"Brioches Doowap Harrys X8 -320g Pépites choco lait sans additif","p":2.4,"u":"7,50 €/KG","img":"https://fd2-photos.leclercdrive.fr/image.ashx?id=2503004&use=l&cat=p&typeid=i","cat":293505},{"id":104115,"n":"Brioches Doowap Harrys X12-480g Pépites choco lait sans additif","p":3.68,"u":"7,67 €/KG","img":"https://fd2-photos.leclercdrive.fr/image.ashx?id=2503007&use=l&cat=p&typeid=i","cat":293505},{"id":104116,"n":"Galettes Sablés La Mère Poulard St-Michel - 125g","p":1.45,"u":"11,60 €/KG","img":"https://fd2-photos.leclercdrive.fr/image.ashx?id=2911384&use=l&cat=p&typeid=i","cat":284487},{"id":104117,"n":"Palets pur beurre Mère Poulard 125g","p":1.56,"u":"12,48 €/KG","img":"https://fd2-photos.leclercdrive.fr/image.ashx?id=2907018&use=l&cat=p&typeid=i","cat":284487},{"id":104121,"n":"Noix de cajou Benenuts Grillées à sec -165g","p":4.7,"u":"28,48 €/KG","img":"https://fd2-photos.leclercdrive.fr/image.ashx?id=2391786&use=l&cat=p&typeid=i","cat":284448},{"id":104133,"n":"Pépites chocolat au lait Vahiné 200g","p":3.89,"u":"19,45 €/KG","img":"https://fd2-photos.leclercdrive.fr/image.ashx?id=2559784&use=l&cat=p&typeid=i","cat":284504},{"id":104188,"n":"Chips Tyrrell's Légèrement salées - 150g","p":2.19,"u":"14,60 €/KG","img":"https://fd2-photos.leclercdrive.fr/image.ashx?id=2924731&use=l&cat=p&typeid=i","cat":284447},{"id":104193,"n":"Coton-tiges Inell Recharge Tiges papier - x160","p":0.4,"img":"https://fd2-photos.leclercdrive.fr/image.ashx?id=2357704&use=l&cat=p&typeid=i","cat":284636},{"id":104194,"n":"Coton-tige Lotus Bio - x160 bâtonnets","p":0.78,"img":"https://fd2-photos.leclercdrive.fr/image.ashx?id=2506840&use=l&cat=p&typeid=i","cat":284636},{"id":104245,"n":"Pizzas Crousti Moelleuse Marie 4 fromages 2+1 offerte 1.530kg","p":6.97,"u":"4,56 €/KG","img":"https://fd2-photos.leclercdrive.fr/image.ashx?id=1876709&use=l&cat=p&typeid=i","cat":284256},{"id":104248,"n":"Pizzas Crousti Moelleuse Marie Extrême Américaine 2+ 1 offerte","p":6.97,"u":"4,38 €/KG","img":"https://fd2-photos.leclercdrive.fr/image.ashx?id=2996659&use=l&cat=p&typeid=i","cat":284256},{"id":104290,"n":"Pain de mie Schär - Vital Sans gluten - 350g","p":3.47,"u":"9,91 €/KG","img":"https://fd2-photos.leclercdrive.fr/image.ashx?id=2674890&use=l&cat=p&typeid=i","cat":318654},{"id":104293,"n":"Pépites chunks Vahine 3 chocolats - 100g","p":2.77,"u":"27,70 €/KG","img":"https://fd2-photos.leclercdrive.fr/image.ashx?id=2559871&use=l&cat=p&typeid=i","cat":284504},{"id":104296,"n":"Mon 1er biscuit bio Hipp Bio Dès 6 mois - 180g","p":2.51,"u":"13,94 €/KG","img":"https://fd2-photos.leclercdrive.fr/image.ashx?id=2788823&use=l&cat=p&typeid=i","cat":312227},{"id":104324,"n":"Pâtes de Fruits GERBLE   -  6 sachets 162g","p":2.77,"u":"17,10 €/KG","img":"https://fd2-photos.leclercdrive.fr/image.ashx?id=2664082&use=l&cat=p&typeid=i","cat":318652},{"id":104349,"n":"AOP Cabernet d'Anjou rosé Plessis-Duval - 3L","p":15.65,"u":"5,22 €/L","img":"https://fd2-photos.leclercdrive.fr/image.ashx?id=2941038&use=l&cat=p&typeid=i","cat":289558},{"id":104412,"n":"Le paté Henaff Bio - 76g","p":1.63,"u":"21,45 €/KG","img":"https://fd2-photos.leclercdrive.fr/image.ashx?id=2432770&use=l&cat=p&typeid=i","cat":305149},{"id":104468,"n":"Fromage apéritif Apéricube Long drink 48 cubes","p":4.17,"u":"16,68 €/KG","img":"https://fd2-photos.leclercdrive.fr/image.ashx?id=2882674&use=l&cat=p&typeid=i","cat":314027},{"id":104471,"n":"Fromage apéritif Apericube  Cocktail 48 cubes","p":4.17,"u":"16,68 €/KG","img":"https://fd2-photos.leclercdrive.fr/image.ashx?id=2882680&use=l&cat=p&typeid=i","cat":314027},{"id":104485,"n":"Tropicana Jus d'orange Sans pulpe - 90cl","p":2.66,"u":"2,96 €/L","img":"https://fd2-photos.leclercdrive.fr/image.ashx?id=2524266&use=l&cat=p&typeid=i","cat":285435},{"id":104555,"n":"Yaourts à boire Yop Yoplait Citron - 850g","p":1.74,"u":"2,05 €/KG","img":"https://fd2-photos.leclercdrive.fr/image.ashx?id=2855540&use=l&cat=p&typeid=i","cat":284415},{"id":104557,"n":"Yaourt à boire Yop Yoplait Coco - 850g","p":1.74,"u":"2,05 €/KG","img":"https://fd2-photos.leclercdrive.fr/image.ashx?id=2855543&use=l&cat=p&typeid=i","cat":284415},{"id":104564,"n":"Yaourt à boire Yop de Yoplait Fraise - 850g","p":1.74,"u":"2,05 €/KG","img":"https://fd2-photos.leclercdrive.fr/image.ashx?id=2855546&use=l&cat=p&typeid=i","cat":284415},{"id":104565,"n":"Yaourt à boire Yoplait Fraise/banane - 850g","p":1.74,"u":"2,05 €/KG","img":"https://fd2-photos.leclercdrive.fr/image.ashx?id=2855549&use=l&cat=p&typeid=i","cat":284415},{"id":104566,"n":"Yaourt Yop de Yoplait Framboise - 850g","p":1.74,"u":"2,05 €/KG","img":"https://fd2-photos.leclercdrive.fr/image.ashx?id=2855552&use=l&cat=p&typeid=i","cat":284415},{"id":104567,"n":"Yaourt à boire Yop Yoplait Vanille - 850g","p":1.74,"u":"2,05 €/KG","img":"https://fd2-photos.leclercdrive.fr/image.ashx?id=2855555&use=l&cat=p&typeid=i","cat":284415},{"id":104568,"n":"Yaourt à boire Yop Yoplait Tropical - 850g","p":1.74,"u":"2,05 €/KG","img":"https://fd2-photos.leclercdrive.fr/image.ashx?id=2855558&use=l&cat=p&typeid=i","cat":284415},{"id":104669,"n":"Bière blonde Bud 5% - 20x25cl","p":13.57,"u":"2,71 €/L","img":"https://fd2-photos.leclercdrive.fr/image.ashx?id=3009047&use=l&cat=p&typeid=i","cat":334873},{"id":104674,"n":"Eau gazeuse aromatisée Badoit Citron fraise - 1L","p":1.28,"u":"1,28 €/L","img":"https://fd2-photos.leclercdrive.fr/image.ashx?id=2730664&use=l&cat=p&typeid=i","cat":284536},{"id":104684,"n":"Yaourt bifidus Activia vanille framboise - 16x125g","p":4.51,"u":"2,26 €/KG","img":"https://fd2-photos.leclercdrive.fr/image.ashx?id=2741802&use=l&cat=p&typeid=i","cat":315000},{"id":104880,"n":"Barres Céréales Extra Kellogg's Chocolat au lait - 4x32g","p":2.76,"u":"21,56 €/KG","img":"https://fd2-photos.leclercdrive.fr/image.ashx?id=2736610&use=l&cat=p&typeid=i","cat":285869},{"id":104889,"n":"Sardines Connetable Nature - 95g","p":2.06,"u":"21,68 €/KG","img":"https://fd2-photos.leclercdrive.fr/image.ashx?id=2664115&use=l&cat=p&typeid=i","cat":305146},{"id":105072,"n":"Bonbon Dracula Trolli Le sachet de 200g","p":1.58,"u":"7,90 €/KG","img":"https://fd2-photos.leclercdrive.fr/image.ashx?id=2684719&use=l&cat=p&typeid=i","cat":304250},{"id":105117,"n":"Aguacana cachaça 37.5%vol - 70cl","p":13.74,"u":"19,63 €/L","img":"https://fd2-photos.leclercdrive.fr/image.ashx?id=2961801&use=l&cat=p&typeid=i","cat":284550},{"id":105136,"n":"Jambon supérieur Tradilège S/nitrite Découenne - x6 - 210g","p":2.88,"u":"13,71 €/KG","img":"https://fd2-photos.leclercdrive.fr/image.ashx?id=2991524&use=l&cat=p&typeid=i","cat":316009},{"id":105137,"n":"Jambon supérieur Tradilège Sans nitrite x4 - 140g","p":1.95,"u":"13,93 €/KG","img":"https://fd2-photos.leclercdrive.fr/image.ashx?id=2994381&use=l&cat=p&typeid=i","cat":316009},{"id":105185,"n":"Compote Charles & Alice Pommes Myrtilles - 4x97g","p":1.76,"u":"4,54 €/KG","img":"https://fd2-photos.leclercdrive.fr/image.ashx?id=2900899&use=l&cat=p&typeid=i","cat":284416},{"id":105186,"n":"Compote Charles & Alice Pommes Cerises - 4x97g","p":1.67,"u":"4,30 €/KG","img":"https://fd2-photos.leclercdrive.fr/image.ashx?id=2757686&use=l&cat=p&typeid=i","cat":284416},{"id":105192,"n":"Viande hachée Socopa Ultra Savoureux 5%MG - 500g","p":8.85,"u":"17,70 €/KG","img":"https://fd2-photos.leclercdrive.fr/image.ashx?id=2625151&use=l&cat=p&typeid=i","cat":284332},{"id":105196,"n":"Dessert fruitier Fraise Andros En morceaux - 4x100g","p":2.45,"u":"6,13 €/KG","img":"https://fd2-photos.leclercdrive.fr/image.ashx?id=2845467&use=l&cat=p&typeid=i","cat":284416},{"id":105214,"n":"Boulettes Garden Gourmet légumes 200g","p":2.26,"u":"11,30 €/KG","img":"https://fd2-photos.leclercdrive.fr/image.ashx?id=2986903&use=l&cat=p&typeid=i","cat":316036},{"id":105399,"n":"Lait demi-écrémé GrandLait Ferme sélectionnée - 1L","p":1.28,"u":"1,28 €/L","img":"https://fd2-photos.leclercdrive.fr/image.ashx?id=2916177&use=l&cat=p&typeid=i","cat":285609},{"id":105427,"n":"Beurre gastronomique Président Demi-sel - 80% MG - 225g","p":2.92,"u":"12,98 €/KG","img":"https://fd2-photos.leclercdrive.fr/image.ashx?id=2740553&use=l&cat=p&typeid=i","cat":284379},{"id":105486,"n":"AOP Champagne Brut Tsarine 75cl","p":33.17,"u":"44,23 €/L","img":"https://fd2-photos.leclercdrive.fr/image.ashx?id=2741096&use=l&cat=p&typeid=i","cat":284542},{"id":105742,"n":"Poivre création moulin Ducros 34g","p":3.34,"u":"98,24 €/KG","img":"https://fd2-photos.leclercdrive.fr/image.ashx?id=2354407&use=l&cat=p&typeid=i","cat":284457},{"id":106006,"n":"Pur jus de pomme Jafaden 2L","p":2.29,"u":"1,15 €/L","img":"https://fd2-photos.leclercdrive.fr/image.ashx?id=2956774&use=l&cat=p&typeid=i","cat":284522},{"id":106146,"n":"Bière sans alcool Tourtel Twist Mangue Passion 0,0° - 6x27,5cl","p":4.89,"u":"2,96 €/L","img":"https://fd2-photos.leclercdrive.fr/image.ashx?id=2730727&use=l&cat=p&typeid=i","cat":334877},{"id":106269,"n":"Edulcorant Pure Via Boite de 65 morceaux - 130g","p":5.15,"u":"39,62 €/KG","img":"https://fd2-photos.leclercdrive.fr/image.ashx?id=2417291&use=l&cat=p&typeid=i","cat":324846},{"id":106271,"n":"Sucre Doypack Pure Via Poudre cristalisée - 250g","p":5.49,"u":"21,96 €/KG","img":"https://fd2-photos.leclercdrive.fr/image.ashx?id=2805381&use=l&cat=p&typeid=i","cat":324846},{"id":106471,"n":"Plat bébé soir Blédichef 15mois Poireau pomme de terre - 250g","p":1.79,"u":"7,16 €/KG","img":"https://fd2-photos.leclercdrive.fr/image.ashx?id=2143681&use=l&cat=p&typeid=i","cat":312239},{"id":106474,"n":"Repas bébé Blédichef 15 mois Pdt champignon poulet - 250g","p":1.8,"u":"7,20 €/KG","img":"https://fd2-photos.leclercdrive.fr/image.ashx?id=2479685&use=l&cat=p&typeid=i","cat":312238},{"id":106477,"n":"Repas bébé Blédichef 18 mois  Blanquette de volaille - 250g","p":1.8,"u":"7,20 €/KG","img":"https://fd2-photos.leclercdrive.fr/image.ashx?id=2558861&use=l&cat=p&typeid=i","cat":312238},{"id":106564,"n":"Purée Planet Bio Pomme/Banane bio - 630g","p":4.17,"u":"6,62 €/KG","img":"https://fd2-photos.leclercdrive.fr/image.ashx?id=2473465&use=l&cat=p&typeid=i","cat":284508},{"id":106568,"n":"Tropicana Jus multifruits 90 cl","p":2.82,"u":"3,13 €/L","img":"https://fd2-photos.leclercdrive.fr/image.ashx?id=2529276&use=l&cat=p&typeid=i","cat":285435},{"id":106614,"n":"Rosette Justin Bridou  19 Tranches - 170g","p":2.57,"u":"15,12 €/KG","img":"https://fd2-photos.leclercdrive.fr/image.ashx?id=2948932&use=l&cat=p&typeid=i","cat":316007},{"id":106886,"n":"Petit suisse nature Gervais 9,5% MG - 6x60g","p":1.83,"u":"5,08 €/KG","img":"https://fd2-photos.leclercdrive.fr/image.ashx?id=2230384&use=l&cat=p&typeid=i","cat":284409},{"id":106987,"n":"Mini pots Häagen-Dazs Caramel  Beurre salé x4 - 324g","p":4.18,"u":"12,90 €/KG","img":"https://fd2-photos.leclercdrive.fr/image.ashx?id=2992849&use=l&cat=p&typeid=i","cat":284725},{"id":107166,"n":"Faisselle Rians 6%mg - 6x100g","p":2.75,"u":"4,58 €/KG","img":"https://fd2-photos.leclercdrive.fr/image.ashx?id=2396701&use=l&cat=p&typeid=i","cat":284409},{"id":107384,"n":"Bacon Justin Bridou  16 Tranches - 160g","p":2.6,"u":"16,25 €/KG","img":"https://fd2-photos.leclercdrive.fr/image.ashx?id=2924110&use=l&cat=p&typeid=i","cat":316007},{"id":107653,"n":"Lait de coco bio Jardin Bio Bio - 225ml","p":1.84,"u":"8,18 €/L","img":"https://fd2-photos.leclercdrive.fr/image.ashx?id=2875471&use=l&cat=p&typeid=i","cat":288992},{"id":107764,"n":"Panés Le Gaulois Façon Milanaise citronné - 200g","p":2.31,"u":"11,55 €/KG","img":"https://fd2-photos.leclercdrive.fr/image.ashx?id=2644770&use=l&cat=p&typeid=i","cat":333683},{"id":107789,"n":"Vinaigre balsamique de modène  IGP Bio 50cl","p":5.7,"u":"11,40 €/L","img":"https://fd2-photos.leclercdrive.fr/image.ashx?id=2737468&use=l&cat=p&typeid=i","cat":298543},{"id":107833,"n":"Vin Union Européenne rosé BIB 5L","p":9.25,"u":"1,85 €/L","img":"https://fd2-photos.leclercdrive.fr/image.ashx?id=2116813&use=l&cat=p&typeid=i","cat":289560},{"id":107850,"n":"Vin d'Espagne rosé Le Dix Grenache - BIB 10L","p":20.5,"u":"2,05 €/L","img":"https://fd2-photos.leclercdrive.fr/image.ashx?id=2023880&use=l&cat=p&typeid=i","cat":289560},{"id":107931,"n":"Échalote bio Bio Village  250g","p":1.69,"u":"6,76 €/KG","img":"https://fd2-photos.leclercdrive.fr/image.ashx?id=2922463&use=l&cat=p&typeid=i","cat":284352},{"id":108180,"n":"Compotes Pom'Potes Gourdes BIO  Multivariétés - 12x90g","p":6.69,"u":"6,19 €/KG","img":"https://fd2-photos.leclercdrive.fr/image.ashx?id=2926212&use=l&cat=p&typeid=i","cat":284508},{"id":108449,"n":"Déodorant spray Monsavon Fleur Lotus-200ml","p":1.89,"u":"9,45 €/L","img":"https://fd2-photos.leclercdrive.fr/image.ashx?id=2643914&use=l&cat=p&typeid=i","cat":284595},{"id":108498,"n":"Crème BB Hydrance Avène Légère - 40ml","p":16.49,"u":"412,25 €/L","img":"https://fd2-photos.leclercdrive.fr/image.ashx?id=2855906&use=l&cat=p&typeid=i","cat":291171},{"id":108530,"n":"Emulsion Hydrance Avène Légère SPF30 - 40ml","p":14.95,"u":"37,38 €/L","img":"https://fd2-photos.leclercdrive.fr/image.ashx?id=2854504&use=l&cat=p&typeid=i","cat":291171},{"id":108531,"n":"Crème riche Hydrance Avène Riche SPF30 - 40ml","p":14.95,"u":"373,75 €/L","img":"https://fd2-photos.leclercdrive.fr/image.ashx?id=2373543&use=l&cat=p&typeid=i","cat":291171},{"id":108568,"n":"Emulsion hydratante Avène Hydrance Légère - 40ml","p":14.48,"u":"362,00 €/L","img":"https://fd2-photos.leclercdrive.fr/image.ashx?id=2665655&use=l&cat=p&typeid=i","cat":291171},{"id":108571,"n":"Huile lavante La Roche Posay Lipikar AP  - 400ml","p":13.98,"u":"34,95 €/L","img":"https://fd2-photos.leclercdrive.fr/image.ashx?id=2741487&use=l&cat=p&typeid=i","cat":301591},{"id":108644,"n":"Crème Toleriane La Roche Posay Sensitive - 40ml","p":13.79,"u":"344,75 €/L","img":"https://fd2-photos.leclercdrive.fr/image.ashx?id=1991513&use=l&cat=p&typeid=i","cat":291171},{"id":108668,"n":"Bière blonde La Goudale 7.2% vol. - 50cl","p":1.56,"u":"3,12 €/L","img":"https://fd2-photos.leclercdrive.fr/image.ashx?id=2513658&use=l&cat=p&typeid=i","cat":334852},{"id":108673,"n":"Crème nutritive Avène Riche revitalisante - 50ml","p":22.99,"u":"459,80 €/L","img":"https://fd2-photos.leclercdrive.fr/image.ashx?id=2373546&use=l&cat=p&typeid=i","cat":291171},{"id":108674,"n":"Crème nutritive Avène Revitalisante - 50ml","p":22.99,"u":"459,80 €/L","img":"https://fd2-photos.leclercdrive.fr/image.ashx?id=2857320&use=l&cat=p&typeid=i","cat":291171},{"id":108695,"n":"Beurre de cacahuètes Menguy's Creamy - 454g","p":4.17,"u":"9,19 €/KG","img":"https://fd2-photos.leclercdrive.fr/image.ashx?id=2844082&use=l&cat=p&typeid=i","cat":284481},{"id":108707,"n":"Filtres à café Uni vert Bruns n°4 - x80","p":1.33,"u":"0,02 €/P","img":"https://fd2-photos.leclercdrive.fr/image.ashx?id=2634878&use=l&cat=p&typeid=i","cat":284751},{"id":108724,"n":"Thé glacé Bio Village Bio Pêche - 1L","p":1.36,"u":"1,36 €/L","img":"https://fd2-photos.leclercdrive.fr/image.ashx?id=2670392&use=l&cat=p&typeid=i","cat":295019},{"id":108797,"n":"Limande Meunière MSC - 200g","p":4.02,"u":"20,10 €/KG","img":"https://fd2-photos.leclercdrive.fr/image.ashx?id=2417363&use=l&cat=p&typeid=i","cat":284344},{"id":108804,"n":"Compotes Pom'Potes Gourdes  Pomme Nature - 4x90g","p":1.69,"u":"4,69 €/KG","img":"https://fd2-photos.leclercdrive.fr/image.ashx?id=2968079&use=l&cat=p&typeid=i","cat":284508},{"id":108841,"n":"Foie morue nature Nautilus MSC - 25% sel - 120g","p":1.82,"u":"15,17 €/KG","img":"https://fd2-photos.leclercdrive.fr/image.ashx?id=2733610&use=l&cat=p&typeid=i","cat":305147},{"id":108844,"n":"Plat bébé soir Blédichef 12mois Spaghetti crème légumes -2x230g","p":3.4,"u":"7,39 €/KG","img":"https://fd2-photos.leclercdrive.fr/image.ashx?id=2643494&use=l&cat=p&typeid=i","cat":312239},{"id":108997,"n":"Crème dessert Danette vanille chocolat -16x115g","p":4.84,"u":"2,63 €/KG","img":"https://fd2-photos.leclercdrive.fr/image.ashx?id=2949850&use=l&cat=p&typeid=i","cat":285041},{"id":109128,"n":"Burger du Chef Socopa x2 - 200g","p":4.17,"u":"20,85 €/KG","img":"https://fd2-photos.leclercdrive.fr/image.ashx?id=2860121&use=l&cat=p&typeid=i","cat":284332},{"id":109267,"n":"Panaché Force 4 0,4° - 10x25cl","p":3.99,"u":"1,60 €/L","img":"https://fd2-photos.leclercdrive.fr/image.ashx?id=2473321&use=l&cat=p&typeid=i","cat":334877},{"id":109274,"n":"Yaourt Enfant Petits Filous Aromatisé à la Fraise - 6x100g","p":2.72,"u":"4,53 €/KG","img":"https://fd2-photos.leclercdrive.fr/image.ashx?id=2748434&use=l&cat=p&typeid=i","cat":284415},{"id":109309,"n":"Bol semoule 8 mois Bio Village Bio Patate douce lait - 2x200g","p":2.49,"u":"6,23 €/KG","img":"https://fd2-photos.leclercdrive.fr/image.ashx?id=2704807&use=l&cat=p&typeid=i","cat":312239},{"id":109322,"n":"Bol legume vert riz Bio Village Saumon bio - 6 mois - 2x200g","p":2.55,"u":"6,38 €/KG","img":"https://fd2-photos.leclercdrive.fr/image.ashx?id=2704792&use=l&cat=p&typeid=i","cat":312235},{"id":109369,"n":"Panaché Falsbourg  <0.5% vol. - 10X25cl","p":2.99,"u":"1,20 €/L","img":"https://fd2-photos.leclercdrive.fr/image.ashx?id=2637967&use=l&cat=p&typeid=i","cat":334877},{"id":109387,"n":"Pur jus Tropicana Réveil des Tropiques 90cl","p":2.75,"u":"3,06 €/L","img":"https://fd2-photos.leclercdrive.fr/image.ashx?id=2529279&use=l&cat=p&typeid=i","cat":285435},{"id":109398,"n":"Filet de poulet  La Nouvelle Agriculture x2 260g","p":4.71,"u":"18,12 €/KG","img":"https://fd2-photos.leclercdrive.fr/image.ashx?id=2629079&use=l&cat=p&typeid=i","cat":284336},{"id":109399,"n":"Fine escalope de dinde noire La Nouvelle Agriculture- 100g","p":2.48,"u":"24,80 €/KG","img":"https://fd2-photos.leclercdrive.fr/image.ashx?id=2364282&use=l&cat=p&typeid=i","cat":284337},{"id":109418,"n":"Rillettes de Thon MSC Ronde des Mers - 125g","p":1.69,"u":"13,52 €/KG","img":"https://fd2-photos.leclercdrive.fr/image.ashx?id=2436696&use=l&cat=p&typeid=i","cat":303867},{"id":109441,"n":"Thon entier MSC Pêche Océan Naturel - 140g","p":2.17,"u":"15,50 €/KG","img":"https://fd2-photos.leclercdrive.fr/image.ashx?id=2942211&use=l&cat=p&typeid=i","cat":303867},{"id":109449,"n":"Jus innocent ananas 900ml","p":3.28,"u":"3,64 €/L","img":"https://fd2-photos.leclercdrive.fr/image.ashx?id=2184732&use=l&cat=p&typeid=i","cat":285435},{"id":109457,"n":"Boisson lactée Danao Pêche Abricot - 900ml","p":2.57,"u":"2,86 €/L","img":"https://fd2-photos.leclercdrive.fr/image.ashx?id=2606367&use=l&cat=p&typeid=i","cat":285435},{"id":109468,"n":"Poulet  La Nouvelle Agriculture Cuisse - x2 - 360g","p":2.88,"u":"8,00 €/KG","img":"https://fd2-photos.leclercdrive.fr/image.ashx?id=2629082&use=l&cat=p&typeid=i","cat":284336},{"id":109472,"n":"Pile alcaline Varta Longlife AA LR06 - x20","p":9.9,"img":"https://fd2-photos.leclercdrive.fr/image.ashx?id=2301001&use=l&cat=p&typeid=i","cat":300572},{"id":109548,"n":"Olives vertes bio Bio Village - 160g","p":2.79,"u":"17,44 €/KG","img":"https://fd2-photos.leclercdrive.fr/image.ashx?id=2552448&use=l&cat=p&typeid=i","cat":284450},{"id":109554,"n":"Pulpe de tomates bio Bio Village - 2x400g","p":2.18,"u":"5,45 €/KG","img":"https://fd2-photos.leclercdrive.fr/image.ashx?id=2181840&use=l&cat=p&typeid=i","cat":312608},{"id":109579,"n":"Pain de mie 100% Mie Harrys Nature sans sucre ajouté - 500g","p":2.22,"u":"4,44 €/KG","img":"https://fd2-photos.leclercdrive.fr/image.ashx?id=2517477&use=l&cat=p&typeid=i","cat":284477},{"id":109589,"n":"Mouchoirs Balsam Kleenex® Etuis regular x10","p":1.96,"u":"0,20 €/P","img":"https://fd2-photos.leclercdrive.fr/image.ashx?id=2840304&use=l&cat=p&typeid=i","cat":284638},{"id":109607,"n":"Skyr Danone nature 0%mg - 480g","p":3.22,"u":"6,71 €/KG","img":"https://fd2-photos.leclercdrive.fr/image.ashx?id=2810615&use=l&cat=p&typeid=i","cat":284409},{"id":109664,"n":"Tomato Ketchup Allégé Heinz 50% sucre/sel en moins - 625g","p":3.55,"u":"5,68 €/KG","img":"https://fd2-photos.leclercdrive.fr/image.ashx?id=2927717&use=l&cat=p&typeid=i","cat":284455},{"id":109670,"n":"Compotes Pom'Potes Gourdes  Mix de Pommes - 20x90g","p":7.38,"u":"4,10 €/KG","img":"https://fd2-photos.leclercdrive.fr/image.ashx?id=2563349&use=l&cat=p&typeid=i","cat":284508},{"id":109742,"n":"Jus pour bébé NATURNES BIO Poire Abricot 6M+ - 20cl","p":0.98,"u":"4,90 €/L","img":"https://fd2-photos.leclercdrive.fr/image.ashx?id=2532258&use=l&cat=p&typeid=i","cat":312388},{"id":109749,"n":"Liquide de rinçage Uni Vert Lave-vaisselle Ecologique-750ml","p":1.99,"u":"2,65 €/L","img":"https://fd2-photos.leclercdrive.fr/image.ashx?id=2966403&use=l&cat=p&typeid=i","cat":284657},{"id":109753,"n":"Sauce crudité Amora Nature - 380ml","p":1.88,"u":"4,95 €/KG","img":"https://fd2-photos.leclercdrive.fr/image.ashx?id=2644995&use=l&cat=p&typeid=i","cat":284456},{"id":109756,"n":"Sauce gourmet Amora Poivre - 188g","p":1.72,"u":"9,15 €/KG","img":"https://fd2-photos.leclercdrive.fr/image.ashx?id=2181056&use=l&cat=p&typeid=i","cat":318430},{"id":109873,"n":"Pur jus de pomme Jafaden Douceur - 1L","p":1.5,"u":"1,50 €/L","img":"https://fd2-photos.leclercdrive.fr/image.ashx?id=2863178&use=l&cat=p&typeid=i","cat":284522},{"id":109892,"n":"Soda Coca-Cola Cherry Bouteille - 1,25L","p":1.76,"u":"1,41 €/L","img":"https://fd2-photos.leclercdrive.fr/image.ashx?id=2678161&use=l&cat=p&typeid=i","cat":284530},{"id":109893,"n":"Soda Coca-Cola Vanille Bouteille - 1,25L","p":1.76,"u":"1,41 €/L","img":"https://fd2-photos.leclercdrive.fr/image.ashx?id=2678164&use=l&cat=p&typeid=i","cat":284530},{"id":110000,"n":"Cornichons fins AMORA Bocal - 540g","p":3.81,"u":"7,06 €/KG","img":"https://fd2-photos.leclercdrive.fr/image.ashx?id=2672710&use=l&cat=p&typeid=i","cat":284458},{"id":110058,"n":"Crêpe fourrée Whaou Chocolat - x24 - 768g","p":4.05,"u":"5,27 €/KG","img":"https://fd2-photos.leclercdrive.fr/image.ashx?id=2955818&use=l&cat=p&typeid=i","cat":284494},{"id":110101,"n":"Huile d'olive vierge extra 1.5L","p":12.9,"u":"8,60 €/L","img":"https://fd2-photos.leclercdrive.fr/image.ashx?id=2898035&use=l&cat=p&typeid=i","cat":284453},{"id":110150,"n":"Bol légumes  Bio Village Bio Poulet - 8mois - 2x200g","p":2.49,"u":"6,23 €/KG","img":"https://fd2-photos.leclercdrive.fr/image.ashx?id=2704780&use=l&cat=p&typeid=i","cat":312236},{"id":110154,"n":"Hachis parmentier Marie 300g","p":3.78,"u":"12,60 €/KG","img":"https://fd2-photos.leclercdrive.fr/image.ashx?id=2833315&use=l&cat=p&typeid=i","cat":333665},{"id":110159,"n":"Bol légumes saumon Bio Village Bio - 12 mois - 2x200g","p":2.69,"u":"6,73 €/KG","img":"https://fd2-photos.leclercdrive.fr/image.ashx?id=2704783&use=l&cat=p&typeid=i","cat":312237},{"id":110178,"n":"Radis ronds  Panier du Primeur - 250g","p":0.99,"u":"3,96 €/KG","img":"https://fd2-photos.leclercdrive.fr/image.ashx?id=3015117&use=l&cat=p&typeid=i","cat":284352},{"id":110182,"n":"Bol Spaghetti Bio Village 8mois Bio Bolognaise - 2x200g","p":2.59,"u":"6,48 €/KG","img":"https://fd2-photos.leclercdrive.fr/image.ashx?id=2704828&use=l&cat=p&typeid=i","cat":312236},{"id":110440,"n":"Viande hachée tradition Charal Prêt à cuisiner 5%mg - 500g","p":9.32,"u":"18,64 €/KG","img":"https://fd2-photos.leclercdrive.fr/image.ashx?id=2014385&use=l&cat=p&typeid=i","cat":284332},{"id":110509,"n":"boisson végétale lait d'amande non grillée sans sucre alpro-1l","p":2.55,"u":"2,55 €/L","img":"https://fd2-photos.leclercdrive.fr/image.ashx?id=2980085&use=l&cat=p&typeid=i","cat":316067},{"id":110566,"n":"Crème dépilatoire Veet Men Corps Peaux Sensibles 200ml","p":4.2,"u":"21,00 €/L","img":"https://fd2-photos.leclercdrive.fr/image.ashx?id=2965689&use=l&cat=p&typeid=i","cat":284617},{"id":110568,"n":"Gel Lubrifiant Intime Durex Naturel Confort Base Eau 100ml","p":7.25,"u":"72,50 €/L","img":"https://fd2-photos.leclercdrive.fr/image.ashx?id=2960687&use=l&cat=p&typeid=i","cat":285160},{"id":110595,"n":"Gel Lave-Vaisselle Sun Tout-en-1 Expert Plus 52 Lavage","p":7.9,"u":"8,78 €/L","img":"https://fd2-photos.leclercdrive.fr/image.ashx?id=2835580&use=l&cat=p&typeid=i","cat":284656},{"id":110596,"n":"Poudre Lave Vaisselle Sun Classique 90 Lavages","p":8.59,"u":"3,01 €/KG","img":"https://fd2-photos.leclercdrive.fr/image.ashx?id=2866172&use=l&cat=p&typeid=i","cat":284656},{"id":110678,"n":"Bouillon cube Bio Village Volaille Bio - x8 - 80g","p":1.43,"u":"17,88 €/KG","img":"https://fd2-photos.leclercdrive.fr/image.ashx?id=2140950&use=l&cat=p&typeid=i","cat":288379},{"id":110707,"n":"Beurre gastronomique Les Croisé Doux - 82% MG - 250g","p":2.49,"u":"9,96 €/KG","img":"https://fd2-photos.leclercdrive.fr/image.ashx?id=2833005&use=l&cat=p&typeid=i","cat":284379},{"id":110708,"n":"Beurre Les Croisés Demi-sel - 80% MG - 250g","p":2.49,"u":"9,96 €/KG","img":"https://fd2-photos.leclercdrive.fr/image.ashx?id=2778084&use=l&cat=p&typeid=i","cat":284379},{"id":110846,"n":"Huile végétale So'Bio Etic de ricin bio - 50ml","p":4.8,"u":"96,00 €/L","img":"https://fd2-photos.leclercdrive.fr/image.ashx?id=2752465&use=l&cat=p&typeid=i","cat":325349},{"id":110856,"n":"Pack bières blondes 8.6 8.6%vol - 4x50cl","p":5.3,"u":"2,65 €/L","img":"https://fd2-photos.leclercdrive.fr/image.ashx?id=2841601&use=l&cat=p&typeid=i","cat":334853},{"id":110866,"n":"Cheesecake Gü Caramel salé - 2x90g","p":2.96,"u":"16,09 €/KG","img":"https://fd2-photos.leclercdrive.fr/image.ashx?id=3012664&use=l&cat=p&typeid=i","cat":284419},{"id":110884,"n":"Viande hachée Bio Yooji Dinde - 6 mois et   - 120g","p":4.57,"u":"38,08 €/KG","img":"https://fd2-photos.leclercdrive.fr/image.ashx?id=2575738&use=l&cat=p&typeid=i","cat":290631},{"id":110913,"n":"Sirop sport Grenadine - 60cl","p":2.4,"u":"4,00 €/L","img":"https://fd2-photos.leclercdrive.fr/image.ashx?id=1892348&use=l&cat=p&typeid=i","cat":295020},{"id":110927,"n":"Crème fraise des bois Giffard 16%vol - 50cl","p":5.5,"pp":4.95,"u":"9,90 €/L","img":"https://fd2-photos.leclercdrive.fr/image.ashx?id=2219663&use=l&cat=p&typeid=i","cat":286032},{"id":110940,"n":"Champagne blanc brut Jeanmaire Elysée-  75cl","p":15.5,"u":"20,67 €/L","img":"https://fd2-photos.leclercdrive.fr/image.ashx?id=1726568&use=l&cat=p&typeid=i","cat":284542},{"id":111207,"n":"Jenlain ambrée 75cl","p":2.87,"u":"3,83 €/L","img":"https://fd2-photos.leclercdrive.fr/image.ashx?id=2732848&use=l&cat=p&typeid=i","cat":334852},{"id":111211,"n":"Pain de mie La Boulangère Seigle graines - 500g","p":1.79,"u":"3,58 €/KG","img":"https://fd2-photos.leclercdrive.fr/image.ashx?id=2912425&use=l&cat=p&typeid=i","cat":284477},{"id":111363,"n":"Allumettes Eco+ Nature - 2x100g","p":1.25,"u":"6,25 €/KG","img":"https://fd2-photos.leclercdrive.fr/image.ashx?id=2688255&use=l&cat=p&typeid=i","cat":316011},{"id":111369,"n":"Allumettes Eco+ Fumées - 2x100g","p":1.35,"u":"6,75 €/KG","img":"https://fd2-photos.leclercdrive.fr/image.ashx?id=2688258&use=l&cat=p&typeid=i","cat":316011},{"id":111414,"n":"Repas bébé Blédichef 12 mois  Spaghetti bolognaise - 230g","p":1.71,"u":"7,43 €/KG","img":"https://fd2-photos.leclercdrive.fr/image.ashx?id=2643491&use=l&cat=p&typeid=i","cat":312237},{"id":111415,"n":"Repas bébé Blédichef 12 mois Purée épinards saumon - 230g","p":1.64,"u":"6,56 €/KG","img":"https://fd2-photos.leclercdrive.fr/image.ashx?id=1710731&use=l&cat=p&typeid=i","cat":312237},{"id":111420,"n":"Compotes Materne Coupelles  Pomme Nature - 12x100g","p":4.21,"u":"3,51 €/KG","img":"https://fd2-photos.leclercdrive.fr/image.ashx?id=3010867&use=l&cat=p&typeid=i","cat":284508},{"id":111422,"n":"Compotes Pom'Potes Gourdes  Pomm P. Frais P. Framb - 32x90g","p":12.18,"u":"4,23 €/KG","img":"https://fd2-photos.leclercdrive.fr/image.ashx?id=2870182&use=l&cat=p&typeid=i","cat":284508},{"id":111424,"n":"Repas bébé Blédichef 12 mois  Hachis parmentier - 230g","p":1.67,"u":"7,26 €/KG","img":"https://fd2-photos.leclercdrive.fr/image.ashx?id=2478571&use=l&cat=p&typeid=i","cat":312237},{"id":111425,"n":"Chips lentilles Vico Fines herbes - 85g","p":1.69,"u":"19,88 €/KG","img":"https://fd2-photos.leclercdrive.fr/image.ashx?id=3000096&use=l&cat=p&typeid=i","cat":284447},{"id":111426,"n":"Chips lentille Vico Tomate mozzarella - 85g","p":1.69,"u":"19,88 €/KG","img":"https://fd2-photos.leclercdrive.fr/image.ashx?id=2989255&use=l&cat=p&typeid=i","cat":284447},{"id":111432,"n":"Plat bébé soir Blédichef 15mois Pomme de terre chou fleur -250g","p":1.86,"u":"7,44 €/KG","img":"https://fd2-photos.leclercdrive.fr/image.ashx?id=2479018&use=l&cat=p&typeid=i","cat":312239},{"id":111433,"n":"Repas bébé Blédichef 18 mois  Paëlla - 250g","p":1.84,"u":"7,36 €/KG","img":"https://fd2-photos.leclercdrive.fr/image.ashx?id=2951587&use=l&cat=p&typeid=i","cat":312238},{"id":111435,"n":"Repas bébé Blédichef 18 mois  Ratatouille poulet - 250g","p":1.9,"u":"7,60 €/KG","img":"https://fd2-photos.leclercdrive.fr/image.ashx?id=2951596&use=l&cat=p&typeid=i","cat":312238},{"id":111590,"n":"Capsules café L'Or Espresso Lungo Mattinata N°5 x10","p":3.59,"u":"69,04 €/KG","img":"https://fd2-photos.leclercdrive.fr/image.ashx?id=3002309&use=l&cat=p&typeid=i","cat":284749},{"id":111749,"n":"Dés de fromage aux noix Petit Marché - 120g","p":1.99,"u":"16,58 €/KG","img":"https://fd2-photos.leclercdrive.fr/image.ashx?id=2511558&use=l&cat=p&typeid=i","cat":314027},{"id":111829,"n":"Compote Charles & Alice Pommes Fraises - 4x100g","p":1.65,"u":"4,13 €/KG","img":"https://fd2-photos.leclercdrive.fr/image.ashx?id=2757338&use=l&cat=p&typeid=i","cat":284416},{"id":111832,"n":"Lotion Eau Précieuse 375ml","p":10.0,"u":"26,67 €/L","img":"https://fd2-photos.leclercdrive.fr/image.ashx?id=2057251&use=l&cat=p&typeid=i","cat":301587},{"id":111908,"n":"Huile d'amande douce Primoplast 100ml","p":3.25,"u":"32,50 €/L","img":"https://fd2-photos.leclercdrive.fr/image.ashx?id=2856573&use=l&cat=p&typeid=i","cat":284630},{"id":111910,"n":"Gommage tube Manava 150ml","p":1.99,"u":"13,27 €/L","img":"https://fd2-photos.leclercdrive.fr/image.ashx?id=2515691&use=l&cat=p&typeid=i","cat":284594},{"id":111914,"n":"Bière ambrée Grimbergen 6,5° - 12x25cl","p":9.93,"u":"3,31 €/L","img":"https://fd2-photos.leclercdrive.fr/image.ashx?id=2294378&use=l&cat=p&typeid=i","cat":334852},{"id":111916,"n":"Shampooing Nat&Nove Bio Cheveux gras - 250ml","p":4.64,"u":"18,56 €/L","img":"https://fd2-photos.leclercdrive.fr/image.ashx?id=2520389&use=l&cat=p&typeid=i","cat":284606},{"id":111987,"n":"Repas bébé Blédichef 18 mois  Pâtes boeuf bourguignon - 250g","p":1.96,"u":"7,84 €/KG","img":"https://fd2-photos.leclercdrive.fr/image.ashx?id=2643746&use=l&cat=p&typeid=i","cat":312238},{"id":111988,"n":"Plat bébé soir Blédichef 18mois Pâtes carotte - 250g","p":1.75,"u":"7,00 €/KG","img":"https://fd2-photos.leclercdrive.fr/image.ashx?id=2479024&use=l&cat=p&typeid=i","cat":312239},{"id":111989,"n":"Plat bébé soir Blédichef 12mois Semoule carotte - 230g","p":1.8,"u":"7,83 €/KG","img":"https://fd2-photos.leclercdrive.fr/image.ashx?id=2852363&use=l&cat=p&typeid=i","cat":312239},{"id":111990,"n":"Plat bébé soir Blédichef 18mois Pâtes épinards carotte - 250g","p":1.9,"u":"7,60 €/KG","img":"https://fd2-photos.leclercdrive.fr/image.ashx?id=2479027&use=l&cat=p&typeid=i","cat":312239},{"id":112033,"n":"Sauce Charal Figue et sauterne - 120g","p":1.59,"pp":1.29,"u":"10,75 €/KG","img":"https://fd2-photos.leclercdrive.fr/image.ashx?id=2144284&use=l&cat=p&typeid=i","cat":327293},{"id":112143,"n":"Oignon rouge Panier du Primeur x4","p":1.79,"u":"0,45 €/P","img":"https://fd2-photos.leclercdrive.fr/image.ashx?id=2966490&use=l&cat=p&typeid=i","cat":284352},{"id":112153,"n":"Planta Fin Cuisson 79%MG - 500ml","p":2.5,"u":"5,00 €/L","img":"https://fd2-photos.leclercdrive.fr/image.ashx?id=2793083&use=l&cat=p&typeid=i","cat":315229},{"id":112167,"n":"Compote allégée Breizh Pom Pomme poire - 4x90g","p":2.14,"u":"5,94 €/KG","img":"https://fd2-photos.leclercdrive.fr/image.ashx?id=2654360&use=l&cat=p&typeid=i","cat":284508},{"id":112210,"n":"Bière blonde Affligem 6x25cl","p":5.25,"u":"3,50 €/L","img":"https://fd2-photos.leclercdrive.fr/image.ashx?id=2530323&use=l&cat=p&typeid=i","cat":334852},{"id":112291,"n":"Yaourt protéiné Hipro Myrtille 0%mg - 2x160g","p":2.02,"u":"6,31 €/KG","img":"https://fd2-photos.leclercdrive.fr/image.ashx?id=2800285&use=l&cat=p&typeid=i","cat":315000},{"id":112292,"n":"Yaourt protéiné Hipro Citron 0%mg - 2x160g","p":2.01,"u":"6,28 €/KG","img":"https://fd2-photos.leclercdrive.fr/image.ashx?id=2945415&use=l&cat=p&typeid=i","cat":315000},{"id":112293,"n":"Yaourt à boire protéiné Hipro Vanille cookie 0%mg - 300g","p":2.05,"u":"6,83 €/KG","img":"https://fd2-photos.leclercdrive.fr/image.ashx?id=2329753&use=l&cat=p&typeid=i","cat":315000},{"id":112294,"n":"Yaourt à boire protéiné Hipro Fraise framboise 0%mg - 300g","p":1.97,"u":"6,57 €/KG","img":"https://fd2-photos.leclercdrive.fr/image.ashx?id=2806060&use=l&cat=p&typeid=i","cat":315000},{"id":112471,"n":"Mousse Danette  Chocolat - 4x60g","p":1.55,"u":"6,46 €/KG","img":"https://fd2-photos.leclercdrive.fr/image.ashx?id=2964923&use=l&cat=p&typeid=i","cat":284417},{"id":112557,"n":"Gnocchi à poêler Lustucru Fromage - 2x300g+ 300g offerts","p":3.09,"u":"3,43 €/KG","img":"https://fd2-photos.leclercdrive.fr/image.ashx?id=2192398&use=l&cat=p&typeid=i","cat":333682},{"id":112562,"n":"Radis ronds bio Bio Village - 250g","p":1.49,"u":"5,96 €/KG","img":"https://fd2-photos.leclercdrive.fr/image.ashx?id=3015156&use=l&cat=p&typeid=i","cat":284352},{"id":112583,"n":"Biscuits Milka Chocolat au lait - 150g","p":1.59,"u":"10,60 €/KG","img":"https://fd2-photos.leclercdrive.fr/image.ashx?id=2347326&use=l&cat=p&typeid=i","cat":284488},{"id":112599,"n":"Sachets Chats Ultima Nature Poissons - 12x85g","p":8.43,"u":"8,26 €/KG","img":"https://fd2-photos.leclercdrive.fr/image.ashx?id=2338648&use=l&cat=p&typeid=i","cat":285286},{"id":112621,"n":"Riz au lait La Laitière Vanille - 4x115g","p":1.58,"u":"3,43 €/KG","img":"https://fd2-photos.leclercdrive.fr/image.ashx?id=2661151&use=l&cat=p&typeid=i","cat":284418},{"id":112623,"n":"Riz au lait La Laitière Vanille - 8x115g","p":2.98,"u":"3,24 €/KG","img":"https://fd2-photos.leclercdrive.fr/image.ashx?id=2610783&use=l&cat=p&typeid=i","cat":284418},{"id":112624,"n":"Semoule au lait La Laitière Vanille - 4x115g","p":1.61,"u":"3,50 €/KG","img":"https://fd2-photos.leclercdrive.fr/image.ashx?id=2654578&use=l&cat=p&typeid=i","cat":284418},{"id":112662,"n":"Vin mousseux Charles Volner Soirée blanche - 75cl","p":4.9,"pp":3.23,"u":"4,31 €/L","img":"https://fd2-photos.leclercdrive.fr/image.ashx?id=1727814&use=l&cat=p&typeid=i","cat":284544},{"id":112694,"n":"Foie gras canard IGP Sud-Ouest Label Rouge Lobe NRT - 200g","p":19.99,"u":"99,95 €/KG","img":"https://fd2-photos.leclercdrive.fr/image.ashx?id=1759903&use=l&cat=p&typeid=i","cat":316008},{"id":112695,"n":"Gianduiotti chocolat Novi 160g","p":4.54,"u":"28,38 €/KG","img":"https://fd2-photos.leclercdrive.fr/image.ashx?id=2615155&use=l&cat=p&typeid=i","cat":327595},{"id":112696,"n":"Tournedos magret du Périgord Coeur de foie gras NRT - 280g","p":9.99,"u":"35,68 €/KG","img":"https://fd2-photos.leclercdrive.fr/image.ashx?id=2988966&use=l&cat=p&typeid=i","cat":284339},{"id":112699,"n":"yaourt bifidus activia muesli framboise chia - 170g","p":1.9,"u":"11,18 €/KG","img":"https://fd2-photos.leclercdrive.fr/image.ashx?id=2965888&use=l&cat=p&typeid=i","cat":315000},{"id":112761,"n":"Kid Smile McCain 850g","p":2.6,"u":"3,06 €/KG","img":"https://fd2-photos.leclercdrive.fr/image.ashx?id=2745802&use=l&cat=p&typeid=i","cat":319792},{"id":112764,"n":"Potatoes aux herbes McCain Country Potatoes - 780g","p":2.69,"u":"3,45 €/KG","img":"https://fd2-photos.leclercdrive.fr/image.ashx?id=2973342&use=l&cat=p&typeid=i","cat":319791},{"id":112806,"n":"Soupe Liquide Liebig  10 Légumes & Crème fraiche - 1L","p":2.3,"u":"2,30 €/L","img":"https://fd2-photos.leclercdrive.fr/image.ashx?id=2941484&use=l&cat=p&typeid=i","cat":284462},{"id":112807,"n":"Soupe liquide Liebig  Légumes et vermicelles - 2x30cl","p":1.88,"u":"3,13 €/L","img":"https://fd2-photos.leclercdrive.fr/image.ashx?id=2164075&use=l&cat=p&typeid=i","cat":284462},{"id":112808,"n":"Soupe liquide Liebig légumes Et vermicelles - Brique 1L","p":2.06,"u":"2,06 €/L","img":"https://fd2-photos.leclercdrive.fr/image.ashx?id=2892142&use=l&cat=p&typeid=i","cat":284462},{"id":112811,"n":"Gel Lave-Vaisselle Sun Tout-en-1 Citron 52 Lavages","p":7.9,"u":"8,78 €/L","img":"https://fd2-photos.leclercdrive.fr/image.ashx?id=2356268&use=l&cat=p&typeid=i","cat":284656},{"id":112971,"n":"Purée de pommes Charles & Alice Pomme Cerises - 6x97g","p":1.5,"u":"2,58 €/KG","img":"https://fd2-photos.leclercdrive.fr/image.ashx?id=2187514&use=l&cat=p&typeid=i","cat":284508},{"id":113057,"n":"IGP Pays d'Oc Merlot vin rouge Vieux Carion - BIB 5L","p":11.99,"u":"2,40 €/L","img":"https://fd2-photos.leclercdrive.fr/image.ashx?id=2930379&use=l&cat=p&typeid=i","cat":289560},{"id":113108,"n":"Tartine Grilletine de Pasquier Froment - x18 - 242g","p":1.59,"u":"6,57 €/KG","img":"https://fd2-photos.leclercdrive.fr/image.ashx?id=2333060&use=l&cat=p&typeid=i","cat":284479},{"id":113110,"n":"Tartine Grilletine de Pasquier Blé complet - x18 - 242g","p":1.49,"u":"6,16 €/KG","img":"https://fd2-photos.leclercdrive.fr/image.ashx?id=2333063&use=l&cat=p&typeid=i","cat":284479},{"id":113287,"n":"Bière Ambree Jenlain 6x25cl","p":5.5,"u":"3,67 €/L","img":"https://fd2-photos.leclercdrive.fr/image.ashx?id=2504677&use=l&cat=p&typeid=i","cat":334852},{"id":113352,"n":"Serviettes Discreet Tena Lady Megapack - Normal - x30","p":6.94,"u":"0,23 €/P","img":"https://fd2-photos.leclercdrive.fr/image.ashx?id=2975440&use=l&cat=p&typeid=i","cat":284628},{"id":113360,"n":"Méga-fête surprise Haribo Halloween - 800g","p":5.57,"u":"6,96 €/KG","img":"https://fd2-photos.leclercdrive.fr/image.ashx?id=2819322&use=l&cat=p&typeid=i","cat":304250},{"id":113519,"n":"AOC Montagny premier cru La burgondie - 75cl","p":14.16,"u":"18,88 €/L","img":"https://fd2-photos.leclercdrive.fr/image.ashx?id=1734016&use=l&cat=p&typeid=i","cat":289557},{"id":113629,"n":"Absorbeur Aero 360 Rubson Salle de bain - 1 pièce","p":18.9,"img":"https://fd2-photos.leclercdrive.fr/image.ashx?id=2841271&use=l&cat=p&typeid=i","cat":300576},{"id":113680,"n":"Brioche tressée Nature Harrys Sucre perlé sans additif - 500g","p":2.65,"u":"5,30 €/KG","img":"https://fd2-photos.leclercdrive.fr/image.ashx?id=2503013&use=l&cat=p&typeid=i","cat":284478},{"id":113685,"n":"Bûche glacée L'Angelys Vanille  Caramel beurre salé - 500g","p":8.97,"u":"17,94 €/KG","img":"https://fd2-photos.leclercdrive.fr/image.ashx?id=2950435&use=l&cat=p&typeid=i","cat":284266},{"id":113743,"n":"Tenders Maître Coq Filet de poulet crusty - 380g","p":5.97,"u":"15,71 €/KG","img":"https://fd2-photos.leclercdrive.fr/image.ashx?id=2773412&use=l&cat=p&typeid=i","cat":333684},{"id":113754,"n":"Crème fraîche Yoplait Légère -12% matière grasse 450g","p":1.44,"u":"3,20 €/KG","img":"https://fd2-photos.leclercdrive.fr/image.ashx?id=2811032&use=l&cat=p&typeid=i","cat":284381},{"id":113756,"n":"Fromage blanc Calin Nature - 3,2%MG - 1kg","p":2.78,"u":"2,78 €/KG","img":"https://fd2-photos.leclercdrive.fr/image.ashx?id=2973727&use=l&cat=p&typeid=i","cat":284409},{"id":113790,"n":"Assiette 12 mois Bio Village Spaghetti bolognaise bio - 230g","p":1.59,"u":"6,91 €/KG","img":"https://fd2-photos.leclercdrive.fr/image.ashx?id=2900238&use=l&cat=p&typeid=i","cat":312237},{"id":113793,"n":"Assiette bio Bio Village Carotte boeuf pdt 15mois 250g","p":1.85,"u":"7,40 €/KG","img":"https://fd2-photos.leclercdrive.fr/image.ashx?id=2900241&use=l&cat=p&typeid=i","cat":312238},{"id":113806,"n":"Omelette norvégienne L'Angelys Vanille - 360g","p":11.99,"u":"33,31 €/KG","img":"https://fd2-photos.leclercdrive.fr/image.ashx?id=2921987&use=l&cat=p&typeid=i","cat":284266},{"id":113808,"n":"Crème dessert La Laitière Pot de crème vanille - 4x100g","p":2.18,"u":"5,45 €/KG","img":"https://fd2-photos.leclercdrive.fr/image.ashx?id=2875969&use=l&cat=p&typeid=i","cat":285041},{"id":113811,"n":"Crème dessert La Laitière Pot de crème chocolat - 4x100g","p":2.18,"u":"5,45 €/KG","img":"https://fd2-photos.leclercdrive.fr/image.ashx?id=2875966&use=l&cat=p&typeid=i","cat":285041},{"id":113813,"n":"Crème dessert La Laitière Pot de crème café - 4x100g","p":2.43,"u":"6,08 €/KG","img":"https://fd2-photos.leclercdrive.fr/image.ashx?id=2875963&use=l&cat=p&typeid=i","cat":285041},{"id":113839,"n":"AOC Coteaux Varois en Provence Rosé Bio Terres Ocrées - 75cl","p":4.99,"u":"6,65 €/L","img":"https://fd2-photos.leclercdrive.fr/image.ashx?id=2877490&use=l&cat=p&typeid=i","cat":289558},{"id":113858,"n":"Yaourt à la grecque YAOS Nature - 8x125g","p":3.13,"u":"3,13 €/KG","img":"https://fd2-photos.leclercdrive.fr/image.ashx?id=2418462&use=l&cat=p&typeid=i","cat":314999},{"id":113870,"n":"Lait hydratant Vichy Autobronzant - 100ml","p":12.7,"u":"127,00 €/L","img":"https://fd2-photos.leclercdrive.fr/image.ashx?id=1971449&use=l&cat=p&typeid=i","cat":290395},{"id":113902,"n":"Gel lavant quotidien Hydralin Hypoallergénique - 2x400ml","p":14.99,"u":"18,74 €/L","img":"https://fd2-photos.leclercdrive.fr/image.ashx?id=2905426&use=l&cat=p&typeid=i","cat":301348},{"id":113910,"n":"Euphytose nuit Bayer x30","p":9.78,"u":"0,33 €/P","img":"https://fd2-photos.leclercdrive.fr/image.ashx?id=1975676&use=l&cat=p&typeid=i","cat":301265},{"id":113913,"n":"Eau micellaire douceur Jonzac Nettoyante bébé bio - 500ml","p":7.9,"u":"15,80 €/L","img":"https://fd2-photos.leclercdrive.fr/image.ashx?id=2461033&use=l&cat=p&typeid=i","cat":290425},{"id":113929,"n":"Soin anti-âge Normaderm Vichy 50ml","p":16.0,"u":"320,00 €/L","img":"https://fd2-photos.leclercdrive.fr/image.ashx?id=1950329&use=l&cat=p&typeid=i","cat":291168},{"id":113930,"n":"Déodorant bille 48h Vichy Anti-transpirant - 2x50ml","p":12.53,"u":"125,30 €/L","img":"https://fd2-photos.leclercdrive.fr/image.ashx?id=1971470&use=l&cat=p&typeid=i","cat":301593},{"id":113945,"n":"Déodorant Vichy Homme Vaporisateur Fraîcheur -2x100ml","p":12.53,"u":"62,65 €/L","img":"https://fd2-photos.leclercdrive.fr/image.ashx?id=2277557&use=l&cat=p&typeid=i","cat":301593},{"id":113947,"n":"Déodorant anti-traces Vichy Anti-transpirant bille - 2x50ml","p":12.53,"u":"125,30 €/L","img":"https://fd2-photos.leclercdrive.fr/image.ashx?id=1886058&use=l&cat=p&typeid=i","cat":301593},{"id":113980,"n":"Café dosettes Tassimo Grand-mère - Expresso x16","p":4.29,"u":"41,25 €/KG","img":"https://fd2-photos.leclercdrive.fr/image.ashx?id=1749617&use=l&cat=p&typeid=i","cat":293240},{"id":113990,"n":"Shampooing quotidien Pouxdoux Bio Puressentiel - 200ml","p":6.89,"u":"34,45 €/L","img":"https://fd2-photos.leclercdrive.fr/image.ashx?id=2988514&use=l&cat=p&typeid=i","cat":301248},{"id":113991,"n":"Répulsif poux Puressentiel Spray - 200ml","p":15.11,"u":"75,55 €/L","img":"https://fd2-photos.leclercdrive.fr/image.ashx?id=2057035&use=l&cat=p&typeid=i","cat":301248},{"id":113998,"n":"Girasoli Lustucru Selection  Ricotta Epinard - 250g","p":2.45,"u":"9,80 €/KG","img":"https://fd2-photos.leclercdrive.fr/image.ashx?id=2974351&use=l&cat=p&typeid=i","cat":333682},{"id":114023,"n":"Thon au naturel Petit Navire Démarche Responsable - 280g","p":4.37,"u":"15,61 €/KG","img":"https://fd2-photos.leclercdrive.fr/image.ashx?id=2909974&use=l&cat=p&typeid=i","cat":303867},{"id":114047,"n":"Plat bébé soir Blédichef 12mois Macaroni courgette - 2x230g","p":3.52,"u":"7,65 €/KG","img":"https://fd2-photos.leclercdrive.fr/image.ashx?id=2560690&use=l&cat=p&typeid=i","cat":312239},{"id":114096,"n":"Culotte Chorys Taille XL - x10","p":10.31,"u":"1,03 €/P","img":"https://fd2-photos.leclercdrive.fr/image.ashx?id=2160417&use=l&cat=p&typeid=i","cat":284628},{"id":114098,"n":"Lingettes Pampers Freshclean - 3x52","p":6.36,"u":"0,04 €/P","img":"https://fd2-photos.leclercdrive.fr/image.ashx?id=2964066&use=l&cat=p&typeid=i","cat":284738},{"id":114102,"n":"Change culottes Mots d'enfants T5 : 12/18kg - x40","p":9.75,"u":"0,24 €/P","img":"https://fd2-photos.leclercdrive.fr/image.ashx?id=2907237&use=l&cat=p&typeid=i","cat":290633},{"id":114103,"n":"Change culottes Mots d'enfants T6 : +16kg - x36","p":9.75,"u":"0,27 €/P","img":"https://fd2-photos.leclercdrive.fr/image.ashx?id=2907240&use=l&cat=p&typeid=i","cat":290633},{"id":114152,"n":"Pâtes bio Jardin Bio Bon tuyaux semi-complets - 500g","p":1.87,"u":"3,74 €/KG","img":"https://fd2-photos.leclercdrive.fr/image.ashx?id=2963190&use=l&cat=p&typeid=i","cat":284427},{"id":114170,"n":"Père Noël Milka Noisettes - 95g","p":3.69,"u":"38,84 €/KG","img":"https://fd2-photos.leclercdrive.fr/image.ashx?id=2881503&use=l&cat=p&typeid=i","cat":327592},{"id":114242,"n":"Taboulé Oriental Pierre Martinet - 510g","p":2.03,"u":"3,98 €/KG","img":"https://fd2-photos.leclercdrive.fr/image.ashx?id=2684491&use=l&cat=p&typeid=i","cat":333657},{"id":114337,"n":"AOP Muscadet Sèvres et Maine Domaine Salmon - 75cl","p":5.5,"u":"7,33 €/L","img":"https://fd2-photos.leclercdrive.fr/image.ashx?id=2689010&use=l&cat=p&typeid=i","cat":289557},{"id":114356,"n":"AOC Crémant de Loire Ladubay Blanc Demi-Sec 12.5%vol - 75cl","p":5.84,"u":"7,79 €/L","img":"https://fd2-photos.leclercdrive.fr/image.ashx?id=2246650&use=l&cat=p&typeid=i","cat":284545},{"id":114406,"n":"Taboulé Pierre Martinet Oriental à l'huile d'olive 310g","p":1.35,"u":"4,35 €/KG","img":"https://fd2-photos.leclercdrive.fr/image.ashx?id=2432241&use=l&cat=p&typeid=i","cat":333657},{"id":114522,"n":"Bière blonde Leffe Triple 8,5% - 12x25cl","p":10.67,"u":"3,56 €/L","img":"https://fd2-photos.leclercdrive.fr/image.ashx?id=2548294&use=l&cat=p&typeid=i","cat":334852},{"id":114570,"n":"Traîneau chocolat oeuf Kinder Bleu - 75g","p":3.46,"u":"46,13 €/KG","img":"https://fd2-photos.leclercdrive.fr/image.ashx?id=2417549&use=l&cat=p&typeid=i","cat":327592},{"id":114652,"n":"Mouchoirs blanc 2 plis Caresse Boîte mouchoirs papier - x180","p":1.69,"u":"0,01 €/P","img":"https://fd2-photos.leclercdrive.fr/image.ashx?id=2752640&use=l&cat=p&typeid=i","cat":284638},{"id":114784,"n":"Comté fromage bloc Les Croisés 350g","p":4.75,"u":"13,57 €/KG","img":"https://fd2-photos.leclercdrive.fr/image.ashx?id=1749677&use=l&cat=p&typeid=i","cat":314034},{"id":114825,"n":"Mini Fondentenero Novi 160g","p":4.49,"u":"28,06 €/KG","img":"https://fd2-photos.leclercdrive.fr/image.ashx?id=2615149&use=l&cat=p&typeid=i","cat":327595},{"id":114890,"n":"Fromage Comté NRT AOP 15 mois 200g","p":4.44,"u":"22,20 €/KG","img":"https://fd2-photos.leclercdrive.fr/image.ashx?id=2272030&use=l&cat=p&typeid=i","cat":314034},{"id":115016,"n":"Protège slip Chorys Ultra mini discret - x28","p":1.57,"u":"0,06 €/P","img":"https://fd2-photos.leclercdrive.fr/image.ashx?id=2003029&use=l&cat=p&typeid=i","cat":284625},{"id":115113,"n":"Tirlibibi Haribo Boîte bonbons - 750g","p":4.39,"u":"5,85 €/KG","img":"https://fd2-photos.leclercdrive.fr/image.ashx?id=2806922&use=l&cat=p&typeid=i","cat":304250},{"id":115114,"n":"Polka Haribo Sachet bonbons - 300g","p":1.33,"u":"4,43 €/KG","img":"https://fd2-photos.leclercdrive.fr/image.ashx?id=2982414&use=l&cat=p&typeid=i","cat":304250},{"id":115115,"n":"Les Schtroumpfs Haribo Sachet bonbons - 300g","p":1.42,"u":"4,73 €/KG","img":"https://fd2-photos.leclercdrive.fr/image.ashx?id=2788475&use=l&cat=p&typeid=i","cat":304250},{"id":115116,"n":"Chamallows Haribo Guimauves   - 300g","p":1.41,"u":"4,70 €/KG","img":"https://fd2-photos.leclercdrive.fr/image.ashx?id=2984937&use=l&cat=p&typeid=i","cat":304250},{"id":115252,"n":"Soin yeux La Provençale Bio  Anti-Âge Hydratant - 15ml","p":10.3,"u":"686,67 €/L","img":"https://fd2-photos.leclercdrive.fr/image.ashx?id=3014560&use=l&cat=p&typeid=i","cat":325345},{"id":115274,"n":"Masque tissu Inell Coup d'éclat - 1 pièce","p":1.82,"img":"https://fd2-photos.leclercdrive.fr/image.ashx?id=2691691&use=l&cat=p&typeid=i","cat":325346},{"id":115276,"n":"Crèmes main Inell Anti-taches - 75ml","p":2.99,"u":"39,87 €/L","img":"https://fd2-photos.leclercdrive.fr/image.ashx?id=2498949&use=l&cat=p&typeid=i","cat":325354},{"id":115278,"n":"Gressins traditionnels Artesani 300g","p":2.1,"u":"7,00 €/KG","img":"https://fd2-photos.leclercdrive.fr/image.ashx?id=2475852&use=l&cat=p&typeid=i","cat":289010},{"id":115280,"n":"Gressins Florelli Au Sésame Artesani - 300g","p":2.17,"u":"7,23 €/KG","img":"https://fd2-photos.leclercdrive.fr/image.ashx?id=2475858&use=l&cat=p&typeid=i","cat":289010},{"id":115321,"n":"Capsules café Plantation Intense n°10 - x10 - 52g","p":2.19,"u":"42,12 €/KG","img":"https://fd2-photos.leclercdrive.fr/image.ashx?id=2908855&use=l&cat=p&typeid=i","cat":284749},{"id":115323,"n":"Capsules café Plantation Subtil n°5 - x10 - 52g","p":2.25,"u":"43,27 €/KG","img":"https://fd2-photos.leclercdrive.fr/image.ashx?id=2943106&use=l&cat=p&typeid=i","cat":284749},{"id":115326,"n":"Capsules café Plantation Lungo Délicat n°4 - x10 - 52g","p":2.35,"u":"45,19 €/KG","img":"https://fd2-photos.leclercdrive.fr/image.ashx?id=2418113&use=l&cat=p&typeid=i","cat":284749},{"id":115328,"n":"Capsules café Plantation  Ristretto n°12 - x10 - 52g","p":2.24,"u":"43,08 €/KG","img":"https://fd2-photos.leclercdrive.fr/image.ashx?id=2418116&use=l&cat=p&typeid=i","cat":284749},{"id":115345,"n":"Capsules café Plantation Café vanille n°6 - x10 - 52g","p":2.39,"u":"45,96 €/KG","img":"https://fd2-photos.leclercdrive.fr/image.ashx?id=2918475&use=l&cat=p&typeid=i","cat":284749},{"id":115348,"n":"Capsules café Plantation Noisette n°7 - x10 - 52g","p":2.39,"u":"45,96 €/KG","img":"https://fd2-photos.leclercdrive.fr/image.ashx?id=2908858&use=l&cat=p&typeid=i","cat":284749},{"id":115349,"n":"Capsules café Plantation Intense n°10 - x30 - 156g","p":5.19,"u":"33,27 €/KG","img":"https://fd2-photos.leclercdrive.fr/image.ashx?id=2865095&use=l&cat=p&typeid=i","cat":284749},{"id":115350,"n":"Capsules café Plantation Equilibré N°6 - x30 - 156g","p":5.19,"u":"33,27 €/KG","img":"https://fd2-photos.leclercdrive.fr/image.ashx?id=2852249&use=l&cat=p&typeid=i","cat":284749},{"id":115354,"n":"Morilles Borde bocal 150g","p":14.99,"pp":9.89,"u":"65,93 €/KG","img":"https://fd2-photos.leclercdrive.fr/image.ashx?id=2731093&use=l&cat=p&typeid=i","cat":312610},{"id":115359,"n":"Pancakes Nature Epi d'Or x18 - 360g","p":1.69,"u":"4,69 €/KG","img":"https://fd2-photos.leclercdrive.fr/image.ashx?id=2860763&use=l&cat=p&typeid=i","cat":284495},{"id":115363,"n":"Lait bébé en poudre Blédilait 1er âge 0-6 mois 900g","p":14.85,"u":"16,50 €/KG","img":"https://fd2-photos.leclercdrive.fr/image.ashx?id=2855052&use=l&cat=p&typeid=i","cat":284726},{"id":115364,"n":"Lait bébé en poudre Blédilait 2e âge 6-12 mois 900g","p":13.39,"u":"14,88 €/KG","img":"https://fd2-photos.leclercdrive.fr/image.ashx?id=2616853&use=l&cat=p&typeid=i","cat":284727},{"id":115455,"n":"Bougies d'anniversaire Vahiné Bleues - blister de 16 bougies","p":1.35,"u":"0,08 €/P","img":"https://fd2-photos.leclercdrive.fr/image.ashx?id=1584569&use=l&cat=p&typeid=i","cat":284504},{"id":115457,"n":"Frites de Patate Douce McCain 500g","p":4.44,"u":"8,88 €/KG","img":"https://fd2-photos.leclercdrive.fr/image.ashx?id=2840632&use=l&cat=p&typeid=i","cat":319791},{"id":115463,"n":"Litière chats Tranquille Carbonite - 7.1kg","p":6.05,"u":"0,85 €/KG","img":"https://fd2-photos.leclercdrive.fr/image.ashx?id=2421871&use=l&cat=p&typeid=i","cat":284683},{"id":115488,"n":"Bière blonde 1664 5,5° - 12x25cl","p":7.55,"u":"2,52 €/L","img":"https://fd2-photos.leclercdrive.fr/image.ashx?id=2215566&use=l&cat=p&typeid=i","cat":334873},{"id":115492,"n":"Bière blonde 1664 5,5° - 6x25cl","p":4.14,"u":"2,76 €/L","img":"https://fd2-photos.leclercdrive.fr/image.ashx?id=2215572&use=l&cat=p&typeid=i","cat":334873},{"id":115526,"n":"Serviette incontinence Chorys Maxi nuit - x12","p":3.99,"u":"0,33 €/P","img":"https://fd2-photos.leclercdrive.fr/image.ashx?id=2586028&use=l&cat=p&typeid=i","cat":284628},{"id":115528,"n":"Alcool 90° Primoplast 100ml","p":2.19,"u":"21,90 €/L","img":"https://fd2-photos.leclercdrive.fr/image.ashx?id=1761546&use=l&cat=p&typeid=i","cat":284630},{"id":115771,"n":"Lait bébé en poudre Gallia Calisma 2e âge 6-12mois 2x600g","p":20.15,"u":"16,79 €/KG","img":"https://fd2-photos.leclercdrive.fr/image.ashx?id=2935750&use=l&cat=p&typeid=i","cat":284727},{"id":115772,"n":"Pâte à tartiner Bio Village Aux noisette bio - 600g","p":4.16,"u":"6,93 €/KG","img":"https://fd2-photos.leclercdrive.fr/image.ashx?id=2977201&use=l&cat=p&typeid=i","cat":284481},{"id":115821,"n":"Confiture mirabelle Bonne Maman Intense - 335g","p":2.37,"u":"7,07 €/KG","img":"https://fd2-photos.leclercdrive.fr/image.ashx?id=2341026&use=l&cat=p&typeid=i","cat":284480},{"id":115850,"n":"Compote Charles & Alice Pommes Passion - 4x97g","p":1.77,"u":"4,56 €/KG","img":"https://fd2-photos.leclercdrive.fr/image.ashx?id=2757692&use=l&cat=p&typeid=i","cat":284416},{"id":115910,"n":"Yaourt brassé Perle de Lait Vanille - 8x125g","p":3.06,"u":"3,06 €/KG","img":"https://fd2-photos.leclercdrive.fr/image.ashx?id=2990568&use=l&cat=p&typeid=i","cat":314999},{"id":115958,"n":"Poelée de cèpes Magda Au beurre persillé - 300g","p":3.98,"pp":2.63,"u":"8,77 €/KG","img":"https://fd2-photos.leclercdrive.fr/image.ashx?id=2790015&use=l&cat=p&typeid=i","cat":319823},{"id":115970,"n":"Girolles à la crème Magda 300g","p":3.98,"pp":2.63,"u":"8,77 €/KG","img":"https://fd2-photos.leclercdrive.fr/image.ashx?id=2411117&use=l&cat=p&typeid=i","cat":319805},{"id":115986,"n":"Pain surprise de campagne Côté Table x32 - 460g","p":8.5,"u":"18,48 €/KG","img":"https://fd2-photos.leclercdrive.fr/image.ashx?id=2776466&use=l&cat=p&typeid=i","cat":319774},{"id":115989,"n":"Pain Surprise Suédois  x32 - 360g","p":7.11,"u":"19,75 €/KG","img":"https://fd2-photos.leclercdrive.fr/image.ashx?id=2598710&use=l&cat=p&typeid=i","cat":319774},{"id":116002,"n":"Porto Cruz Blanc - 18%vol - 75cl","p":7.38,"u":"9,84 €/L","img":"https://fd2-photos.leclercdrive.fr/image.ashx?id=2535822&use=l&cat=p&typeid=i","cat":284913},{"id":116010,"n":"Biscotte Pasquier Blé sans sucre ajoutés - 300g","p":1.78,"u":"5,93 €/KG","img":"https://fd2-photos.leclercdrive.fr/image.ashx?id=2507952&use=l&cat=p&typeid=i","cat":284479},{"id":116114,"n":"Shampooing douche Petit Manava Pêche banane - 250ml","p":1.35,"u":"5,40 €/L","img":"https://fd2-photos.leclercdrive.fr/image.ashx?id=2440458&use=l&cat=p&typeid=i","cat":284606},{"id":116199,"n":"Vin blanc pétillant Roche Mazet Brut Chardonnay - 75cl","p":4.5,"pp":2.97,"u":"3,96 €/L","img":"https://fd2-photos.leclercdrive.fr/image.ashx?id=2475615&use=l&cat=p&typeid=i","cat":284544},{"id":116222,"n":"IGP Pays d'Oc rosé Roche Mazet Syrah - 75cl","p":4.5,"pp":2.97,"u":"3,96 €/L","img":"https://fd2-photos.leclercdrive.fr/image.ashx?id=2475612&use=l&cat=p&typeid=i","cat":289558},{"id":116224,"n":"Porto Tawny Cruz 18%vol - 75cl","p":7.38,"u":"9,84 €/L","img":"https://fd2-photos.leclercdrive.fr/image.ashx?id=2536373&use=l&cat=p&typeid=i","cat":284913},{"id":116227,"n":"Pétillant Muscat Roche Mazet Demi-sec blanc - 75cl","p":4.5,"pp":2.97,"u":"3,96 €/L","img":"https://fd2-photos.leclercdrive.fr/image.ashx?id=2475618&use=l&cat=p&typeid=i","cat":284544},{"id":116236,"n":"Crème Cicalfate+ Avène Réparatrice protectrice - 100ml","p":11.99,"u":"119,90 €/L","img":"https://fd2-photos.leclercdrive.fr/image.ashx?id=2895843&use=l&cat=p&typeid=i","cat":290421},{"id":116239,"n":"Crème Cicalfate+ Avène Réparatrice protectrice - 40ml","p":7.6,"u":"190,00 €/L","img":"https://fd2-photos.leclercdrive.fr/image.ashx?id=2895229&use=l&cat=p&typeid=i","cat":290421},{"id":116240,"n":"Lait bébé liquide Blédilait croissance 1-3 ans 6x1L","p":12.59,"u":"2,10 €/L","img":"https://fd2-photos.leclercdrive.fr/image.ashx?id=2685799&use=l&cat=p&typeid=i","cat":284728},{"id":116321,"n":"Soupe liquide Liebig tomates  Et vermicelles - Brique 1L","p":2.06,"u":"2,06 €/L","img":"https://fd2-photos.leclercdrive.fr/image.ashx?id=2941481&use=l&cat=p&typeid=i","cat":284462},{"id":116387,"n":"Pâte à tartiner Poulain  Cacao noisette - 400g","p":2.97,"u":"7,43 €/KG","img":"https://fd2-photos.leclercdrive.fr/image.ashx?id=2806354&use=l&cat=p&typeid=i","cat":284481},{"id":116431,"n":"Parmentier de boeuf Charolais Fleury Michon - 300g","p":2.99,"u":"9,97 €/KG","img":"https://fd2-photos.leclercdrive.fr/image.ashx?id=2662346&use=l&cat=p&typeid=i","cat":333665},{"id":116432,"n":"Parmentier de saumon Fleury Michon - 300g","p":2.96,"u":"9,87 €/KG","img":"https://fd2-photos.leclercdrive.fr/image.ashx?id=2662349&use=l&cat=p&typeid=i","cat":333665},{"id":116434,"n":"Tartiflette Fleury Michon au reblochon AOP - 300g","p":4.26,"u":"14,20 €/KG","img":"https://fd2-photos.leclercdrive.fr/image.ashx?id=2277221&use=l&cat=p&typeid=i","cat":333665},{"id":116448,"n":"Huile lavante Dexyane Ducray 400ml","p":9.9,"u":"24,75 €/L","img":"https://fd2-photos.leclercdrive.fr/image.ashx?id=2338952&use=l&cat=p&typeid=i","cat":301591},{"id":116458,"n":"Crème émolliente Dexyane Ducray Anti-grattage - 200ml","p":13.8,"u":"69,00 €/L","img":"https://fd2-photos.leclercdrive.fr/image.ashx?id=2415984&use=l&cat=p&typeid=i","cat":290421},{"id":116493,"n":"Soin Effaclar La Roche Posay Duo  SPF30 - 40ml","p":14.98,"u":"374,50 €/L","img":"https://fd2-photos.leclercdrive.fr/image.ashx?id=2087002&use=l&cat=p&typeid=i","cat":291166},{"id":116520,"n":"Crème émolliente Ictyane Ducray Nutritive visage/corps - 200ml","p":10.4,"u":"52,00 €/L","img":"https://fd2-photos.leclercdrive.fr/image.ashx?id=2968883&use=l&cat=p&typeid=i","cat":290421},{"id":116521,"n":"Lait hydratant Ictyane Ducray Corps - 400ml","p":17.19,"u":"42,98 €/L","img":"https://fd2-photos.leclercdrive.fr/image.ashx?id=2756284&use=l&cat=p&typeid=i","cat":290421},{"id":116523,"n":"Crème hydratante teintée Avène Hydrance BB Riche SPF30 - 40ml","p":16.49,"u":"412,25 €/L","img":"https://fd2-photos.leclercdrive.fr/image.ashx?id=2968271&use=l&cat=p&typeid=i","cat":291171},{"id":116528,"n":"Soin puissant Liftactiv Vichy Re-tenseur anti-rides yeux-15ml","p":19.99,"img":"https://fd2-photos.leclercdrive.fr/image.ashx?id=1975619&use=l&cat=p&typeid=i","cat":291172},{"id":116532,"n":"Soin concentré La Roche-Posay Hydraphase intense yeux - 15ml","p":12.49,"u":"832,67 €/L","img":"https://fd2-photos.leclercdrive.fr/image.ashx?id=2086975&use=l&cat=p&typeid=i","cat":291172},{"id":116552,"n":"Soin hydratant quotidien Vichy Minéral 89 - 50ml","p":19.78,"u":"395,60 €/L","img":"https://fd2-photos.leclercdrive.fr/image.ashx?id=1975625&use=l&cat=p&typeid=i","cat":291171},{"id":116553,"n":"Soin rénovation La Roche-Posay Effaclar K  Peaux grasses -40ml","p":14.89,"u":"372,25 €/L","img":"https://fd2-photos.leclercdrive.fr/image.ashx?id=2165140&use=l&cat=p&typeid=i","cat":291166},{"id":116557,"n":"Mouche bébé Prohinel  x2 embouts jetables","p":8.72,"img":"https://fd2-photos.leclercdrive.fr/image.ashx?id=2918817&use=l&cat=p&typeid=i","cat":289435},{"id":116561,"n":"Déodorant bille Vichy Anti-transpirant 48H - 2x50ml","p":12.53,"u":"125,30 €/L","img":"https://fd2-photos.leclercdrive.fr/image.ashx?id=2352795&use=l&cat=p&typeid=i","cat":301593},{"id":116583,"n":"Pâte a tartiner Bio Village Aux noisettes bio - 350g","p":2.45,"u":"7,00 €/KG","img":"https://fd2-photos.leclercdrive.fr/image.ashx?id=2977198&use=l&cat=p&typeid=i","cat":284481},{"id":116607,"n":"Gourmandises de volaille  Maître Coq - Marrons - 380g","p":6.9,"u":"18,16 €/KG","img":"https://fd2-photos.leclercdrive.fr/image.ashx?id=2962494&use=l&cat=p&typeid=i","cat":327289},{"id":116967,"n":"Carottes filière  Panier du Primeur - 1kg","p":1.49,"u":"1,49 €/KG","img":"https://fd2-photos.leclercdrive.fr/image.ashx?id=2920229&use=l&cat=p&typeid=i","cat":284352},{"id":116985,"n":"Parmesan Râpé Giovanni Ferrari  22 mois AOP - 60g","p":1.65,"u":"27,50 €/KG","img":"https://fd2-photos.leclercdrive.fr/image.ashx?id=3002297&use=l&cat=p&typeid=i","cat":314035},{"id":117222,"n":"Lotion eau précieuse Pureté de la peau - 2x375ml","p":18.0,"u":"24,00 €/L","img":"https://fd2-photos.leclercdrive.fr/image.ashx?id=2057254&use=l&cat=p&typeid=i","cat":301587},{"id":117225,"n":"Sirop Moulin de Valdonne Grenadine - 70cl","p":3.06,"u":"4,37 €/L","img":"https://fd2-photos.leclercdrive.fr/image.ashx?id=2170610&use=l&cat=p&typeid=i","cat":295020},{"id":117226,"n":"Chocolat noir Lindt Sensation crispy céréales 140g","p":2.66,"u":"19,00 €/KG","img":"https://fd2-photos.leclercdrive.fr/image.ashx?id=2208915&use=l&cat=p&typeid=i","cat":304238},{"id":117252,"n":"Mouliné Régal Soupe Légumes d'autrefois - 1L","p":1.65,"u":"1,65 €/L","img":"https://fd2-photos.leclercdrive.fr/image.ashx?id=2607590&use=l&cat=p&typeid=i","cat":284462},{"id":117297,"n":"Haricots verts Notre Jardin Sans sel ajouté - 225g","p":0.88,"u":"3,91 €/KG","img":"https://fd2-photos.leclercdrive.fr/image.ashx?id=3002644&use=l&cat=p&typeid=i","cat":312606},{"id":117307,"n":"Crevettes cuites Bio Equateur L'Atelier Poissonnerie - 300g","p":5.0,"u":"16,67 €/KG","img":"https://fd2-photos.leclercdrive.fr/image.ashx?id=2652098&use=l&cat=p&typeid=i","cat":284343},{"id":117330,"n":"Champignon Notre Jardin Emincé Sans sel ajouté - 230g","p":1.18,"u":"5,13 €/KG","img":"https://fd2-photos.leclercdrive.fr/image.ashx?id=1792507&use=l&cat=p&typeid=i","cat":312610},{"id":117404,"n":"La Poêlée Rustique Bonduelle 750g","p":3.48,"u":"4,64 €/KG","img":"https://fd2-photos.leclercdrive.fr/image.ashx?id=2910055&use=l&cat=p&typeid=i","cat":319823},{"id":117407,"n":"Poêlée à la paysanne Bonduelle 750g","p":3.29,"u":"4,39 €/KG","img":"https://fd2-photos.leclercdrive.fr/image.ashx?id=2907911&use=l&cat=p&typeid=i","cat":319823},{"id":117648,"n":"Boulettes végétales Végé - 200g","p":2.59,"u":"12,95 €/KG","img":"https://fd2-photos.leclercdrive.fr/image.ashx?id=2866253&use=l&cat=p&typeid=i","cat":316036},{"id":117668,"n":"Pizza Dolce Sodebo Margherita Tomate Marinées 400g","p":4.47,"u":"11,18 €/KG","img":"https://fd2-photos.leclercdrive.fr/image.ashx?id=2921642&use=l&cat=p&typeid=i","cat":333679},{"id":117705,"n":"Ras El Hanout Ducros Epices couscous - 38g","p":2.33,"u":"61,32 €/KG","img":"https://fd2-photos.leclercdrive.fr/image.ashx?id=2559490&use=l&cat=p&typeid=i","cat":298297},{"id":118027,"n":"Filet de porc cuit Bigard Jus aux fines herbes - 400g","p":5.2,"u":"13,00 €/KG","img":"https://fd2-photos.leclercdrive.fr/image.ashx?id=2208351&use=l&cat=p&typeid=i","cat":284331},{"id":118073,"n":"Jarret de porc  cuit Bigard Jus échalote romarin - 400g","p":4.8,"u":"12,00 €/KG","img":"https://fd2-photos.leclercdrive.fr/image.ashx?id=2014973&use=l&cat=p&typeid=i","cat":284331},{"id":118197,"n":"AOC Crémant de Loire Moncontour 1/2 sec - 75cl","p":6.53,"u":"8,71 €/L","img":"https://fd2-photos.leclercdrive.fr/image.ashx?id=2903527&use=l&cat=p&typeid=i","cat":284545},{"id":118226,"n":"Couronne d'Occitanie NRT Anis -175g","p":1.95,"u":"11,14 €/KG","img":"https://fd2-photos.leclercdrive.fr/image.ashx?id=2622344&use=l&cat=p&typeid=i","cat":284487},{"id":118254,"n":"Foie gras Jean Larnaudie Canard entier Les Exquis 400g","p":40.9,"pp":26.99,"u":"67,48 €/KG","img":"https://fd2-photos.leclercdrive.fr/image.ashx?id=2915775&use=l&cat=p&typeid=i","cat":316008},{"id":118349,"n":"Légumes et céréales Bonduelle Patates douces boulgour 500g","p":3.4,"u":"6,80 €/KG","img":"https://fd2-photos.leclercdrive.fr/image.ashx?id=2876170&use=l&cat=p&typeid=i","cat":319823},{"id":118402,"n":"Pain aux noix tranché 300g","p":1.6,"u":"5,33 €/KG","img":"https://fd2-photos.leclercdrive.fr/image.ashx?id=2062723&use=l&cat=p&typeid=i","cat":284359},{"id":118408,"n":"Lait bébé en poudre Galliagest 1er âge 0-6 mois 820g","p":18.99,"u":"23,16 €/KG","img":"https://fd2-photos.leclercdrive.fr/image.ashx?id=2983054&use=l&cat=p&typeid=i","cat":284726},{"id":118412,"n":"Lait bébé en poudre Galliagest 2 âge 6-12 mois 820g","p":18.64,"u":"22,73 €/KG","img":"https://fd2-photos.leclercdrive.fr/image.ashx?id=2771666&use=l&cat=p&typeid=i","cat":284727},{"id":118414,"n":"Lait bébé en poudre Blédilait 1er âge 0-6 mois 820g","p":15.98,"u":"19,49 €/KG","img":"https://fd2-photos.leclercdrive.fr/image.ashx?id=2500051&use=l&cat=p&typeid=i","cat":284726},{"id":118426,"n":"Lait bébé en poudre Blédilait 2e âge 6-12 mois 820g","p":14.95,"u":"18,23 €/KG","img":"https://fd2-photos.leclercdrive.fr/image.ashx?id=2500054&use=l&cat=p&typeid=i","cat":284727},{"id":118442,"n":"Bonbons Tic Tac Menthe extra fraîche x100 - 49g","p":1.6,"u":"32,65 €/KG","img":"https://fd2-photos.leclercdrive.fr/image.ashx?id=2737243&use=l&cat=p&typeid=i","cat":304256},{"id":118447,"n":"Soupe deshydratée Knorr Tomate mozzarella - 75cl","p":1.18,"u":"1,57 €/L","img":"https://fd2-photos.leclercdrive.fr/image.ashx?id=2788919&use=l&cat=p&typeid=i","cat":284463},{"id":118612,"n":"Crêpes fourrées  Whaou Chocolat au lait  - x8 - 256g","p":2.16,"u":"8,44 €/KG","img":"https://fd2-photos.leclercdrive.fr/image.ashx?id=2960171&use=l&cat=p&typeid=i","cat":284494},{"id":119104,"n":"Chili con carne Paul et Louise 800g","p":3.56,"u":"4,45 €/KG","img":"https://fd2-photos.leclercdrive.fr/image.ashx?id=3008488&use=l&cat=p&typeid=i","cat":325094},{"id":119123,"n":"Barre de céréales Nature Valley Crunchy multi variétés X5-210g","p":2.76,"u":"13,14 €/KG","img":"https://fd2-photos.leclercdrive.fr/image.ashx?id=2616270&use=l&cat=p&typeid=i","cat":285869},{"id":119185,"n":"Bougie vanille Uni Vert 30h - 130g","p":3.99,"u":"30,69 €/KG","img":"https://fd2-photos.leclercdrive.fr/image.ashx?id=2670347&use=l&cat=p&typeid=i","cat":284666},{"id":119262,"n":"Sauce bolognaise Panzani 100% Pur Bœuf - 400G","p":2.06,"u":"5,15 €/KG","img":"https://fd2-photos.leclercdrive.fr/image.ashx?id=2984754&use=l&cat=p&typeid=i","cat":287599},{"id":119264,"n":"Sauce Bolognaise Panzani 100% Pur Bœuf - 650G","p":3.41,"u":"5,25 €/KG","img":"https://fd2-photos.leclercdrive.fr/image.ashx?id=2977933&use=l&cat=p&typeid=i","cat":287599},{"id":119271,"n":"Haricots rouge Notre Jardin 3x125g","p":1.91,"u":"5,09 €/KG","img":"https://fd2-photos.leclercdrive.fr/image.ashx?id=2988111&use=l&cat=p&typeid=i","cat":312606},{"id":119337,"n":"Crème légère jour So Bio Etic Anti-âge argan bio - 50ml","p":8.93,"u":"178,60 €/L","img":"https://fd2-photos.leclercdrive.fr/image.ashx?id=2788730&use=l&cat=p&typeid=i","cat":325345},{"id":119429,"n":"Capsules Café Royal  Espresso Forte - x36 - 190g","p":9.24,"u":"48,63 €/KG","img":"https://fd2-photos.leclercdrive.fr/image.ashx?id=2787818&use=l&cat=p&typeid=i","cat":284749},{"id":119510,"n":"Blancs de poireaux filière Panier du Primeur - 500g","p":2.99,"u":"5,98 €/KG","img":"https://fd2-photos.leclercdrive.fr/image.ashx?id=2930894&use=l&cat=p&typeid=i","cat":284352},{"id":119560,"n":"Compotes Materne Coupelles  Multivariétés Jaunes - 16x100g","p":4.7,"u":"2,94 €/KG","img":"https://fd2-photos.leclercdrive.fr/image.ashx?id=3010846&use=l&cat=p&typeid=i","cat":284508},{"id":119571,"n":"Douceur de Brebis vanille 4x100g - Le Petit Basque","p":2.53,"u":"6,33 €/KG","img":"https://fd2-photos.leclercdrive.fr/image.ashx?id=2248093&use=l&cat=p&typeid=i","cat":314998},{"id":119594,"n":"Endives jeunes pousses  Nos Régions ont du Talent x6","p":2.49,"u":"9,58 €/KG","img":"https://fd2-photos.leclercdrive.fr/image.ashx?id=2778099&use=l&cat=p&typeid=i","cat":284352},{"id":119709,"n":"Fromage Persillée Saint Agur  125g","p":2.39,"u":"19,12 €/KG","img":"https://fd2-photos.leclercdrive.fr/image.ashx?id=2981515&use=l&cat=p&typeid=i","cat":314032},{"id":119767,"n":"Eau micellaire bio Bionaïa 400ml","p":3.73,"u":"9,33 €/L","img":"https://fd2-photos.leclercdrive.fr/image.ashx?id=2376055&use=l&cat=p&typeid=i","cat":284603},{"id":119797,"n":"Comté fromage bloc Les Croisés 200g","p":2.85,"u":"14,25 €/KG","img":"https://fd2-photos.leclercdrive.fr/image.ashx?id=2856585&use=l&cat=p&typeid=i","cat":314034},{"id":119893,"n":"Skyr Nature Délisse 450g","p":1.89,"u":"4,20 €/KG","img":"https://fd2-photos.leclercdrive.fr/image.ashx?id=2992549&use=l&cat=p&typeid=i","cat":315000},{"id":119913,"n":"Yaourt à boire Yop Yoplait Chocolat - 850g","p":1.74,"u":"2,05 €/KG","img":"https://fd2-photos.leclercdrive.fr/image.ashx?id=2855534&use=l&cat=p&typeid=i","cat":295246},{"id":119914,"n":"Lasagnes de thon Maison Briau 850g","p":8.56,"u":"10,07 €/KG","img":"https://fd2-photos.leclercdrive.fr/image.ashx?id=2853224&use=l&cat=p&typeid=i","cat":333666},{"id":119941,"n":"Fromage à Tartiner Tartare Ail et Fines Herbes 10P - 160g","p":2.07,"u":"12,94 €/KG","img":"https://fd2-photos.leclercdrive.fr/image.ashx?id=2867410&use=l&cat=p&typeid=i","cat":314029},{"id":119943,"n":"Soupe 10 légumes Liebig A la crème - x2 - 60cl","p":2.09,"u":"3,48 €/L","img":"https://fd2-photos.leclercdrive.fr/image.ashx?id=2892139&use=l&cat=p&typeid=i","cat":284462},{"id":119956,"n":"Filets de limande du Nord MSC L'Atelier Poissonnerie x2 200g","p":3.39,"u":"16,95 €/KG","img":"https://fd2-photos.leclercdrive.fr/image.ashx?id=2652101&use=l&cat=p&typeid=i","cat":284344},{"id":119957,"n":"Acras de morue Maison Briau A la créole ciboule piment 200g","p":2.5,"u":"12,50 €/KG","img":"https://fd2-photos.leclercdrive.fr/image.ashx?id=2959469&use=l&cat=p&typeid=i","cat":333673},{"id":119958,"n":"Filets de colin d'Alaska Meunière MSC x2 - 200g","p":2.49,"u":"12,45 €/KG","img":"https://fd2-photos.leclercdrive.fr/image.ashx?id=2652107&use=l&cat=p&typeid=i","cat":284344},{"id":119963,"n":"Pavés de saumon de Norvège ASC L'Atelier Poissonnerie x2 250g","p":5.99,"u":"23,96 €/KG","img":"https://fd2-photos.leclercdrive.fr/image.ashx?id=2340590&use=l&cat=p&typeid=i","cat":284342},{"id":119964,"n":"Pavé de saumon ASC L'Atelier Poissonnerie x6 -750g","p":16.4,"u":"21,87 €/KG","img":"https://fd2-photos.leclercdrive.fr/image.ashx?id=2349929&use=l&cat=p&typeid=i","cat":284342},{"id":119965,"n":"Pavés de saumon ASC Norvège L'Atelier Poissonnerie x4 -500g","p":11.49,"u":"22,98 €/KG","img":"https://fd2-photos.leclercdrive.fr/image.ashx?id=2349926&use=l&cat=p&typeid=i","cat":284342},{"id":120070,"n":"Manchons de canard IGP Le Domaine d'Anet - 1.6kg","p":15.9,"u":"9,94 €/KG","img":"https://fd2-photos.leclercdrive.fr/image.ashx?id=1869379&use=l&cat=p&typeid=i","cat":284339},{"id":120100,"n":"Tablette de chocolat Poulain Noir extra - 5x100g","p":5.97,"u":"11,94 €/KG","img":"https://fd2-photos.leclercdrive.fr/image.ashx?id=2299208&use=l&cat=p&typeid=i","cat":284956},{"id":120224,"n":"Cristaux de soude Clair 500g","p":1.93,"u":"3,86 €/KG","img":"https://fd2-photos.leclercdrive.fr/image.ashx?id=2822144&use=l&cat=p&typeid=i","cat":325365},{"id":120225,"n":"Percarbonate de sodium Clair 500g","p":2.99,"u":"5,98 €/KG","img":"https://fd2-photos.leclercdrive.fr/image.ashx?id=2822141&use=l&cat=p&typeid=i","cat":325365},{"id":120227,"n":"Poulet rôti              1P","p":8.8,"img":"https://fd2-photos.leclercdrive.fr/image.ashx?id=1648983&use=l&cat=p&typeid=i","cat":284336},{"id":120267,"n":"Tablette chocolat noir Lindt Sésame grillé - 2x100g","p":4.48,"u":"22,40 €/KG","img":"https://fd2-photos.leclercdrive.fr/image.ashx?id=2230893&use=l&cat=p&typeid=i","cat":284956},{"id":120285,"n":"Tablette Excellence Lindt Chocolat noir framboise -2x100g","p":4.44,"u":"22,20 €/KG","img":"https://fd2-photos.leclercdrive.fr/image.ashx?id=2230890&use=l&cat=p&typeid=i","cat":284956},{"id":120331,"n":"Eau gazeuse minérale Salvetat Pauvre en sodium - 6x1,15L","p":3.03,"u":"0,44 €/L","img":"https://fd2-photos.leclercdrive.fr/image.ashx?id=2578693&use=l&cat=p&typeid=i","cat":284536},{"id":120335,"n":"Eau gazeuse aromatisée Salvetat citron - 1,15L","p":0.81,"u":"0,70 €/L","img":"https://fd2-photos.leclercdrive.fr/image.ashx?id=2279753&use=l&cat=p&typeid=i","cat":284536},{"id":120348,"n":"Purée 4 mois Bio Village Pomme pruneaux bio - 4x100g","p":1.69,"u":"4,23 €/KG","img":"https://fd2-photos.leclercdrive.fr/image.ashx?id=2704837&use=l&cat=p&typeid=i","cat":312387},{"id":120349,"n":"Purée 4 mois Bio Village Pomme Abricot bio - 4x100g","p":1.89,"u":"4,73 €/KG","img":"https://fd2-photos.leclercdrive.fr/image.ashx?id=2704690&use=l&cat=p&typeid=i","cat":312387},{"id":120350,"n":"Purée 4 mois Bio Village Pomme coing bio - 4x100g","p":1.79,"u":"4,48 €/KG","img":"https://fd2-photos.leclercdrive.fr/image.ashx?id=2704840&use=l&cat=p&typeid=i","cat":312387},{"id":120401,"n":"Boisson aux fruits Oasis Tropical - 4x2L","p":9.63,"u":"1,20 €/L","img":"https://fd2-photos.leclercdrive.fr/image.ashx?id=3011089&use=l&cat=p&typeid=i","cat":295018},{"id":120403,"n":"Adoucissant L'Arbre Vert Souffle de pureté x53 - 800ml","p":2.66,"u":"3,33 €/L","img":"https://fd2-photos.leclercdrive.fr/image.ashx?id=3001386&use=l&cat=p&typeid=i","cat":284650},{"id":120421,"n":"Crème de coco Real Thai 200ml","p":1.8,"u":"9,00 €/L","img":"https://fd2-photos.leclercdrive.fr/image.ashx?id=2857944&use=l&cat=p&typeid=i","cat":288992},{"id":120422,"n":"Lait de coco uht Real Thai 200ml","p":1.53,"u":"7,65 €/L","img":"https://fd2-photos.leclercdrive.fr/image.ashx?id=2872249&use=l&cat=p&typeid=i","cat":288992},{"id":120485,"n":"Mascara Volume L'Oréal Paris Millions de Cils Extra Black","p":10.79,"pp":7.12,"img":"https://fd2-photos.leclercdrive.fr/image.ashx?id=2419170&use=l&cat=p&typeid=i","cat":287029},{"id":120488,"n":"Riz parfumé Comptoir du Grain Basmati -1kg","p":2.48,"u":"2,48 €/KG","img":"https://fd2-photos.leclercdrive.fr/image.ashx?id=2923399&use=l&cat=p&typeid=i","cat":284428},{"id":120492,"n":"Céréales fourrées P'tit Déli Chocolat noisette - 450g","p":2.19,"u":"4,87 €/KG","img":"https://fd2-photos.leclercdrive.fr/image.ashx?id=2819636&use=l&cat=p&typeid=i","cat":309513},{"id":120505,"n":"Mascara Waterproof L'OréalParis Millions de Cils Noir","p":13.38,"u":"495,56 €/KG","img":"https://fd2-photos.leclercdrive.fr/image.ashx?id=2278076&use=l&cat=p&typeid=i","cat":287029},{"id":120587,"n":"Friandise pour chat Dentalife Saumon - 40g","p":1.4,"u":"35,00 €/KG","img":"https://fd2-photos.leclercdrive.fr/image.ashx?id=2468638&use=l&cat=p&typeid=i","cat":285285},{"id":120663,"n":"Purée 6 mois Bio Village Pomme carotte mangue bio-4x100g","p":1.79,"u":"4,48 €/KG","img":"https://fd2-photos.leclercdrive.fr/image.ashx?id=2704852&use=l&cat=p&typeid=i","cat":312388},{"id":120679,"n":"Petits pots bébé P'TIT SOUPER Petits pois pâtes 12M+ - 2x200g","p":1.69,"u":"4,23 €/KG","img":"https://fd2-photos.leclercdrive.fr/image.ashx?id=2526517&use=l&cat=p&typeid=i","cat":312239},{"id":120681,"n":"Petits pots bébé P'TIT SOUPER Légumes Pâtes 8M+ - 2x200g","p":2.12,"u":"5,30 €/KG","img":"https://fd2-photos.leclercdrive.fr/image.ashx?id=2526520&use=l&cat=p&typeid=i","cat":312239},{"id":120686,"n":"Biphase micellaire So Bio Etic Bamboo bio - 500ml","p":6.82,"u":"13,64 €/L","img":"https://fd2-photos.leclercdrive.fr/image.ashx?id=2680221&use=l&cat=p&typeid=i","cat":284603},{"id":120688,"n":"Gel douche argan So Bio Etic Nutrition bio - 650ml","p":5.64,"u":"8,68 €/L","img":"https://fd2-photos.leclercdrive.fr/image.ashx?id=2891583&use=l&cat=p&typeid=i","cat":284594},{"id":120692,"n":"Pur jus d'orange Bio Village Bio - 2L","p":4.75,"u":"2,38 €/L","img":"https://fd2-photos.leclercdrive.fr/image.ashx?id=2751922&use=l&cat=p&typeid=i","cat":284521},{"id":120694,"n":"Jus de pomme bio Bio Village 1L","p":1.29,"u":"1,29 €/L","img":"https://fd2-photos.leclercdrive.fr/image.ashx?id=2958783&use=l&cat=p&typeid=i","cat":284522},{"id":120715,"n":"IGP Pâte Garofalo  Rigatoni - 500g","p":2.34,"u":"4,68 €/KG","img":"https://fd2-photos.leclercdrive.fr/image.ashx?id=3011890&use=l&cat=p&typeid=i","cat":284427},{"id":120724,"n":"Pâtes Garofalo Farfalle - 500g","p":1.69,"u":"3,38 €/KG","img":"https://fd2-photos.leclercdrive.fr/image.ashx?id=2884849&use=l&cat=p&typeid=i","cat":284427},{"id":120744,"n":"Barre de céréales Nature Valley Sweet & Salty cacahuète x5-150g","p":2.76,"u":"18,40 €/KG","img":"https://fd2-photos.leclercdrive.fr/image.ashx?id=2737711&use=l&cat=p&typeid=i","cat":285869},{"id":120797,"n":"Cubes de filets de poulet Volandrie - 450g","p":5.09,"u":"11,31 €/KG","img":"https://fd2-photos.leclercdrive.fr/image.ashx?id=2647901&use=l&cat=p&typeid=i","cat":284336},{"id":120798,"n":"Filet de poulet jaune Volandrie Extra tendre - 300g","p":3.8,"u":"12,67 €/KG","img":"https://fd2-photos.leclercdrive.fr/image.ashx?id=2714894&use=l&cat=p&typeid=i","cat":284336},{"id":120799,"n":"Filet de poulet jaune Volandrie 300g","p":3.69,"u":"12,30 €/KG","img":"https://fd2-photos.leclercdrive.fr/image.ashx?id=2647910&use=l&cat=p&typeid=i","cat":284336},{"id":120800,"n":"Filet de poulet blanc Volandrie Extra tendre - 300g","p":3.8,"u":"12,67 €/KG","img":"https://fd2-photos.leclercdrive.fr/image.ashx?id=2647904&use=l&cat=p&typeid=i","cat":284336},{"id":120801,"n":"Filets poulet blanc Volandrie 300g","p":3.69,"u":"12,30 €/KG","img":"https://fd2-photos.leclercdrive.fr/image.ashx?id=2647907&use=l&cat=p&typeid=i","cat":284336},{"id":120822,"n":"Tablette de chocolat noir Lindt Croquant Noisette - 150g","p":4.26,"u":"28,40 €/KG","img":"https://fd2-photos.leclercdrive.fr/image.ashx?id=1877963&use=l&cat=p&typeid=i","cat":284956},{"id":120869,"n":"Poudre d'amande Bio Village Doypack bio - 100g","p":2.5,"u":"25,00 €/KG","img":"https://fd2-photos.leclercdrive.fr/image.ashx?id=1873546&use=l&cat=p&typeid=i","cat":284504},{"id":120872,"n":"Pépites chocolat Bio Village Bio - 100g","p":2.22,"u":"22,20 €/KG","img":"https://fd2-photos.leclercdrive.fr/image.ashx?id=2590544&use=l&cat=p&typeid=i","cat":284504},{"id":120890,"n":"Chiffonnade de chorizo 80g","p":3.3,"u":"41,25 €/KG","img":"https://fd2-photos.leclercdrive.fr/image.ashx?id=2484389&use=l&cat=p&typeid=i","cat":316006},{"id":120891,"n":"Chiffonnade de Serrano 80g","p":3.71,"u":"46,38 €/KG","img":"https://fd2-photos.leclercdrive.fr/image.ashx?id=2484392&use=l&cat=p&typeid=i","cat":316007},{"id":120940,"n":"Solution micellaire Bioderma ABCDerm H2O - 1L","p":9.99,"u":"9,99 €/L","img":"https://fd2-photos.leclercdrive.fr/image.ashx?id=2956514&use=l&cat=p&typeid=i","cat":290425},{"id":121237,"n":"Compotes Pom'Potes Gourdes  5 Fruits Rouges - 4x90g","p":2.2,"u":"6,11 €/KG","img":"https://fd2-photos.leclercdrive.fr/image.ashx?id=3010885&use=l&cat=p&typeid=i","cat":284508},{"id":121315,"n":"Haché Happy Family Charal 20x80g - 1,6kg","p":17.72,"u":"11,08 €/KG","img":"https://fd2-photos.leclercdrive.fr/image.ashx?id=2739776&use=l&cat=p&typeid=i","cat":319778},{"id":121356,"n":"Dentifrice Original Parodontax Complete protect - 75ml","p":5.37,"u":"71,60 €/L","img":"https://fd2-photos.leclercdrive.fr/image.ashx?id=2546749&use=l&cat=p&typeid=i","cat":284612},{"id":121387,"n":"Lingettes Mots d'Enfants Toilettes bio - x60","p":2.17,"u":"0,04 €/P","img":"https://fd2-photos.leclercdrive.fr/image.ashx?id=3015120&use=l&cat=p&typeid=i","cat":284738},{"id":121388,"n":"Sacs poubelle 20L Elembal Poignées coulissantes - x20","p":2.05,"u":"0,10 €/P","img":"https://fd2-photos.leclercdrive.fr/image.ashx?id=2958753&use=l&cat=p&typeid=i","cat":285168},{"id":121392,"n":"Sauce tomate Lucien Georgelin Au piment D'espelette - 300g","p":2.58,"u":"8,60 €/KG","img":"https://fd2-photos.leclercdrive.fr/image.ashx?id=2015666&use=l&cat=p&typeid=i","cat":288384},{"id":121417,"n":"Couches écologiques Biolane Jumbo T3 - x52","p":17.4,"u":"0,33 €/P","img":"https://fd2-photos.leclercdrive.fr/image.ashx?id=2876521&use=l&cat=p&typeid=i","cat":284737},{"id":121418,"n":"Couches écologiques Biolane Jumbo T4 - x44","p":17.4,"u":"0,40 €/P","img":"https://fd2-photos.leclercdrive.fr/image.ashx?id=2876524&use=l&cat=p&typeid=i","cat":284737},{"id":121419,"n":"Couches écologiques Biolane Single T2 - x28","p":8.42,"u":"0,30 €/P","img":"https://fd2-photos.leclercdrive.fr/image.ashx?id=2876530&use=l&cat=p&typeid=i","cat":284737},{"id":121436,"n":"Crème anti-âge L'Oréal Paris Revitalift SPF 25 - 50ml","p":14.07,"u":"281,40 €/L","img":"https://fd2-photos.leclercdrive.fr/image.ashx?id=2853230&use=l&cat=p&typeid=i","cat":325345},{"id":121438,"n":"Sérum repulpant L'Oréal Paris Revitalift Anti-rides - 30ml","p":13.88,"u":"462,67 €/L","img":"https://fd2-photos.leclercdrive.fr/image.ashx?id=2926584&use=l&cat=p&typeid=i","cat":325345},{"id":121707,"n":"Sauce bolognaise pur boeuf Panzani - 200g","p":1.53,"u":"7,65 €/KG","img":"https://fd2-photos.leclercdrive.fr/image.ashx?id=2880682&use=l&cat=p&typeid=i","cat":287599},{"id":121708,"n":"Céréales fourrées P'tit Déli Chocolat noisette - 650g","p":3.08,"u":"4,74 €/KG","img":"https://fd2-photos.leclercdrive.fr/image.ashx?id=2840740&use=l&cat=p&typeid=i","cat":309513},{"id":121878,"n":"Pâté aux pruneaux d'Agen Nos Régions Ont Du Talent -180g","p":1.99,"u":"11,06 €/KG","img":"https://fd2-photos.leclercdrive.fr/image.ashx?id=2560518&use=l&cat=p&typeid=i","cat":305149},{"id":121888,"n":"Baume Lipikar La Roche Posay AP  M - 400ml","p":19.74,"u":"49,35 €/L","img":"https://fd2-photos.leclercdrive.fr/image.ashx?id=2497328&use=l&cat=p&typeid=i","cat":290421},{"id":122055,"n":"Poulet Fermier Jaune La Nouvelle Agriculture - 1,4kg","p":11.75,"u":"8,39 €/KG","img":"https://fd2-photos.leclercdrive.fr/image.ashx?id=2095932&use=l&cat=p&typeid=i","cat":284336},{"id":122221,"n":"Concentré Sodastream Pepsi - 440ml","p":5.99,"pp":4.99,"u":"11,34 €/L","img":"https://fd2-photos.leclercdrive.fr/image.ashx?id=2665532&use=l&cat=p&typeid=i","cat":295020},{"id":122222,"n":"Concentré Sodastream Pepsi Max- 440ml","p":5.99,"pp":4.99,"u":"11,34 €/L","img":"https://fd2-photos.leclercdrive.fr/image.ashx?id=2665535&use=l&cat=p&typeid=i","cat":295020},{"id":122223,"n":"Concentré Sodastream 7UP - 440ml","p":5.99,"pp":4.99,"u":"11,34 €/L","img":"https://fd2-photos.leclercdrive.fr/image.ashx?id=2814211&use=l&cat=p&typeid=i","cat":295020},{"id":122231,"n":"Jambon supérieur Bio Village découenné 4 Tranches bio - 140g","p":4.24,"u":"30,29 €/KG","img":"https://fd2-photos.leclercdrive.fr/image.ashx?id=2974876&use=l&cat=p&typeid=i","cat":316009},{"id":122344,"n":"Pots bébé soir bio Babybio Légumes riz - 8 mois - 2x200g","p":2.84,"u":"7,10 €/KG","img":"https://fd2-photos.leclercdrive.fr/image.ashx?id=2838314&use=l&cat=p&typeid=i","cat":312239},{"id":122346,"n":"Babybio Optima croissance 3 Bio 800g","p":17.05,"u":"21,31 €/KG","img":"https://fd2-photos.leclercdrive.fr/image.ashx?id=2944029&use=l&cat=p&typeid=i","cat":290219},{"id":122348,"n":"Lait Primea 3 Bio Babybio 800g","p":14.52,"u":"18,15 €/KG","img":"https://fd2-photos.leclercdrive.fr/image.ashx?id=2944026&use=l&cat=p&typeid=i","cat":290219},{"id":122403,"n":"Patate douce bio Bio Village 500g","p":2.49,"u":"4,98 €/KG","img":"https://fd2-photos.leclercdrive.fr/image.ashx?id=2934805&use=l&cat=p&typeid=i","cat":284352},{"id":122420,"n":"Skyr Siggi's  Vanille - 2x140g","p":1.99,"u":"7,11 €/KG","img":"https://fd2-photos.leclercdrive.fr/image.ashx?id=2646119&use=l&cat=p&typeid=i","cat":315000},{"id":122435,"n":"Lardons supérieurs Bio Village bio Fumés - 2x60g","p":1.75,"u":"14,58 €/KG","img":"https://fd2-photos.leclercdrive.fr/image.ashx?id=2761983&use=l&cat=p&typeid=i","cat":316011},{"id":122451,"n":"Pain façon Bretzel Pasquier Céréales x6+2 offerts - 360g","p":2.2,"u":"6,11 €/KG","img":"https://fd2-photos.leclercdrive.fr/image.ashx?id=2132676&use=l&cat=p&typeid=i","cat":325069},{"id":122528,"n":"Skyr Siggi's  Framboise - 2x140g","p":1.92,"u":"6,86 €/KG","img":"https://fd2-photos.leclercdrive.fr/image.ashx?id=2692095&use=l&cat=p&typeid=i","cat":315000},{"id":122529,"n":"Skyr Siggi's  Myrtille - 2x140g","p":2.05,"u":"7,32 €/KG","img":"https://fd2-photos.leclercdrive.fr/image.ashx?id=2692098&use=l&cat=p&typeid=i","cat":315000},{"id":122676,"n":"Dentifrice Email Diamant Le Charbon - 75ml","p":3.49,"u":"46,53 €/L","img":"https://fd2-photos.leclercdrive.fr/image.ashx?id=2975960&use=l&cat=p&typeid=i","cat":284612},{"id":122790,"n":"Chips Tuiles Pringles Hot Spicy - 175g","p":1.71,"u":"9,77 €/KG","img":"https://fd2-photos.leclercdrive.fr/image.ashx?id=2902295&use=l&cat=p&typeid=i","cat":287899},{"id":122792,"n":"Chips Tuiles Pringles Crème et Oignon - 175g","p":1.7,"u":"9,71 €/KG","img":"https://fd2-photos.leclercdrive.fr/image.ashx?id=2902292&use=l&cat=p&typeid=i","cat":287899},{"id":122808,"n":"Jeune pousse Panier du Primeur 125g","p":0.99,"u":"7,92 €/KG","img":"https://fd2-photos.leclercdrive.fr/image.ashx?id=2616060&use=l&cat=p&typeid=i","cat":284353},{"id":122810,"n":"Kakis Panier du Primeur Barquette 1kg","p":2.99,"u":"2,99 €/KG","img":"https://fd2-photos.leclercdrive.fr/image.ashx?id=2402798&use=l&cat=p&typeid=i","cat":284356},{"id":122895,"n":"Chips Tuiles Pringles Original - 175g","p":1.65,"u":"9,43 €/KG","img":"https://fd2-photos.leclercdrive.fr/image.ashx?id=2902298&use=l&cat=p&typeid=i","cat":287899},{"id":122899,"n":"Rasoirs jetables Gillette Blue 3 - x8","p":9.42,"u":"1,18 €/P","img":"https://fd2-photos.leclercdrive.fr/image.ashx?id=2901139&use=l&cat=p&typeid=i","cat":284616},{"id":122929,"n":"Sauces Old El Paso Guacamole Salsa et Poivrons - 575g","p":4.14,"u":"7,20 €/KG","img":"https://fd2-photos.leclercdrive.fr/image.ashx?id=2765399&use=l&cat=p&typeid=i","cat":288993},{"id":122973,"n":"Jambon de Paris Tradilège Découenné - 2 tranches - 80g","p":1.21,"u":"15,13 €/KG","img":"https://fd2-photos.leclercdrive.fr/image.ashx?id=2994384&use=l&cat=p&typeid=i","cat":316009},{"id":123029,"n":"Poisson pané Colin Findus Extra croustillant - x2 250g","p":2.87,"u":"11,48 €/KG","img":"https://fd2-photos.leclercdrive.fr/image.ashx?id=3014548&use=l&cat=p&typeid=i","cat":319788},{"id":123062,"n":"Jambon de Paris Tradilège A l'étouffé - 160g","p":1.7,"u":"10,63 €/KG","img":"https://fd2-photos.leclercdrive.fr/image.ashx?id=2951143&use=l&cat=p&typeid=i","cat":316009},{"id":123063,"n":"Jambon de Paris Tradilège Découenné dégraissé x6 - 240g","p":2.41,"u":"10,04 €/KG","img":"https://fd2-photos.leclercdrive.fr/image.ashx?id=2951146&use=l&cat=p&typeid=i","cat":316009},{"id":123065,"n":"Jambon de Paris Tradilège À l'étouffée x8 - 320g","p":3.13,"u":"9,78 €/KG","img":"https://fd2-photos.leclercdrive.fr/image.ashx?id=2994387&use=l&cat=p&typeid=i","cat":316009},{"id":123067,"n":"Jambon de Paris Tradilège Découenné dégraissé x10 - 400g","p":3.89,"u":"9,73 €/KG","img":"https://fd2-photos.leclercdrive.fr/image.ashx?id=2930787&use=l&cat=p&typeid=i","cat":316009},{"id":123070,"n":"Jambon de Paris Tradilège -25% de sel - 4 tranches - 140g","p":2.05,"u":"14,64 €/KG","img":"https://fd2-photos.leclercdrive.fr/image.ashx?id=2208609&use=l&cat=p&typeid=i","cat":316009},{"id":123071,"n":"Jambon de Paris Tradilège -25% de sel - 6 tranches - 210g","p":2.5,"u":"11,90 €/KG","img":"https://fd2-photos.leclercdrive.fr/image.ashx?id=2994390&use=l&cat=p&typeid=i","cat":316009},{"id":123074,"n":"Jambon supérieur Tradilège Découenné dégraissé x4 - 160g","p":2.39,"u":"14,94 €/KG","img":"https://fd2-photos.leclercdrive.fr/image.ashx?id=2984194&use=l&cat=p&typeid=i","cat":316009},{"id":123076,"n":"Jambon supérieur Tradilège Découenné dégraissé x6 - 240g","p":3.25,"u":"13,54 €/KG","img":"https://fd2-photos.leclercdrive.fr/image.ashx?id=1914327&use=l&cat=p&typeid=i","cat":316009},{"id":123103,"n":"Jambon supérieur Tradilège Sans couenne x8 - 320g","p":4.29,"u":"13,41 €/KG","img":"https://fd2-photos.leclercdrive.fr/image.ashx?id=2943692&use=l&cat=p&typeid=i","cat":316009},{"id":123105,"n":"Jambon supérieur Tradilège Avec couenne 4 tranches - 160g","p":2.07,"u":"12,94 €/KG","img":"https://fd2-photos.leclercdrive.fr/image.ashx?id=2925756&use=l&cat=p&typeid=i","cat":316009},{"id":123106,"n":"Jambon supérieur Tradilège Avec couenne 6 tranches - 240g","p":3.1,"u":"12,92 €/KG","img":"https://fd2-photos.leclercdrive.fr/image.ashx?id=2404193&use=l&cat=p&typeid=i","cat":316009},{"id":123108,"n":"Jambon supérieur Tradilège Label rouge découenné x4 - 160g","p":2.59,"u":"16,19 €/KG","img":"https://fd2-photos.leclercdrive.fr/image.ashx?id=2943698&use=l&cat=p&typeid=i","cat":316009},{"id":123257,"n":"Capsules café Plantation Lungo forte n°7 - x16 - 105g","p":3.35,"u":"31,90 €/KG","img":"https://fd2-photos.leclercdrive.fr/image.ashx?id=2649744&use=l&cat=p&typeid=i","cat":293239},{"id":123358,"n":"Cordon bleu Marie 2x280g","p":6.75,"u":"12,05 €/KG","img":"https://fd2-photos.leclercdrive.fr/image.ashx?id=2331807&use=l&cat=p&typeid=i","cat":333665},{"id":123373,"n":"Soin visage Carré Homme et barbe de 3 jours - 50ml","p":3.29,"u":"65,80 €/L","img":"https://fd2-photos.leclercdrive.fr/image.ashx?id=2489206&use=l&cat=p&typeid=i","cat":284622},{"id":123375,"n":"Gel Toilette Intime Neutre Intima Natural 200ml","p":3.14,"u":"15,70 €/L","img":"https://fd2-photos.leclercdrive.fr/image.ashx?id=2959865&use=l&cat=p&typeid=i","cat":284627},{"id":123393,"n":"Bière sans alcool Tourtel Twist Agrume 0,0° - 6x27,5cl","p":3.85,"u":"2,33 €/L","img":"https://fd2-photos.leclercdrive.fr/image.ashx?id=2730736&use=l&cat=p&typeid=i","cat":334877},{"id":123397,"n":"Bière sans alcool Tourtel Twist Framboise 0,0° - 6x27,5cl","p":4.06,"u":"2,46 €/L","img":"https://fd2-photos.leclercdrive.fr/image.ashx?id=2886705&use=l&cat=p&typeid=i","cat":334877},{"id":123400,"n":"Cire corps Laurence Dumont Bandes - x20","p":3.55,"u":"0,18 €/P","img":"https://fd2-photos.leclercdrive.fr/image.ashx?id=2606358&use=l&cat=p&typeid=i","cat":325351},{"id":123407,"n":"Bière sans alcool Tourtel Twist Citron 0,0° - 6x27,5cl","p":3.85,"u":"2,33 €/L","img":"https://fd2-photos.leclercdrive.fr/image.ashx?id=2886702&use=l&cat=p&typeid=i","cat":334877},{"id":123416,"n":"Soda Coca-Cola Original Bouteille - Pack 6x1,75L","p":14.2,"u":"1,35 €/L","img":"https://fd2-photos.leclercdrive.fr/image.ashx?id=2878333&use=l&cat=p&typeid=i","cat":284530},{"id":123422,"n":"Soda Coca-Cola Sans Sucres Bouteille - 1,75L","p":1.71,"u":"0,98 €/L","img":"https://fd2-photos.leclercdrive.fr/image.ashx?id=2971748&use=l&cat=p&typeid=i","cat":284530},{"id":123434,"n":"Soda Schweppes Indian Tonic Zero - 6x33cl","p":3.62,"u":"1,83 €/L","img":"https://fd2-photos.leclercdrive.fr/image.ashx?id=2852420&use=l&cat=p&typeid=i","cat":284531},{"id":123436,"n":"Boisson fruit shoot Teisseire Tropical - 6x20cl","p":2.66,"u":"2,22 €/L","img":"https://fd2-photos.leclercdrive.fr/image.ashx?id=2858204&use=l&cat=p&typeid=i","cat":295018},{"id":123437,"n":"Boisson Fruit shoot Teisseire Multivamine - 6x20cl","p":2.62,"u":"2,18 €/L","img":"https://fd2-photos.leclercdrive.fr/image.ashx?id=2858201&use=l&cat=p&typeid=i","cat":295018},{"id":123448,"n":"Biscuits cacao Kinder Cards Au lait et au cacao 2x5 - 128g","p":3.55,"u":"13,87 €/KG","img":"https://fd2-photos.leclercdrive.fr/image.ashx?id=2672608&use=l&cat=p&typeid=i","cat":284488},{"id":123486,"n":"Pâtes Coquillage Panzani Créatives - 500G","p":1.37,"u":"2,74 €/KG","img":"https://fd2-photos.leclercdrive.fr/image.ashx?id=2902939&use=l&cat=p&typeid=i","cat":284427},{"id":123491,"n":"Crêpe fourrée Whaou Chocolat - x8 - 256g","p":2.1,"u":"8,20 €/KG","img":"https://fd2-photos.leclercdrive.fr/image.ashx?id=2962863&use=l&cat=p&typeid=i","cat":284494},{"id":123492,"n":"Crêpes Whaou! Chocolat x15 - 480g","p":3.49,"u":"7,27 €/KG","img":"https://fd2-photos.leclercdrive.fr/image.ashx?id=2986449&use=l&cat=p&typeid=i","cat":284494},{"id":123503,"n":"Yaourt fjord fromage blanc Nature - 4x125g","p":1.92,"u":"3,84 €/KG","img":"https://fd2-photos.leclercdrive.fr/image.ashx?id=2956993&use=l&cat=p&typeid=i","cat":284409},{"id":123504,"n":"Yaourt fjord fromage blanc Nature - 8x125g","p":3.32,"u":"3,32 €/KG","img":"https://fd2-photos.leclercdrive.fr/image.ashx?id=2653222&use=l&cat=p&typeid=i","cat":284409},{"id":123540,"n":"Eau minérale naturelle Volvic 6x50cl","p":2.08,"u":"0,69 €/L","img":"https://fd2-photos.leclercdrive.fr/image.ashx?id=2730247&use=l&cat=p&typeid=i","cat":284535},{"id":123542,"n":"Eau minérale naturelle Evian  6x50cl","p":2.34,"u":"0,78 €/L","img":"https://fd2-photos.leclercdrive.fr/image.ashx?id=2969022&use=l&cat=p&typeid=i","cat":284535},{"id":123545,"n":"Quiche lorraine Marie Pur beurre - 400g","p":3.33,"u":"8,33 €/KG","img":"https://fd2-photos.leclercdrive.fr/image.ashx?id=2318546&use=l&cat=p&typeid=i","cat":333680},{"id":123550,"n":"Yaourt aux fruits brassés Velouté fruix Danone - 16x125g","p":4.32,"u":"2,16 €/KG","img":"https://fd2-photos.leclercdrive.fr/image.ashx?id=2912923&use=l&cat=p&typeid=i","cat":284410},{"id":123551,"n":"Yaourt aux fruits brassés Velouté fruix Danone - 12x125g","p":3.75,"u":"2,50 €/KG","img":"https://fd2-photos.leclercdrive.fr/image.ashx?id=2912929&use=l&cat=p&typeid=i","cat":284410},{"id":123552,"n":"Yaourt fruits rouges brassés Velouté fruix Danone - 8x125g","p":2.63,"u":"2,63 €/KG","img":"https://fd2-photos.leclercdrive.fr/image.ashx?id=2912932&use=l&cat=p&typeid=i","cat":284410},{"id":123553,"n":"Yaourt aux fruits velouté fruix Danone brassé fraise - 4x125g","p":1.86,"u":"3,72 €/KG","img":"https://fd2-photos.leclercdrive.fr/image.ashx?id=2911855&use=l&cat=p&typeid=i","cat":284410},{"id":123554,"n":"Yaourt aux fruits velouté fruix Danone brassé framboise -4x125g","p":1.81,"u":"3,62 €/KG","img":"https://fd2-photos.leclercdrive.fr/image.ashx?id=2911858&use=l&cat=p&typeid=i","cat":284410},{"id":123555,"n":"Yaourt fruits jaunes brassés Velouté fruix Danone - 8x125g","p":2.63,"u":"2,63 €/KG","img":"https://fd2-photos.leclercdrive.fr/image.ashx?id=2912926&use=l&cat=p&typeid=i","cat":284410},{"id":123557,"n":"Kiwi Panier du Primeur Filière Mûrs à point - x6","p":3.99,"u":"0,67 €/P","img":"https://fd2-photos.leclercdrive.fr/image.ashx?id=2955047&use=l&cat=p&typeid=i","cat":284356},{"id":123558,"n":"Pomelo Bio Bio Village x1","p":0.99,"img":"https://fd2-photos.leclercdrive.fr/image.ashx?id=2231573&use=l&cat=p&typeid=i","cat":284356},{"id":123563,"n":"Filet de poulet blanc Maître Coq - 1kg","p":11.26,"u":"11,26 €/KG","img":"https://fd2-photos.leclercdrive.fr/image.ashx?id=2551132&use=l&cat=p&typeid=i","cat":284336},{"id":123603,"n":"Kit Distributeur Savon Mains Dettol Citron 250ml","p":6.46,"u":"Dont 0,10 € d'éco-part.","img":"https://fd2-photos.leclercdrive.fr/image.ashx?id=2975134&use=l&cat=p&typeid=i","cat":284597},{"id":123606,"n":"Lessive liquide blanc Epsil 25 lavages - 1.25L","p":2.54,"u":"2,03 €/L","img":"https://fd2-photos.leclercdrive.fr/image.ashx?id=2838933&use=l&cat=p&typeid=i","cat":284640},{"id":123687,"n":"Lait de croissance Bio BabyBio 6x1L","p":13.32,"u":"2,22 €/L","img":"https://fd2-photos.leclercdrive.fr/image.ashx?id=2953875&use=l&cat=p&typeid=i","cat":284728},{"id":123693,"n":"Pâtes Eco+ Vermicelles - 1kg","p":1.34,"u":"1,34 €/KG","img":"https://fd2-photos.leclercdrive.fr/image.ashx?id=2949400&use=l&cat=p&typeid=i","cat":284427},{"id":123710,"n":"Tomato Ketchup Zéro Heinz sans sucre ni sel - 425g","p":2.59,"u":"6,09 €/KG","img":"https://fd2-photos.leclercdrive.fr/image.ashx?id=2927723&use=l&cat=p&typeid=i","cat":284455},{"id":123864,"n":"Crème Pieds Anti-Crevasses Talons 24h - 60 ml","p":4.84,"u":"80,67 €/L","img":"https://fd2-photos.leclercdrive.fr/image.ashx?id=2980878&use=l&cat=p&typeid=i","cat":325354},{"id":123960,"n":"Bière sans alcool Desperados Virgin - Agrumes 3x33cl","p":3.91,"u":"3,95 €/L","img":"https://fd2-photos.leclercdrive.fr/image.ashx?id=2977966&use=l&cat=p&typeid=i","cat":334877},{"id":124035,"n":"Jus de raisin ABC Eco+ 1L","p":0.98,"u":"0,98 €/L","img":"https://fd2-photos.leclercdrive.fr/image.ashx?id=2802275&use=l&cat=p&typeid=i","cat":284915},{"id":124052,"n":"Nouilles de riz Table du monde 250g","p":1.99,"u":"7,96 €/KG","img":"https://fd2-photos.leclercdrive.fr/image.ashx?id=2679780&use=l&cat=p&typeid=i","cat":288992},{"id":124478,"n":"IGP Méditérranée rosé Les Calandières - 75cl","p":3.69,"u":"4,92 €/L","img":"https://fd2-photos.leclercdrive.fr/image.ashx?id=2996608&use=l&cat=p&typeid=i","cat":289558},{"id":124496,"n":"Crème glacée Ben & Jerry's Choco Fudge Brownie - 408g","p":3.82,"u":"9,36 €/KG","img":"https://fd2-photos.leclercdrive.fr/image.ashx?id=2738050&use=l&cat=p&typeid=i","cat":284725},{"id":124498,"n":"Glace en Pot BEN & JERRY'S Cookie Dough - 465ml","p":3.67,"u":"9,04 €/KG","img":"https://fd2-photos.leclercdrive.fr/image.ashx?id=2738056&use=l&cat=p&typeid=i","cat":284725},{"id":124499,"n":"Glace en Pot BEN & JERRY'S Vanilla Pecan Blondie - 465ml","p":4.07,"u":"9,83 €/KG","img":"https://fd2-photos.leclercdrive.fr/image.ashx?id=2832548&use=l&cat=p&typeid=i","cat":284725},{"id":124500,"n":"Crème glacée Ben & Jerry's Peanut butter - 425g","p":3.67,"u":"8,64 €/KG","img":"https://fd2-photos.leclercdrive.fr/image.ashx?id=3001524&use=l&cat=p&typeid=i","cat":284725},{"id":124584,"n":"Brosse à dents Inava Parodontie - 1 pièce","p":4.0,"img":"https://fd2-photos.leclercdrive.fr/image.ashx?id=2377715&use=l&cat=p&typeid=i","cat":290417},{"id":124585,"n":"Black spiced \"The kraken\" 40° - 70cl","p":23.92,"u":"34,17 €/L","img":"https://fd2-photos.leclercdrive.fr/image.ashx?id=2550940&use=l&cat=p&typeid=i","cat":284550},{"id":124594,"n":"Capsules Nescafé Dolce Gusto Espresso - x16","p":4.5,"u":"51,14 €/KG","img":"https://fd2-photos.leclercdrive.fr/image.ashx?id=2952025&use=l&cat=p&typeid=i","cat":293239},{"id":124670,"n":"Pain de mie complet Jacquet Maxi - Sans sucre ajouté - 550g","p":1.6,"u":"2,91 €/KG","img":"https://fd2-photos.leclercdrive.fr/image.ashx?id=2935708&use=l&cat=p&typeid=i","cat":284477},{"id":124671,"n":"Pain de mie Sans croûte Jacquet Sans sucre ajouté - 475g","p":1.61,"u":"3,39 €/KG","img":"https://fd2-photos.leclercdrive.fr/image.ashx?id=2919754&use=l&cat=p&typeid=i","cat":284477},{"id":124694,"n":"Saucisson Mini Justin Bridou  Bâton de Berger nature - 160g","p":3.07,"u":"19,19 €/KG","img":"https://fd2-photos.leclercdrive.fr/image.ashx?id=2921786&use=l&cat=p&typeid=i","cat":316006},{"id":124696,"n":"Accras de morue MSC Table du Monde - 200g","p":2.29,"u":"11,45 €/KG","img":"https://fd2-photos.leclercdrive.fr/image.ashx?id=1959049&use=l&cat=p&typeid=i","cat":333673},{"id":124723,"n":"Champignon Bonduelle Emincé - 3x115g","p":2.77,"u":"8,03 €/KG","img":"https://fd2-photos.leclercdrive.fr/image.ashx?id=2913121&use=l&cat=p&typeid=i","cat":312610},{"id":124743,"n":"Gratte éponge Spontex anti bactérien - x2","p":1.72,"u":"0,86 €/P","img":"https://fd2-photos.leclercdrive.fr/image.ashx?id=2973081&use=l&cat=p&typeid=i","cat":284667},{"id":124744,"n":"Gratte éponge Spontex x3","p":2.36,"u":"0,79 €/P","img":"https://fd2-photos.leclercdrive.fr/image.ashx?id=2973084&use=l&cat=p&typeid=i","cat":284667},{"id":124762,"n":"Biscuit Milka Chocolat pause - 3x260g","p":4.11,"pp":2.88,"u":"3,69 €/KG","img":"https://fd2-photos.leclercdrive.fr/image.ashx?id=2680377&use=l&cat=p&typeid=i","cat":284488},{"id":124764,"n":"Biscuit Moooo Milka Au chocolat - 3x200g","p":4.11,"pp":2.88,"u":"4,80 €/KG","img":"https://fd2-photos.leclercdrive.fr/image.ashx?id=2192578&use=l&cat=p&typeid=i","cat":284488},{"id":124787,"n":"Shampooing sec Batiste Volume - 200ml","p":4.36,"u":"21,80 €/L","img":"https://fd2-photos.leclercdrive.fr/image.ashx?id=2557979&use=l&cat=p&typeid=i","cat":289143},{"id":124788,"n":"Crème Solaire Spray Nivea Sun FPS 50+ Bébé et Enfant - 200ml","p":10.48,"u":"52,40 €/L","img":"https://fd2-photos.leclercdrive.fr/image.ashx?id=3005224&use=l&cat=p&typeid=i","cat":325355},{"id":124901,"n":"Pâte à tartiner Nutella 630g","p":4.82,"u":"7,65 €/KG","img":"https://fd2-photos.leclercdrive.fr/image.ashx?id=2968841&use=l&cat=p&typeid=i","cat":284481},{"id":124902,"n":"Eponges végétales Eco+ x2","p":0.46,"u":"0,23 €/P","img":"https://fd2-photos.leclercdrive.fr/image.ashx?id=2770242&use=l&cat=p&typeid=i","cat":284667},{"id":124905,"n":"Sacs poubelle coulissants Eco+ 30 l - x20","p":1.23,"u":"0,06 €/P","img":"https://fd2-photos.leclercdrive.fr/image.ashx?id=1901701&use=l&cat=p&typeid=i","cat":285168},{"id":124906,"n":"Sacs poubelle Eco+ 50L Coulissants - x25","p":2.33,"u":"0,09 €/P","img":"https://fd2-photos.leclercdrive.fr/image.ashx?id=1916286&use=l&cat=p&typeid=i","cat":285168},{"id":124919,"n":"Chips Bret's sel et vinaigre 2x125g + 1 offert","p":3.33,"u":"8,88 €/KG","img":"https://fd2-photos.leclercdrive.fr/image.ashx?id=1904453&use=l&cat=p&typeid=i","cat":284447},{"id":124921,"n":"Croquettes petit chien Ultima  Nature Sans céréales - 1,1kg","p":7.47,"u":"6,79 €/KG","img":"https://fd2-photos.leclercdrive.fr/image.ashx?id=2572745&use=l&cat=p&typeid=i","cat":294526},{"id":124962,"n":"Sacs poubelle Elembal Salle de bain 5L - x40","p":1.26,"u":"0,03 €/P","img":"https://fd2-photos.leclercdrive.fr/image.ashx?id=2793284&use=l&cat=p&typeid=i","cat":285168},{"id":125216,"n":"Cacahuètes Eco+ Grillées à sec - 150g","p":0.46,"u":"3,07 €/KG","img":"https://fd2-photos.leclercdrive.fr/image.ashx?id=2780710&use=l&cat=p&typeid=i","cat":284448},{"id":125218,"n":"Cacahuètes Eco  Grillées et salées - 250g","p":0.7,"u":"2,80 €/KG","img":"https://fd2-photos.leclercdrive.fr/image.ashx?id=2836801&use=l&cat=p&typeid=i","cat":284448},{"id":125227,"n":"Mini cookies P'tit Déli 160g","p":1.49,"u":"9,31 €/KG","img":"https://fd2-photos.leclercdrive.fr/image.ashx?id=2932426&use=l&cat=p&typeid=i","cat":325066},{"id":125235,"n":"Tartelette framboise P'tit Déli 150g","p":1.3,"u":"8,67 €/KG","img":"https://fd2-photos.leclercdrive.fr/image.ashx?id=2683922&use=l&cat=p&typeid=i","cat":284489},{"id":125238,"n":"Cookies P'tit Déli Chocolat noisette - 200g","p":1.69,"u":"8,45 €/KG","img":"https://fd2-photos.leclercdrive.fr/image.ashx?id=1943253&use=l&cat=p&typeid=i","cat":325066},{"id":125246,"n":"Canistrelli de corse NRT Noisettes - 300g","p":3.65,"u":"12,17 €/KG","img":"https://fd2-photos.leclercdrive.fr/image.ashx?id=2909428&use=l&cat=p&typeid=i","cat":284487},{"id":125315,"n":"Farine bio Jardin Bio Semi-complète T80 - 1kg","p":2.15,"u":"2,15 €/KG","img":"https://fd2-photos.leclercdrive.fr/image.ashx?id=2944834&use=l&cat=p&typeid=i","cat":284503},{"id":125328,"n":"Ketchup Rustica Nature - 560g","p":1.25,"u":"2,23 €/KG","img":"https://fd2-photos.leclercdrive.fr/image.ashx?id=2954385&use=l&cat=p&typeid=i","cat":284455},{"id":125330,"n":"Pom'Potes Bio Pommes/ Framboises x36- 90g","p":15.75,"u":"4,86 €/KG","img":"https://fd2-photos.leclercdrive.fr/image.ashx?id=2228468&use=l&cat=p&typeid=i","cat":284508},{"id":125331,"n":"Pom'Potes Bio Pomme-abricot x36- 90g","p":15.75,"u":"4,86 €/KG","img":"https://fd2-photos.leclercdrive.fr/image.ashx?id=2275862&use=l&cat=p&typeid=i","cat":284508},{"id":125383,"n":"Comté fromage râpé Les Croisés 130g","p":1.95,"u":"15,00 €/KG","img":"https://fd2-photos.leclercdrive.fr/image.ashx?id=2897820&use=l&cat=p&typeid=i","cat":314035},{"id":125483,"n":"AOP Côtes Marmandais rosé Vieille église - 6x75cl","p":12.58,"u":"27,96 €/KG","img":"https://fd2-photos.leclercdrive.fr/image.ashx?id=2313352&use=l&cat=p&typeid=i","cat":289558},{"id":125668,"n":"Tomme des Pyrénées IGP 160g","p":2.03,"u":"12,69 €/KG","img":"https://fd2-photos.leclercdrive.fr/image.ashx?id=1905125&use=l&cat=p&typeid=i","cat":329184},{"id":125914,"n":"Fromages frais Pat'patrouille Yoplait goûts fruits - 12x50g","p":1.64,"u":"2,73 €/KG","img":"https://fd2-photos.leclercdrive.fr/image.ashx?id=2733685&use=l&cat=p&typeid=i","cat":284414},{"id":125916,"n":"Fromages frais Pat'Patrouille Yoplait goûts fruits - 24x50g","p":3.25,"u":"2,71 €/KG","img":"https://fd2-photos.leclercdrive.fr/image.ashx?id=2733688&use=l&cat=p&typeid=i","cat":284414},{"id":125966,"n":"Chips Tyrrell's Sel et poivre - 150g","p":2.19,"u":"14,60 €/KG","img":"https://fd2-photos.leclercdrive.fr/image.ashx?id=2884777&use=l&cat=p&typeid=i","cat":284447},{"id":126019,"n":"Auto-bronzant Ambre Solaire  Mousse effet hâlé - 200ml","p":10.27,"u":"51,35 €/L","img":"https://fd2-photos.leclercdrive.fr/image.ashx?id=2555706&use=l&cat=p&typeid=i","cat":325355},{"id":126107,"n":"Cidre  pur jus Kerisac Traditionnel - 3x75cl","p":8.25,"u":"3,67 €/L","img":"https://fd2-photos.leclercdrive.fr/image.ashx?id=2600692&use=l&cat=p&typeid=i","cat":334880},{"id":126108,"n":"Cidre demi sec pur jus Kérisac 3x75cl","p":8.25,"u":"3,67 €/L","img":"https://fd2-photos.leclercdrive.fr/image.ashx?id=2600695&use=l&cat=p&typeid=i","cat":334880},{"id":126139,"n":"Chips  Sel de mer Tyrell's Saveur vinaigre - 150g","p":2.19,"u":"14,60 €/KG","img":"https://fd2-photos.leclercdrive.fr/image.ashx?id=2941865&use=l&cat=p&typeid=i","cat":284447},{"id":126140,"n":"Chips Tyrells Piment doux et poivron - 150g","p":2.19,"u":"14,60 €/KG","img":"https://fd2-photos.leclercdrive.fr/image.ashx?id=2225657&use=l&cat=p&typeid=i","cat":284447},{"id":126163,"n":"Galette St michel Au bon chocolat - 121g","p":1.23,"u":"10,17 €/KG","img":"https://fd2-photos.leclercdrive.fr/image.ashx?id=2949955&use=l&cat=p&typeid=i","cat":284487},{"id":126178,"n":"Riz long thaï Eco+ 1kg","p":1.61,"u":"1,61 €/KG","img":"https://fd2-photos.leclercdrive.fr/image.ashx?id=2027886&use=l&cat=p&typeid=i","cat":284428},{"id":126186,"n":"Riz rond Eco+ 1kg","p":1.77,"u":"1,77 €/KG","img":"https://fd2-photos.leclercdrive.fr/image.ashx?id=2704594&use=l&cat=p&typeid=i","cat":284428},{"id":126206,"n":"Galettes La mère poulard Grande - beurre - 135g","p":1.66,"u":"12,30 €/KG","img":"https://fd2-photos.leclercdrive.fr/image.ashx?id=2905465&use=l&cat=p&typeid=i","cat":284487},{"id":126310,"n":"Crème dépilatoire Pure Veet Corps Peaux normales 200ml","p":4.55,"u":"22,75 €/L","img":"https://fd2-photos.leclercdrive.fr/image.ashx?id=3014437&use=l&cat=p&typeid=i","cat":325351},{"id":126314,"n":"Crème dépilatoire Pure Veet Corps Peaux sensibles 200ml","p":4.21,"u":"21,05 €/L","img":"https://fd2-photos.leclercdrive.fr/image.ashx?id=2965692&use=l&cat=p&typeid=i","cat":325351},{"id":126421,"n":"Biscuits Figolu LU Figue - 192g","p":1.42,"u":"7,40 €/KG","img":"https://fd2-photos.leclercdrive.fr/image.ashx?id=2967950&use=l&cat=p&typeid=i","cat":284489},{"id":126422,"n":"Dinosaurus Lotus Chocolat au lait - 2x225g","p":3.97,"u":"8,82 €/KG","img":"https://fd2-photos.leclercdrive.fr/image.ashx?id=2694992&use=l&cat=p&typeid=i","cat":284488},{"id":126424,"n":"Biscuits Sprits sablés Delacre Chocolat au lait - 200g","p":1.56,"u":"7,80 €/KG","img":"https://fd2-photos.leclercdrive.fr/image.ashx?id=2855873&use=l&cat=p&typeid=i","cat":284488},{"id":126430,"n":"Dosettes café Senseo Milka x8","p":3.0,"u":"26,79 €/KG","img":"https://fd2-photos.leclercdrive.fr/image.ashx?id=2127012&use=l&cat=p&typeid=i","cat":293238},{"id":126478,"n":"Morceaux Thon PETIT NAVIRE 160g Nature Démarche Responsable","p":1.95,"u":"17,41 €/KG","img":"https://fd2-photos.leclercdrive.fr/image.ashx?id=2549453&use=l&cat=p&typeid=i","cat":303867},{"id":126519,"n":"Bloc WC Bref Color Activ+  Marine toilettes - 50g x1","p":1.82,"u":"364,00 €/KG","img":"https://fd2-photos.leclercdrive.fr/image.ashx?id=2890112&use=l&cat=p&typeid=i","cat":284662},{"id":126541,"n":"Clémentines Eco+ Filet 1kg","p":1.69,"u":"1,69 €/KG","img":"https://fd2-photos.leclercdrive.fr/image.ashx?id=2607987&use=l&cat=p&typeid=i","cat":284356},{"id":126570,"n":"Soda Sprite Original  Bouteille  - 1.25L","p":1.32,"u":"1,06 €/L","img":"https://fd2-photos.leclercdrive.fr/image.ashx?id=2796989&use=l&cat=p&typeid=i","cat":284531},{"id":126571,"n":"Gaufres de Liège Lotus 315g","p":1.81,"u":"5,75 €/KG","img":"https://fd2-photos.leclercdrive.fr/image.ashx?id=2694995&use=l&cat=p&typeid=i","cat":294777},{"id":126579,"n":"Pommes Bicolores Eco+ Sachet 2kg","p":2.99,"u":"1,50 €/KG","img":"https://fd2-photos.leclercdrive.fr/image.ashx?id=2537872&use=l&cat=p&typeid=i","cat":284356},{"id":126589,"n":"Endives Eco+ Sachet 500g","p":1.49,"u":"2,98 €/KG","img":"https://fd2-photos.leclercdrive.fr/image.ashx?id=2922917&use=l&cat=p&typeid=i","cat":284352},{"id":126590,"n":"Ail Eco+ Filet 250g","p":1.99,"u":"7,96 €/KG","img":"https://fd2-photos.leclercdrive.fr/image.ashx?id=2919586&use=l&cat=p&typeid=i","cat":284352},{"id":126601,"n":"Biscuits à thé Delacre Tea Time Boîte Assortiment - 300g","p":4.38,"u":"14,60 €/KG","img":"https://fd2-photos.leclercdrive.fr/image.ashx?id=2867972&use=l&cat=p&typeid=i","cat":284490},{"id":126646,"n":"Gaufres de liège Lotus Chocolat au lait - 363g","p":2.98,"u":"8,21 €/KG","img":"https://fd2-photos.leclercdrive.fr/image.ashx?id=2859827&use=l&cat=p&typeid=i","cat":294777},{"id":126658,"n":"Poisson pané Colin Alaska  Findus MSC herbes ail x2 - 225g","p":3.01,"u":"13,38 €/KG","img":"https://fd2-photos.leclercdrive.fr/image.ashx?id=2650699&use=l&cat=p&typeid=i","cat":319788},{"id":126814,"n":"Filet de poulet Le Gaulois Non OGM Cuisson express 280g","p":4.43,"u":"15,82 €/KG","img":"https://fd2-photos.leclercdrive.fr/image.ashx?id=2304716&use=l&cat=p&typeid=i","cat":284336},{"id":126816,"n":"Escalope de poulet Le Gaulois 240g","p":4.11,"u":"17,13 €/KG","img":"https://fd2-photos.leclercdrive.fr/image.ashx?id=2304713&use=l&cat=p&typeid=i","cat":284336},{"id":126817,"n":"Filet de poulet extra tendre Le Gaulois - 300g","p":4.8,"u":"16,00 €/KG","img":"https://fd2-photos.leclercdrive.fr/image.ashx?id=2304707&use=l&cat=p&typeid=i","cat":284336},{"id":126847,"n":"Batonnets Smicy Vanille fraise - x12 - 456g","p":3.65,"u":"8,00 €/KG","img":"https://fd2-photos.leclercdrive.fr/image.ashx?id=2902555&use=l&cat=p&typeid=i","cat":284265},{"id":126848,"n":"Batonnets Smicy Vanille - x12 - 456g","p":4.02,"u":"8,82 €/KG","img":"https://fd2-photos.leclercdrive.fr/image.ashx?id=2902552&use=l&cat=p&typeid=i","cat":284265},{"id":126849,"n":"Batonnets Smicy Vanille chocolat - x12 - 456g","p":3.53,"u":"7,74 €/KG","img":"https://fd2-photos.leclercdrive.fr/image.ashx?id=2902558&use=l&cat=p&typeid=i","cat":284265},{"id":126907,"n":"Pesto verde Garofalo 175g","p":2.68,"u":"15,31 €/KG","img":"https://fd2-photos.leclercdrive.fr/image.ashx?id=2884651&use=l&cat=p&typeid=i","cat":287599},{"id":126908,"n":"IGP Pesto rosso Garofalo 175g","p":2.66,"u":"15,20 €/KG","img":"https://fd2-photos.leclercdrive.fr/image.ashx?id=2884654&use=l&cat=p&typeid=i","cat":287599},{"id":126914,"n":"Lorina limonade artisanale 6x20cl","p":4.65,"u":"3,88 €/L","img":"https://fd2-photos.leclercdrive.fr/image.ashx?id=2735140&use=l&cat=p&typeid=i","cat":284531},{"id":126918,"n":"Kaki 1p","p":0.59,"img":"https://fd2-photos.leclercdrive.fr/image.ashx?id=1628367&use=l&cat=p&typeid=i","cat":284356},{"id":126974,"n":"Café moulu bio Bio Village Mexique - 250g","p":4.95,"u":"19,80 €/KG","img":"https://fd2-photos.leclercdrive.fr/image.ashx?id=2468882&use=l&cat=p&typeid=i","cat":284750},{"id":126978,"n":"Artichaut blanc 1p","p":1.99,"img":"https://fd2-photos.leclercdrive.fr/image.ashx?id=1681565&use=l&cat=p&typeid=i","cat":284352},{"id":126994,"n":"Céleri rave 1p","p":1.99,"img":"https://fd2-photos.leclercdrive.fr/image.ashx?id=1631904&use=l&cat=p&typeid=i","cat":284352},{"id":127014,"n":"Carottes fanes botte x1","p":1.99,"img":"https://fd2-photos.leclercdrive.fr/image.ashx?id=1632623&use=l&cat=p&typeid=i","cat":284352},{"id":127017,"n":"Butternut 1p","p":1.69,"img":"https://fd2-photos.leclercdrive.fr/image.ashx?id=1631577&use=l&cat=p&typeid=i","cat":284352},{"id":127021,"n":"Chou blanc 1p","p":1.49,"img":"https://fd2-photos.leclercdrive.fr/image.ashx?id=560849&use=l&cat=p&typeid=i","cat":284352},{"id":127026,"n":"Chou frisé 1p","p":1.59,"img":"https://fd2-photos.leclercdrive.fr/image.ashx?id=560851&use=l&cat=p&typeid=i","cat":284352},{"id":127263,"n":"Cidre La Mordue original 4x27,5cl - 6% vol.","p":4.01,"u":"14,58 €/L","img":"https://fd2-photos.leclercdrive.fr/image.ashx?id=2625136&use=l&cat=p&typeid=i","cat":334880},{"id":127323,"n":"Shampoing nourrissant Fructis Hair Food banane - 350ml","p":3.48,"u":"9,94 €/L","img":"https://fd2-photos.leclercdrive.fr/image.ashx?id=2830597&use=l&cat=p&typeid=i","cat":284606},{"id":127343,"n":"Filets de canard x 2 700 g","p":12.79,"u":"18,27 €/KG","img":"https://fd2-photos.leclercdrive.fr/image.ashx?id=2903968&use=l&cat=p&typeid=i","cat":284339},{"id":127346,"n":"Cuisses de canard Volandrie x2 - 700g","p":6.49,"u":"9,27 €/KG","img":"https://fd2-photos.leclercdrive.fr/image.ashx?id=2396942&use=l&cat=p&typeid=i","cat":284339},{"id":127430,"n":"Céréales fourrées P'tit Déli Chocolat au lait - 450g","p":2.58,"u":"5,73 €/KG","img":"https://fd2-photos.leclercdrive.fr/image.ashx?id=2824713&use=l&cat=p&typeid=i","cat":309513},{"id":127475,"n":"Lait bébé en poudre Blédilait croissance 1-3 ans 900g","p":10.92,"u":"12,13 €/KG","img":"https://fd2-photos.leclercdrive.fr/image.ashx?id=2848587&use=l&cat=p&typeid=i","cat":290219},{"id":127476,"n":"Piperade basquaise NRT 600g","p":3.7,"u":"6,17 €/KG","img":"https://fd2-photos.leclercdrive.fr/image.ashx?id=2771420&use=l&cat=p&typeid=i","cat":284441},{"id":127556,"n":"Litière chats Tranquille Cristale charbon actif - 4L","p":5.99,"u":"1,50 €/L","img":"https://fd2-photos.leclercdrive.fr/image.ashx?id=2421874&use=l&cat=p&typeid=i","cat":284683},{"id":128826,"n":"Boisson a base de vin Don Simon Sangria blanche 1,5L","p":2.59,"u":"1,73 €/L","img":"https://fd2-photos.leclercdrive.fr/image.ashx?id=1918577&use=l&cat=p&typeid=i","cat":304569},{"id":128959,"n":"AOC Bordeaux Villa des Dunes 2021 - 75 cl","p":6.14,"u":"8,19 €/L","img":"https://fd2-photos.leclercdrive.fr/image.ashx?id=2870464&use=l&cat=p&typeid=i","cat":289558},{"id":128976,"n":"Sucre poudre Daddy 750g","p":1.62,"u":"2,16 €/KG","img":"https://fd2-photos.leclercdrive.fr/image.ashx?id=2944699&use=l&cat=p&typeid=i","cat":284502},{"id":129002,"n":"Crème douche Atoderm Bioderma Ultra-nourissante - 1L","p":11.5,"u":"11,50 €/L","img":"https://fd2-photos.leclercdrive.fr/image.ashx?id=2981205&use=l&cat=p&typeid=i","cat":301591},{"id":129009,"n":"Lait de croissance Babybio Bio En poudre caprea 3 - 800g","p":24.49,"u":"30,61 €/KG","img":"https://fd2-photos.leclercdrive.fr/image.ashx?id=2733343&use=l&cat=p&typeid=i","cat":290219},{"id":129047,"n":"Crok fondant chocolat noisette  bio Terres et Céréales - 375g","p":4.69,"u":"12,51 €/KG","img":"https://fd2-photos.leclercdrive.fr/image.ashx?id=2672293&use=l&cat=p&typeid=i","cat":309513},{"id":129092,"n":"Sauce Tomate Panzani Bio - 400g","p":2.67,"u":"6,68 €/KG","img":"https://fd2-photos.leclercdrive.fr/image.ashx?id=2918559&use=l&cat=p&typeid=i","cat":287599},{"id":129123,"n":"Gel Lubrifiant Perfect Gliss Durex Longue Durée 100ml","p":7.95,"u":"79,50 €/L","img":"https://fd2-photos.leclercdrive.fr/image.ashx?id=2960693&use=l&cat=p&typeid=i","cat":285160},{"id":129146,"n":"Crème Solaire Spray Nivea Sun FPS50+ Peaux Sensibles - 200ml","p":12.53,"u":"62,65 €/L","img":"https://fd2-photos.leclercdrive.fr/image.ashx?id=3008972&use=l&cat=p&typeid=i","cat":325355},{"id":129162,"n":"Boisson énergisante Monster Mango Loco - 50cl","p":1.43,"u":"2,86 €/L","img":"https://fd2-photos.leclercdrive.fr/image.ashx?id=2433443&use=l&cat=p&typeid=i","cat":284533},{"id":129235,"n":"Soda Coca-Cola sans sucres Bouteille - 6x1.75L","p":10.26,"u":"0,98 €/L","img":"https://fd2-photos.leclercdrive.fr/image.ashx?id=2878330&use=l&cat=p&typeid=i","cat":284530},{"id":129306,"n":"Fleurs de Capre Florelli 270g","p":3.25,"u":"12,04 €/KG","img":"https://fd2-photos.leclercdrive.fr/image.ashx?id=2603450&use=l&cat=p&typeid=i","cat":289010},{"id":129393,"n":"Tablette Chocolat Noir Atelier Myrtille Amandes Noisettes 170g","p":3.38,"u":"19,88 €/KG","img":"https://fd2-photos.leclercdrive.fr/image.ashx?id=2663057&use=l&cat=p&typeid=i","cat":284956},{"id":129394,"n":"Tablette Chocolat Noir Nestlé L'Atelier Cranberries 170g","p":3.65,"u":"21,47 €/KG","img":"https://fd2-photos.leclercdrive.fr/image.ashx?id=2663054&use=l&cat=p&typeid=i","cat":284956},{"id":129395,"n":"Tablette Chocolat Lait Nestlé  L'Atelier Cranberries 170g","p":3.51,"u":"20,65 €/KG","img":"https://fd2-photos.leclercdrive.fr/image.ashx?id=2663051&use=l&cat=p&typeid=i","cat":284497},{"id":129396,"n":"Tablette Chocolat Lait Nestlé  L'atelier Raisins Amandes 170g","p":3.38,"u":"19,88 €/KG","img":"https://fd2-photos.leclercdrive.fr/image.ashx?id=2663048&use=l&cat=p&typeid=i","cat":284497},{"id":129397,"n":"Tablette Chocolat Noir Nestlé L'Atelier Raisins Amandes 170g","p":3.38,"u":"19,88 €/KG","img":"https://fd2-photos.leclercdrive.fr/image.ashx?id=2662147&use=l&cat=p&typeid=i","cat":284956},{"id":129399,"n":"Tablette Chocolat Noir Nestlé L'Atelier Noisettes 170g","p":3.38,"u":"19,88 €/KG","img":"https://fd2-photos.leclercdrive.fr/image.ashx?id=2663063&use=l&cat=p&typeid=i","cat":284956},{"id":129440,"n":"Papier toilette Lotus just1 XXL 6=9","p":7.25,"img":"https://fd2-photos.leclercdrive.fr/image.ashx?id=2854753&use=l&cat=p&typeid=i","cat":284634},{"id":129560,"n":"Filets cabillaud MSC 800g","p":11.98,"u":"14,98 €/KG","img":"https://fd2-photos.leclercdrive.fr/image.ashx?id=1983986&use=l&cat=p&typeid=i","cat":319786},{"id":129602,"n":"Lait demi-écrémé Grandlait Candia Bouteille - 6x25cl","p":3.96,"u":"2,64 €/L","img":"https://fd2-photos.leclercdrive.fr/image.ashx?id=2916189&use=l&cat=p&typeid=i","cat":284377},{"id":129620,"n":"Bière Ambrée 3 Monts 75cl","p":3.07,"u":"4,09 €/L","img":"https://fd2-photos.leclercdrive.fr/image.ashx?id=2548186&use=l&cat=p&typeid=i","cat":334852},{"id":129621,"n":"IGP Cidre pur jus Foux Bouché doux - Kerisac - 3x75cl","p":8.25,"u":"3,67 €/L","img":"https://fd2-photos.leclercdrive.fr/image.ashx?id=2612634&use=l&cat=p&typeid=i","cat":334880},{"id":129807,"n":"Biscuits Biarritz Delacre Noix de coco et Chocolat - 175g","p":3.17,"u":"18,11 €/KG","img":"https://fd2-photos.leclercdrive.fr/image.ashx?id=2867963&use=l&cat=p&typeid=i","cat":284490},{"id":129864,"n":"Crème glacée Ben and Jerry's  Half Baked - 406g","p":3.78,"u":"9,31 €/KG","img":"https://fd2-photos.leclercdrive.fr/image.ashx?id=3011941&use=l&cat=p&typeid=i","cat":284725},{"id":129933,"n":"Beignets Pasquier Pomme x6 - 270g","p":2.08,"u":"7,70 €/KG","img":"https://fd2-photos.leclercdrive.fr/image.ashx?id=2986371&use=l&cat=p&typeid=i","cat":284495},{"id":129934,"n":"Beignets Pasquier Chocolat noisette - x6 - 270g","p":2.09,"u":"7,74 €/KG","img":"https://fd2-photos.leclercdrive.fr/image.ashx?id=2986374&use=l&cat=p&typeid=i","cat":284495},{"id":130284,"n":"Grissini artigianali Florelli Romarin - 300g","p":2.15,"u":"7,17 €/KG","img":"https://fd2-photos.leclercdrive.fr/image.ashx?id=2475855&use=l&cat=p&typeid=i","cat":297000},{"id":130319,"n":"Mini pots Häagen-Dazs  Fruit Collection x4 - 326g","p":4.98,"u":"15,28 €/KG","img":"https://fd2-photos.leclercdrive.fr/image.ashx?id=3000159&use=l&cat=p&typeid=i","cat":284725},{"id":130348,"n":"Bâtonnets Trium chocolat au  Lait biscuit cacaoté x4- 290g","p":2.99,"u":"10,31 €/KG","img":"https://fd2-photos.leclercdrive.fr/image.ashx?id=2602367&use=l&cat=p&typeid=i","cat":284265},{"id":130357,"n":"Lait Sans Lactose Candia  Bouteille 1%MG - 6x1L","p":9.09,"u":"1,52 €/L","img":"https://fd2-photos.leclercdrive.fr/image.ashx?id=2481357&use=l&cat=p&typeid=i","cat":317169},{"id":130416,"n":"IGP Cidre Réserve brut Kerisac Pur Jus. - 75cl","p":3.05,"u":"4,07 €/L","img":"https://fd2-photos.leclercdrive.fr/image.ashx?id=2600689&use=l&cat=p&typeid=i","cat":334880},{"id":130528,"n":"Croquettes Boeuf Ultima Chat stérilisé Adulte - 7.5kg","p":29.0,"u":"3,87 €/KG","img":"https://fd2-photos.leclercdrive.fr/image.ashx?id=2921906&use=l&cat=p&typeid=i","cat":284680},{"id":130550,"n":"Gratte éponge Spontex Stop Bactérie - x4","p":3.46,"u":"0,87 €/P","img":"https://fd2-photos.leclercdrive.fr/image.ashx?id=2876578&use=l&cat=p&typeid=i","cat":284667},{"id":130629,"n":"Dés de Mimolette et Gouda Petit Marché - 120g","p":1.6,"u":"13,33 €/KG","img":"https://fd2-photos.leclercdrive.fr/image.ashx?id=2189372&use=l&cat=p&typeid=i","cat":314027},{"id":130667,"n":"Rôti de porc Fleury Michon Sans nitrite - x4 - 160g","p":2.62,"u":"16,38 €/KG","img":"https://fd2-photos.leclercdrive.fr/image.ashx?id=2320977&use=l&cat=p&typeid=i","cat":316009},{"id":130744,"n":"Nouilles aux oeufs Suzi Wan 250g","p":1.6,"u":"6,40 €/KG","img":"https://fd2-photos.leclercdrive.fr/image.ashx?id=2892928&use=l&cat=p&typeid=i","cat":288992},{"id":130750,"n":"Boite ménagère basilic Ducros 29g","p":1.41,"u":"48,62 €/KG","img":"https://fd2-photos.leclercdrive.fr/image.ashx?id=2486587&use=l&cat=p&typeid=i","cat":298297},{"id":130752,"n":"Maquereau Petit Navire 175g Vin blanc et aromates - 175g","p":2.11,"u":"12,06 €/KG","img":"https://fd2-photos.leclercdrive.fr/image.ashx?id=2989063&use=l&cat=p&typeid=i","cat":303868},{"id":130755,"n":"Maquereau Moutarde PETIT NAVIRE Moutarde sans arome ajouté 169g","p":1.93,"u":"11,42 €/KG","img":"https://fd2-photos.leclercdrive.fr/image.ashx?id=2989060&use=l&cat=p&typeid=i","cat":303868},{"id":130759,"n":"Barres Nakd Cacahuètes Raw   Barres de Fruits & Noix 4x35g","p":2.75,"u":"19,64 €/KG","img":"https://fd2-photos.leclercdrive.fr/image.ashx?id=3005251&use=l&cat=p&typeid=i","cat":285869},{"id":130776,"n":"Confiture  Bonne Maman Fraise framboise intenses 335g","p":2.41,"u":"7,19 €/KG","img":"https://fd2-photos.leclercdrive.fr/image.ashx?id=2396378&use=l&cat=p&typeid=i","cat":284480},{"id":130789,"n":"Préparation Gâteau alsa Moelleux Nature - 435g","p":2.19,"u":"5,03 €/KG","img":"https://fd2-photos.leclercdrive.fr/image.ashx?id=2996431&use=l&cat=p&typeid=i","cat":284505},{"id":130790,"n":"Préparation Gâteau alsa Moelleux Chocolat - 435g","p":2.19,"u":"5,03 €/KG","img":"https://fd2-photos.leclercdrive.fr/image.ashx?id=2996434&use=l&cat=p&typeid=i","cat":284505},{"id":130804,"n":"Préparation Gâteau alsa Fondant au Chocolat - 435g","p":2.61,"u":"8,16 €/KG","img":"https://fd2-photos.leclercdrive.fr/image.ashx?id=2996437&use=l&cat=p&typeid=i","cat":284505},{"id":130811,"n":"Brosse à Dents Signal Système Blancheur Medium x1","p":2.82,"img":"https://fd2-photos.leclercdrive.fr/image.ashx?id=2832539&use=l&cat=p&typeid=i","cat":284614},{"id":130816,"n":"Dentifrice Zendium Protection complète - 75ml","p":2.74,"img":"https://fd2-photos.leclercdrive.fr/image.ashx?id=2927711&use=l&cat=p&typeid=i","cat":284612},{"id":130857,"n":"Truite fumée de france Ovive 100g","p":3.33,"u":"33,30 €/KG","img":"https://fd2-photos.leclercdrive.fr/image.ashx?id=2902061&use=l&cat=p&typeid=i","cat":285188},{"id":130931,"n":"Dés emmental Petit Marché 120g","p":1.99,"u":"16,58 €/KG","img":"https://fd2-photos.leclercdrive.fr/image.ashx?id=2324483&use=l&cat=p&typeid=i","cat":314027},{"id":130935,"n":"Dés fromage Petit Marché Chèvre - 120g","p":3.47,"u":"28,92 €/KG","img":"https://fd2-photos.leclercdrive.fr/image.ashx?id=2195332&use=l&cat=p&typeid=i","cat":314027},{"id":130937,"n":"Dés Fromage Méditerranéen Petit Marché 120g","p":1.99,"u":"16,58 €/KG","img":"https://fd2-photos.leclercdrive.fr/image.ashx?id=2263733&use=l&cat=p&typeid=i","cat":314027},{"id":130939,"n":"Dés Cheddar Petit Marché - 120g","p":1.99,"u":"16,58 €/KG","img":"https://fd2-photos.leclercdrive.fr/image.ashx?id=2303612&use=l&cat=p&typeid=i","cat":314027},{"id":131015,"n":"Compotes Materne Coupelles Pomme - 4x100g","p":1.5,"u":"3,75 €/KG","img":"https://fd2-photos.leclercdrive.fr/image.ashx?id=3010855&use=l&cat=p&typeid=i","cat":284508},{"id":131192,"n":"Croquettes chien Ultima Nature  Poulet - 3kg","p":11.19,"u":"3,73 €/KG","img":"https://fd2-photos.leclercdrive.fr/image.ashx?id=2593167&use=l&cat=p&typeid=i","cat":284672},{"id":131390,"n":"Capsules Starbucks by Nespresso  House Blend Int 8 - x10","p":3.32,"u":"58,25 €/KG","img":"https://fd2-photos.leclercdrive.fr/image.ashx?id=2868143&use=l&cat=p&typeid=i","cat":284749},{"id":131395,"n":"Capsules Starbucks by Nespresso  Espresso Décaf Int 11 - x10","p":3.92,"u":"0,39 €/P","img":"https://fd2-photos.leclercdrive.fr/image.ashx?id=2945778&use=l&cat=p&typeid=i","cat":284749},{"id":131397,"n":"Capsules Starbucks by Nespresso  Sumatra Int 10 - x10","p":3.57,"u":"0,36 €/P","img":"https://fd2-photos.leclercdrive.fr/image.ashx?id=2945772&use=l&cat=p&typeid=i","cat":284749},{"id":131399,"n":"Café Capsules NESPRESSO int 7 Starbucks Pike Place Roast x10","p":3.56,"u":"67,17 €/KG","img":"https://fd2-photos.leclercdrive.fr/image.ashx?id=2945775&use=l&cat=p&typeid=i","cat":284749},{"id":131426,"n":"Capsules Starbucks by Nespresso  Espresso Roast Int 11 - x10","p":3.32,"u":"58,25 €/KG","img":"https://fd2-photos.leclercdrive.fr/image.ashx?id=2868149&use=l&cat=p&typeid=i","cat":284749},{"id":131431,"n":"Café Capsules by DOLCE GUSTO Starbucks Caramel Macchiato 2x6","p":4.39,"u":"34,57 €/KG","img":"https://fd2-photos.leclercdrive.fr/image.ashx?id=2966785&use=l&cat=p&typeid=i","cat":293239},{"id":131767,"n":"Bonbons sans sucres Ricola Orange Menthe - 50g","p":1.49,"u":"29,80 €/KG","img":"https://fd2-photos.leclercdrive.fr/image.ashx?id=2382219&use=l&cat=p&typeid=i","cat":304256},{"id":131784,"n":"Barres céréales Eco+ Choco/banane - 125g","p":0.71,"u":"5,68 €/KG","img":"https://fd2-photos.leclercdrive.fr/image.ashx?id=2791203&use=l&cat=p&typeid=i","cat":285869},{"id":131786,"n":"Café Dolce Gusto Plantation Décaféiné N°5 - x16 - 106g","p":3.39,"u":"31,98 €/KG","img":"https://fd2-photos.leclercdrive.fr/image.ashx?id=2649741&use=l&cat=p&typeid=i","cat":293239},{"id":131790,"n":"Barres céréales Eco+ Chocolat & cacahuètes x6 - 126g","p":0.71,"u":"5,63 €/KG","img":"https://fd2-photos.leclercdrive.fr/image.ashx?id=2791209&use=l&cat=p&typeid=i","cat":285869},{"id":131794,"n":"Betteraves rouges 3x130g","p":1.79,"u":"4,59 €/KG","img":"https://fd2-photos.leclercdrive.fr/image.ashx?id=2537848&use=l&cat=p&typeid=i","cat":312611},{"id":131806,"n":"Céréales fourrées P'tit Déli Chocolat au lait - 450g","p":2.45,"u":"5,44 €/KG","img":"https://fd2-photos.leclercdrive.fr/image.ashx?id=2835211&use=l&cat=p&typeid=i","cat":309513},{"id":131821,"n":"Croissants Eco+ x10 - 400g","p":1.45,"u":"3,63 €/KG","img":"https://fd2-photos.leclercdrive.fr/image.ashx?id=2922914&use=l&cat=p&typeid=i","cat":296366},{"id":131822,"n":"Delicioso format familial x10 - 350g","p":2.52,"u":"7,20 €/KG","img":"https://fd2-photos.leclercdrive.fr/image.ashx?id=1942584&use=l&cat=p&typeid=i","cat":284495},{"id":131825,"n":"Mais croquant Eco+ 3x140g","p":1.66,"u":"3,95 €/KG","img":"https://fd2-photos.leclercdrive.fr/image.ashx?id=3003741&use=l&cat=p&typeid=i","cat":312611},{"id":131826,"n":"Miettes thon à la tomate Eco + 160g","p":0.77,"u":"4,81 €/KG","img":"https://fd2-photos.leclercdrive.fr/image.ashx?id=2751856&use=l&cat=p&typeid=i","cat":303867},{"id":131831,"n":"Pâté de campagne Eco+ 3x78g","p":1.31,"u":"5,60 €/KG","img":"https://fd2-photos.leclercdrive.fr/image.ashx?id=2852943&use=l&cat=p&typeid=i","cat":305149},{"id":131832,"n":"Olives vertes dénoyautées 490g","p":2.52,"u":"5,14 €/KG","img":"https://fd2-photos.leclercdrive.fr/image.ashx?id=1942575&use=l&cat=p&typeid=i","cat":284458},{"id":131836,"n":"Pêches demi-fruits Eco+ Sirop léger - 465 g","p":1.4,"u":"3,01 €/KG","img":"https://fd2-photos.leclercdrive.fr/image.ashx?id=2655571&use=l&cat=p&typeid=i","cat":284507},{"id":131837,"n":"Petit pain grillé Bio Village Bio - 225g","p":1.35,"u":"6,00 €/KG","img":"https://fd2-photos.leclercdrive.fr/image.ashx?id=2595125&use=l&cat=p&typeid=i","cat":284479},{"id":132088,"n":"Sauce Barilla Tomates Cuisinées - 400g","p":1.62,"u":"4,05 €/KG","img":"https://fd2-photos.leclercdrive.fr/image.ashx?id=2832527&use=l&cat=p&typeid=i","cat":287599},{"id":132109,"n":"Batonnets de glace Nuii Mangue d'Inde et Noix de Coco  x4","p":4.44,"u":"15,52 €/KG","img":"https://fd2-photos.leclercdrive.fr/image.ashx?id=2506825&use=l&cat=p&typeid=i","cat":284265},{"id":132180,"n":"Petits pots bébé P'TITE RECETTE Tajine de poulet 12M+ - 2x200g","p":2.14,"u":"5,35 €/KG","img":"https://fd2-photos.leclercdrive.fr/image.ashx?id=2525720&use=l&cat=p&typeid=i","cat":312237},{"id":132234,"n":"Flocons d'avoine Grainea 500g","p":0.84,"u":"1,68 €/KG","img":"https://fd2-photos.leclercdrive.fr/image.ashx?id=2919655&use=l&cat=p&typeid=i","cat":309512},{"id":132239,"n":"Barre de céréales Nature Valley Crunchy avoine miel x10 -420g","p":3.97,"u":"9,45 €/KG","img":"https://fd2-photos.leclercdrive.fr/image.ashx?id=2612814&use=l&cat=p&typeid=i","cat":285869},{"id":132285,"n":"Feta grecque AOP Les Croisés - Tranche - 150g","p":1.84,"u":"12,27 €/KG","img":"https://fd2-photos.leclercdrive.fr/image.ashx?id=2688312&use=l&cat=p&typeid=i","cat":314026},{"id":132290,"n":"Huile d'Olive Carapelli Extra Vierge Classico - 75cl","p":10.88,"u":"14,51 €/L","img":"https://fd2-photos.leclercdrive.fr/image.ashx?id=2737480&use=l&cat=p&typeid=i","cat":284453},{"id":132330,"n":"Ail semoule Eco + 54g","p":0.79,"u":"14,63 €/KG","img":"https://fd2-photos.leclercdrive.fr/image.ashx?id=2717249&use=l&cat=p&typeid=i","cat":298297},{"id":132341,"n":"Couscous Fin Ferrero - 500G","p":1.46,"u":"2,92 €/KG","img":"https://fd2-photos.leclercdrive.fr/image.ashx?id=3008239&use=l&cat=p&typeid=i","cat":284429},{"id":132342,"n":"Tablette de chocolat Eco+ Blanc - 4x100g","p":3.67,"u":"9,18 €/KG","img":"https://fd2-photos.leclercdrive.fr/image.ashx?id=2579764&use=l&cat=p&typeid=i","cat":284957},{"id":132348,"n":"Delir' Pik Haribo Sachet bonbons acidulés - 275g","p":1.83,"u":"6,65 €/KG","img":"https://fd2-photos.leclercdrive.fr/image.ashx?id=2984904&use=l&cat=p&typeid=i","cat":304250},{"id":132368,"n":"Repas bébé Blédichef 15 mois Pâtes sauce tomate jambon -250g","p":1.84,"u":"7,36 €/KG","img":"https://fd2-photos.leclercdrive.fr/image.ashx?id=2643743&use=l&cat=p&typeid=i","cat":312238},{"id":132369,"n":"Repas bébé Blédichef 24 mois  Pâtes légumes cabillaud - 250g","p":1.92,"u":"7,68 €/KG","img":"https://fd2-photos.leclercdrive.fr/image.ashx?id=2644725&use=l&cat=p&typeid=i","cat":312238},{"id":132392,"n":"Gratte éponge Spontex Longue durée - x3","p":2.11,"u":"0,70 €/P","img":"https://fd2-photos.leclercdrive.fr/image.ashx?id=2973072&use=l&cat=p&typeid=i","cat":284667},{"id":132393,"n":"Lait croissance Guigoz Optipro En poudre - dès 18 mois - 900g","p":10.29,"u":"11,43 €/KG","img":"https://fd2-photos.leclercdrive.fr/image.ashx?id=2517589&use=l&cat=p&typeid=i","cat":290219},{"id":132486,"n":"Eau micellaire 100ml","p":1.49,"u":"14,90 €/L","img":"https://fd2-photos.leclercdrive.fr/image.ashx?id=1947543&use=l&cat=p&typeid=i","cat":284603},{"id":132564,"n":"AOP Fiefs Vendéens Bio Mareuil Vigne des Loups - 75cl","p":6.46,"u":"8,61 €/L","img":"https://fd2-photos.leclercdrive.fr/image.ashx?id=2743253&use=l&cat=p&typeid=i","cat":289556},{"id":132572,"n":"AOP Saumur Mousseux Brut Lacheteau Origine - 75cl","p":5.2,"u":"6,93 €/L","img":"https://fd2-photos.leclercdrive.fr/image.ashx?id=2960768&use=l&cat=p&typeid=i","cat":284545},{"id":132585,"n":"Skyr Yoplait  Nature 0%Mg - 4x100g","p":2.03,"u":"5,08 €/KG","img":"https://fd2-photos.leclercdrive.fr/image.ashx?id=2884435&use=l&cat=p&typeid=i","cat":315000},{"id":132601,"n":"Fan of Pik Haribo  Sachet bonbons acidulés - 200g","p":1.79,"u":"8,95 €/KG","img":"https://fd2-photos.leclercdrive.fr/image.ashx?id=2789766&use=l&cat=p&typeid=i","cat":304250},{"id":132625,"n":"Batônnets Trium Vanille Fruits rouge x4 - 286g","p":2.64,"u":"9,23 €/KG","img":"https://fd2-photos.leclercdrive.fr/image.ashx?id=2920782&use=l&cat=p&typeid=i","cat":284265},{"id":132629,"n":"Pétales de blé P'tit Déli Au chocolat - 400g","p":2.17,"u":"5,43 €/KG","img":"https://fd2-photos.leclercdrive.fr/image.ashx?id=2765846&use=l&cat=p&typeid=i","cat":309513},{"id":132636,"n":"Bac parfum chocolat Eco+ 500g","p":1.33,"u":"2,66 €/KG","img":"https://fd2-photos.leclercdrive.fr/image.ashx?id=1948125&use=l&cat=p&typeid=i","cat":284263},{"id":132638,"n":"Batonnet Trium Vanille fruit exotique x4  294g","p":2.65,"u":"9,01 €/KG","img":"https://fd2-photos.leclercdrive.fr/image.ashx?id=2911699&use=l&cat=p&typeid=i","cat":284265},{"id":132780,"n":"AOP Champagne Lanson Brut Le Black Label - 12.5%vol 75cl","p":32.7,"u":"43,60 €/L","img":"https://fd2-photos.leclercdrive.fr/image.ashx?id=2914453&use=l&cat=p&typeid=i","cat":284542},{"id":132789,"n":"Mayonnaise Bénédicta Signature - 255g","p":2.27,"u":"10,09 €/KG","img":"https://fd2-photos.leclercdrive.fr/image.ashx?id=2548216&use=l&cat=p&typeid=i","cat":298295},{"id":132796,"n":"Haché moelleux Eco+ 500g","p":4.55,"u":"9,10 €/KG","img":"https://fd2-photos.leclercdrive.fr/image.ashx?id=2930606&use=l&cat=p&typeid=i","cat":284332},{"id":132808,"n":"Skyr Yoplait  Lit Fruits Rouges 0%Mg - 4x100g","p":1.87,"u":"4,68 €/KG","img":"https://fd2-photos.leclercdrive.fr/image.ashx?id=2884438&use=l&cat=p&typeid=i","cat":315000},{"id":132811,"n":"Skyr Yoplait  Sur Lit Myrtilles 0%MG - 4x100G","p":1.87,"u":"4,68 €/KG","img":"https://fd2-photos.leclercdrive.fr/image.ashx?id=2884441&use=l&cat=p&typeid=i","cat":315000},{"id":132812,"n":"Bière blonde Grimbergen Sans alcool 0,0° - 6x25cl","p":4.9,"u":"3,27 €/L","img":"https://fd2-photos.leclercdrive.fr/image.ashx?id=2334515&use=l&cat=p&typeid=i","cat":334877},{"id":132815,"n":"Skyr Yoplait  Sur Lit Citron 0%MG - 4x100g","p":1.87,"u":"4,68 €/KG","img":"https://fd2-photos.leclercdrive.fr/image.ashx?id=2317780&use=l&cat=p&typeid=i","cat":315000},{"id":132905,"n":"Confiture Bonne Maman Myrtille/Cassis - 335g","p":2.53,"u":"7,55 €/KG","img":"https://fd2-photos.leclercdrive.fr/image.ashx?id=2508222&use=l&cat=p&typeid=i","cat":284480},{"id":133039,"n":"Lessive liquide noir Epsil 25 Lavages - 1.25L","p":2.54,"u":"2,03 €/L","img":"https://fd2-photos.leclercdrive.fr/image.ashx?id=2958759&use=l&cat=p&typeid=i","cat":284640},{"id":133071,"n":"Contour yeux bio So Bio Etic Précieux Argan -15ml","p":12.8,"u":"853,33 €/L","img":"https://fd2-photos.leclercdrive.fr/image.ashx?id=2644244&use=l&cat=p&typeid=i","cat":325345},{"id":133115,"n":"Sauce Mayomix Heinz Mix mayonnaise & ketchup - 425g","p":2.6,"u":"6,12 €/KG","img":"https://fd2-photos.leclercdrive.fr/image.ashx?id=2926936&use=l&cat=p&typeid=i","cat":318431},{"id":133121,"n":"Poisson Pané Colin Alaska Findus Céréales graines - 250g","p":2.97,"u":"11,88 €/KG","img":"https://fd2-photos.leclercdrive.fr/image.ashx?id=3008764&use=l&cat=p&typeid=i","cat":319788},{"id":133179,"n":"Yaourt protéiné Hipro Vanille 0%mg - 2x160g","p":2.01,"u":"6,28 €/KG","img":"https://fd2-photos.leclercdrive.fr/image.ashx?id=2807414&use=l&cat=p&typeid=i","cat":315000},{"id":133188,"n":"Douche crème bio So Bio Etic Surgras à l'huile de coco-650ml","p":5.52,"u":"8,49 €/L","img":"https://fd2-photos.leclercdrive.fr/image.ashx?id=2891580&use=l&cat=p&typeid=i","cat":284594},{"id":133236,"n":"Shampooing Anasphase Ducray complément anti chute - 400ml","p":13.49,"u":"33,73 €/L","img":"https://fd2-photos.leclercdrive.fr/image.ashx?id=2960861&use=l&cat=p&typeid=i","cat":290400},{"id":133258,"n":"Margarine St Hubert Doux - 500g","p":2.81,"u":"5,62 €/KG","img":"https://fd2-photos.leclercdrive.fr/image.ashx?id=2393686&use=l&cat=p&typeid=i","cat":315229},{"id":133365,"n":"Bière 3 Monts Saison Deux houblons - 75 cl","p":2.65,"u":"3,53 €/L","img":"https://fd2-photos.leclercdrive.fr/image.ashx?id=2548183&use=l&cat=p&typeid=i","cat":334852},{"id":133382,"n":"Dentifrice en gel Arthrodont Gencives sensibles - 2x75ml","p":8.0,"u":"53,33 €/L","img":"https://fd2-photos.leclercdrive.fr/image.ashx?id=1982512&use=l&cat=p&typeid=i","cat":290419},{"id":133387,"n":"Pain surgras A-Derma 2x100g","p":8.99,"u":"44,95 €/KG","img":"https://fd2-photos.leclercdrive.fr/image.ashx?id=2008793&use=l&cat=p&typeid=i","cat":301591},{"id":133393,"n":"Huile sèche SPF 30 Klorane solaire Polysianes -200ml","p":16.39,"u":"81,95 €/L","img":"https://fd2-photos.leclercdrive.fr/image.ashx?id=2377247&use=l&cat=p&typeid=i","cat":290396},{"id":133447,"n":"Aqua gel crème hydratant Avène Hydrance - 50ml","p":17.99,"u":"359,80 €/L","img":"https://fd2-photos.leclercdrive.fr/image.ashx?id=2373528&use=l&cat=p&typeid=i","cat":291171},{"id":133448,"n":"Crème émolliente Ictyane Ducray Nutritive visage/corps -2x200ml","p":12.99,"u":"32,48 €/L","img":"https://fd2-photos.leclercdrive.fr/image.ashx?id=2056819&use=l&cat=p&typeid=i","cat":290421},{"id":133455,"n":"Dentifrice Elgydium blancheur - 2x75ml","p":7.95,"u":"53,00 €/L","img":"https://fd2-photos.leclercdrive.fr/image.ashx?id=1982509&use=l&cat=p&typeid=i","cat":290419},{"id":133472,"n":"Lait corps hydrate So Bio Etic Aloe vera bio extra-doux -200ml","p":6.12,"u":"30,60 €/L","img":"https://fd2-photos.leclercdrive.fr/image.ashx?id=2505558&use=l&cat=p&typeid=i","cat":325349},{"id":133475,"n":"Lait corps nourrit So Bio Etic Surgras Karité bio - 200ml","p":6.12,"u":"30,60 €/L","img":"https://fd2-photos.leclercdrive.fr/image.ashx?id=2997010&use=l&cat=p&typeid=i","cat":325349},{"id":133501,"n":"Shampooing Klorane petit junior Démêlant pêche - 500ml","p":8.99,"u":"17,98 €/L","img":"https://fd2-photos.leclercdrive.fr/image.ashx?id=2373534&use=l&cat=p&typeid=i","cat":290400},{"id":133512,"n":"Brossettes interdentaires Inava mono compact 1.2mm oranges- x6","p":3.49,"u":"0,58 €/P","img":"https://fd2-photos.leclercdrive.fr/image.ashx?id=1982521&use=l&cat=p&typeid=i","cat":301595},{"id":133533,"n":"Masque Color-Vive Elsève 2x310ml","p":9.83,"u":"15,85 €/L","img":"https://fd2-photos.leclercdrive.fr/image.ashx?id=2396159&use=l&cat=p&typeid=i","cat":284608},{"id":133548,"n":"Spray solaire Klorane SPF50 Polysianes Sublime - 200ml","p":15.95,"u":"79,75 €/L","img":"https://fd2-photos.leclercdrive.fr/image.ashx?id=2607704&use=l&cat=p&typeid=i","cat":290396},{"id":133559,"n":"Crème sublimatrice Klorane après-soleil - 200ml","p":19.7,"u":"98,50 €/L","img":"https://fd2-photos.leclercdrive.fr/image.ashx?id=2377250&use=l&cat=p&typeid=i","cat":290396},{"id":133650,"n":"DOC Prosecco Treviso Mionetto - 75cl","p":6.73,"u":"8,97 €/L","img":"https://fd2-photos.leclercdrive.fr/image.ashx?id=3011911&use=l&cat=p&typeid=i","cat":289461},{"id":133674,"n":"AOP Bandol Rosé By Barthes - 75cl","p":8.95,"u":"11,93 €/L","img":"https://fd2-photos.leclercdrive.fr/image.ashx?id=2616198&use=l&cat=p&typeid=i","cat":289558},{"id":133987,"n":"Oeufs La nouvelle agriculture Plein Air - x12","p":3.64,"u":"0,30 €/P","img":"https://fd2-photos.leclercdrive.fr/image.ashx?id=2465562&use=l&cat=p&typeid=i","cat":284378},{"id":134047,"n":"Barres de céréales Lion Chocolat caramel - 12x25g","p":3.96,"u":"13,20 €/KG","img":"https://fd2-photos.leclercdrive.fr/image.ashx?id=2846787&use=l&cat=p&typeid=i","cat":285869},{"id":134121,"n":"Poivre noir moulu Eco+ 44g","p":0.55,"u":"12,50 €/KG","img":"https://fd2-photos.leclercdrive.fr/image.ashx?id=2717246&use=l&cat=p&typeid=i","cat":284457},{"id":134122,"n":"Poivre noir moulu Eco+ 90g","p":1.15,"u":"12,78 €/KG","img":"https://fd2-photos.leclercdrive.fr/image.ashx?id=2836307&use=l&cat=p&typeid=i","cat":284457},{"id":134124,"n":"Velouté PurSoup' Liebig Poireaux pomme de terre - 1L","p":2.1,"u":"2,10 €/L","img":"https://fd2-photos.leclercdrive.fr/image.ashx?id=2864324&use=l&cat=p&typeid=i","cat":284462},{"id":134130,"n":"Mélange paella Ducros 20g","p":1.67,"u":"83,50 €/KG","img":"https://fd2-photos.leclercdrive.fr/image.ashx?id=2490500&use=l&cat=p&typeid=i","cat":298297},{"id":134131,"n":"Soupe liquide brique Liebig  Velouté de Tomates - 1L","p":2.04,"u":"2,04 €/L","img":"https://fd2-photos.leclercdrive.fr/image.ashx?id=2759439&use=l&cat=p&typeid=i","cat":284462},{"id":134144,"n":"Don Papa Masskara Base de rhum 40% vol 70cl","p":29.99,"u":"42,84 €/L","img":"https://fd2-photos.leclercdrive.fr/image.ashx?id=2858255&use=l&cat=p&typeid=i","cat":284551},{"id":134146,"n":"Biscuits Nustikao Fourrés pâte à tartiner - 200g","p":1.67,"u":"8,35 €/KG","img":"https://fd2-photos.leclercdrive.fr/image.ashx?id=2473999&use=l&cat=p&typeid=i","cat":284488},{"id":134152,"n":"Biscuits Kinder Happy Hippo Au lait et au cacao - 103,5g","p":1.54,"u":"14,81 €/KG","img":"https://fd2-photos.leclercdrive.fr/image.ashx?id=2454499&use=l&cat=p&typeid=i","cat":284488},{"id":134162,"n":"Fromage frais nature Eco+ 9%mg - 6x60g","p":0.93,"u":"2,58 €/KG","img":"https://fd2-photos.leclercdrive.fr/image.ashx?id=2722372&use=l&cat=p&typeid=i","cat":284409},{"id":134184,"n":"Nissin Soba sachet classique 109g","p":1.86,"u":"17,06 €/KG","img":"https://fd2-photos.leclercdrive.fr/image.ashx?id=2647630&use=l&cat=p&typeid=i","cat":288992},{"id":134218,"n":"Lardons fumés Tradilège Sans nitrite - 2x75g","p":1.59,"u":"10,60 €/KG","img":"https://fd2-photos.leclercdrive.fr/image.ashx?id=2965828&use=l&cat=p&typeid=i","cat":316011},{"id":134223,"n":"Allumettes fumées Tradilège Sans nitrite - 2x75g","p":1.65,"u":"11,00 €/KG","img":"https://fd2-photos.leclercdrive.fr/image.ashx?id=2965825&use=l&cat=p&typeid=i","cat":316011},{"id":134317,"n":"Biscuit Croc Break P'tit Déli Goût Chocolat - 300g","p":1.15,"u":"3,83 €/KG","img":"https://fd2-photos.leclercdrive.fr/image.ashx?id=2390431&use=l&cat=p&typeid=i","cat":284488},{"id":134318,"n":"Biscuits P'tit déli Pirates Chocolat - 2x300g","p":2.17,"u":"3,62 €/KG","img":"https://fd2-photos.leclercdrive.fr/image.ashx?id=2539460&use=l&cat=p&typeid=i","cat":284488},{"id":134331,"n":"Muesli croustillant Grainéa Chocolat noir - 500g","p":2.29,"u":"4,58 €/KG","img":"https://fd2-photos.leclercdrive.fr/image.ashx?id=2925991&use=l&cat=p&typeid=i","cat":309512},{"id":134333,"n":"Muesli croustillant Grainéa Noix - 500g","p":2.02,"u":"4,04 €/KG","img":"https://fd2-photos.leclercdrive.fr/image.ashx?id=2917662&use=l&cat=p&typeid=i","cat":309512},{"id":134336,"n":"Muesli croustillant Grainéa  Aux fruits - 500g","p":1.87,"u":"3,74 €/KG","img":"https://fd2-photos.leclercdrive.fr/image.ashx?id=2931796&use=l&cat=p&typeid=i","cat":309512},{"id":134347,"n":"Anneaux Calamars Cité Marine Romaine - 180g","p":3.55,"u":"19,72 €/KG","img":"https://fd2-photos.leclercdrive.fr/image.ashx?id=2867104&use=l&cat=p&typeid=i","cat":284344},{"id":134352,"n":"Muesli croustillant Grainéa  Fraise - 500g","p":2.27,"u":"4,54 €/KG","img":"https://fd2-photos.leclercdrive.fr/image.ashx?id=2931787&use=l&cat=p&typeid=i","cat":309512},{"id":134353,"n":"Muesli croustillant Grainéa Chocolat lait - 500g","p":2.27,"u":"4,54 €/KG","img":"https://fd2-photos.leclercdrive.fr/image.ashx?id=2925994&use=l&cat=p&typeid=i","cat":309512},{"id":134398,"n":"Saucisson Fuet d'Olot 150g","p":2.36,"u":"15,73 €/KG","img":"https://fd2-photos.leclercdrive.fr/image.ashx?id=1971722&use=l&cat=p&typeid=i","cat":316006},{"id":134576,"n":"Bicarbonate de soude Biovie 500g","p":2.79,"u":"5,58 €/KG","img":"https://fd2-photos.leclercdrive.fr/image.ashx?id=2990706&use=l&cat=p&typeid=i","cat":325365},{"id":134600,"n":"Barres chocolat Milka Nussini - 5x31,5g","p":2.63,"u":"16,75 €/KG","img":"https://fd2-photos.leclercdrive.fr/image.ashx?id=2913487&use=l&cat=p&typeid=i","cat":284498},{"id":134676,"n":"Friandises chien Pedigree  Schmackos multi mix x20 - 144g","p":2.22,"u":"15,42 €/KG","img":"https://fd2-photos.leclercdrive.fr/image.ashx?id=2338579&use=l&cat=p&typeid=i","cat":294527},{"id":134744,"n":"Foie gras canard Les exquis Larnaudie - torchon - 400g","p":40.9,"pp":26.99,"u":"67,48 €/KG","img":"https://fd2-photos.leclercdrive.fr/image.ashx?id=2915781&use=l&cat=p&typeid=i","cat":316008},{"id":134745,"n":"Yaourt nature ECO+ 12x125g","p":1.69,"u":"1,13 €/KG","img":"https://fd2-photos.leclercdrive.fr/image.ashx?id=2791194&use=l&cat=p&typeid=i","cat":284409},{"id":134748,"n":"Asperges blanches Eco+ Miniatures - 125g","p":0.99,"u":"7,92 €/KG","img":"https://fd2-photos.leclercdrive.fr/image.ashx?id=2661076&use=l&cat=p&typeid=i","cat":312611},{"id":134758,"n":"Compote Allégée en sucres Eco+ Coupelle pomme banane - 4x100g","p":0.58,"u":"1,45 €/KG","img":"https://fd2-photos.leclercdrive.fr/image.ashx?id=1965671&use=l&cat=p&typeid=i","cat":284508},{"id":134770,"n":"Compote bio Bio Village Gourdes multivariétés - 12x90g","p":6.35,"u":"5,88 €/KG","img":"https://fd2-photos.leclercdrive.fr/image.ashx?id=1965920&use=l&cat=p&typeid=i","cat":284508},{"id":134774,"n":"Pur jus de citron jaune - 50 cl jaune - 50 cl","p":2.39,"u":"4,78 €/L","img":"https://fd2-photos.leclercdrive.fr/image.ashx?id=3010449&use=l&cat=p&typeid=i","cat":288383},{"id":134793,"n":"Toasts fins nature Epi d'Or 100g","p":1.65,"u":"16,50 €/KG","img":"https://fd2-photos.leclercdrive.fr/image.ashx?id=2696283&use=l&cat=p&typeid=i","cat":285454},{"id":134794,"n":"Toasts fins sésame Epi d'Or 100g","p":1.65,"u":"16,50 €/KG","img":"https://fd2-photos.leclercdrive.fr/image.ashx?id=1965782&use=l&cat=p&typeid=i","cat":285454},{"id":134796,"n":"Tomates entières pelées Eco+ 240g","p":0.55,"u":"2,29 €/KG","img":"https://fd2-photos.leclercdrive.fr/image.ashx?id=2762501&use=l&cat=p&typeid=i","cat":312608},{"id":134798,"n":"Velouté de légumes Eco + 1L","p":0.89,"u":"0,89 €/L","img":"https://fd2-photos.leclercdrive.fr/image.ashx?id=2768448&use=l&cat=p&typeid=i","cat":284462},{"id":134799,"n":"Vinaigre de vin 6° Eco +  1L","p":0.55,"u":"0,55 €/L","img":"https://fd2-photos.leclercdrive.fr/image.ashx?id=2729257&use=l&cat=p&typeid=i","cat":298543},{"id":134815,"n":"Pur jus 4 agrumes Eco +  1L","p":1.43,"u":"1,43 €/L","img":"https://fd2-photos.leclercdrive.fr/image.ashx?id=2762943&use=l&cat=p&typeid=i","cat":284917},{"id":134817,"n":"Jus de pamplemousse rose Eco + ABC - 1L","p":0.98,"u":"0,98 €/L","img":"https://fd2-photos.leclercdrive.fr/image.ashx?id=2595077&use=l&cat=p&typeid=i","cat":284914},{"id":134823,"n":"Nectar multifruits Eco+ 6x20cl","p":1.75,"u":"1,46 €/L","img":"https://fd2-photos.leclercdrive.fr/image.ashx?id=2957548&use=l&cat=p&typeid=i","cat":284917},{"id":134829,"n":"Bière forte 7.9% Millbrau 50CL","p":0.85,"u":"1,70 €/L","img":"https://fd2-photos.leclercdrive.fr/image.ashx?id=2955578&use=l&cat=p&typeid=i","cat":334853},{"id":134856,"n":"Eau de javel Eco + 2L","p":0.63,"u":"0,32 €/L","img":"https://fd2-photos.leclercdrive.fr/image.ashx?id=2949158&use=l&cat=p&typeid=i","cat":284661},{"id":134859,"n":"Bougie végétale Insectivor Anti-moustique - 1 pièce","p":3.99,"img":"https://fd2-photos.leclercdrive.fr/image.ashx?id=1965767&use=l&cat=p&typeid=i","cat":298368},{"id":134989,"n":"Amora Cornichons Extra-Fins Bocal Croq'Vert 370g","p":2.76,"u":"7,46 €/KG","img":"https://fd2-photos.leclercdrive.fr/image.ashx?id=2670911&use=l&cat=p&typeid=i","cat":284458},{"id":135081,"n":"Joker Pur Jus Engagé  Multifruits - 1,5L","p":3.39,"u":"2,26 €/L","img":"https://fd2-photos.leclercdrive.fr/image.ashx?id=3008137&use=l&cat=p&typeid=i","cat":284917},{"id":135136,"n":"Coeur fondant chocolat Equador 2x90g","p":2.13,"u":"11,83 €/KG","img":"https://fd2-photos.leclercdrive.fr/image.ashx?id=1979707&use=l&cat=p&typeid=i","cat":284419},{"id":135179,"n":"Sauce béchamel Bridélice 50cl","p":2.6,"u":"5,20 €/L","img":"https://fd2-photos.leclercdrive.fr/image.ashx?id=2904718&use=l&cat=p&typeid=i","cat":284382},{"id":135203,"n":"Yaourt nature Eco+ 4x125g","p":0.58,"u":"1,16 €/KG","img":"https://fd2-photos.leclercdrive.fr/image.ashx?id=2671789&use=l&cat=p&typeid=i","cat":284409},{"id":135204,"n":"Margarine allégée Eco+ Cuisson 60%vol - 500g","p":1.16,"u":"2,32 €/KG","img":"https://fd2-photos.leclercdrive.fr/image.ashx?id=1973027&use=l&cat=p&typeid=i","cat":315229},{"id":135229,"n":"Emmental rapé Eco+ 29%mg - 1kg","p":7.39,"u":"7,39 €/KG","img":"https://fd2-photos.leclercdrive.fr/image.ashx?id=2587097&use=l&cat=p&typeid=i","cat":314035},{"id":135245,"n":"Salade mélangée Eco+ 250g","p":0.75,"u":"3,00 €/KG","img":"https://fd2-photos.leclercdrive.fr/image.ashx?id=2675020&use=l&cat=p&typeid=i","cat":284353},{"id":135246,"n":"Crème fraiche Eco+ Légère - 15% MG - 50cl","p":1.35,"u":"2,70 €/L","img":"https://fd2-photos.leclercdrive.fr/image.ashx?id=2891869&use=l&cat=p&typeid=i","cat":284381},{"id":135247,"n":"Fromage fondu Eco+ 17%mg - x10 - 200g","p":1.08,"u":"5,40 €/KG","img":"https://fd2-photos.leclercdrive.fr/image.ashx?id=2652290&use=l&cat=p&typeid=i","cat":314028},{"id":135251,"n":"Yaourt nature sucré Yoplait - 8x125g","p":2.04,"u":"2,04 €/KG","img":"https://fd2-photos.leclercdrive.fr/image.ashx?id=2796830&use=l&cat=p&typeid=i","cat":284409},{"id":135255,"n":"Crème fraiche épaisse Yoplait Légère 12%MG - 190g","p":0.71,"u":"3,74 €/KG","img":"https://fd2-photos.leclercdrive.fr/image.ashx?id=2811035&use=l&cat=p&typeid=i","cat":284381},{"id":135266,"n":"Pruneau Eco+ 1kg","p":5.97,"u":"5,97 €/KG","img":"https://fd2-photos.leclercdrive.fr/image.ashx?id=2964562&use=l&cat=p&typeid=i","cat":284357},{"id":135270,"n":"Pomme de terre rouge Vapeur  Sautées Panier du Primeur - 2kg","p":2.29,"u":"1,15 €/KG","img":"https://fd2-photos.leclercdrive.fr/image.ashx?id=2959638&use=l&cat=p&typeid=i","cat":284352},{"id":135276,"n":"Pomme de terre Panier Primeur Micro-ondes - 750g","p":1.48,"u":"1,97 €/KG","img":"https://fd2-photos.leclercdrive.fr/image.ashx?id=2649903&use=l&cat=p&typeid=i","cat":284352},{"id":135278,"n":"Fromage blanc aromatisé Eco+ 2.8%MG - 12x60g","p":1.79,"u":"2,49 €/KG","img":"https://fd2-photos.leclercdrive.fr/image.ashx?id=2794817&use=l&cat=p&typeid=i","cat":284409},{"id":135279,"n":"Ail violet Panier du Primeur x3","p":2.99,"u":"1,00 €/P","img":"https://fd2-photos.leclercdrive.fr/image.ashx?id=2960520&use=l&cat=p&typeid=i","cat":284352},{"id":135292,"n":"Crème dessert Eco+ Panachées - 12x125g","p":2.43,"u":"1,62 €/KG","img":"https://fd2-photos.leclercdrive.fr/image.ashx?id=2804326&use=l&cat=p&typeid=i","cat":285041},{"id":135293,"n":"Crème dessert Eco+ Saveur vanille - 4x125g","p":0.77,"u":"1,54 €/KG","img":"https://fd2-photos.leclercdrive.fr/image.ashx?id=2765695&use=l&cat=p&typeid=i","cat":285041},{"id":135294,"n":"Crème dessert Eco+ Chocolat - 4x125g","p":0.74,"u":"1,48 €/KG","img":"https://fd2-photos.leclercdrive.fr/image.ashx?id=2777791&use=l&cat=p&typeid=i","cat":285041},{"id":135295,"n":"Tranchette de gouda Eco+ 28%mg - 300g","p":2.53,"u":"8,43 €/KG","img":"https://fd2-photos.leclercdrive.fr/image.ashx?id=1974470&use=l&cat=p&typeid=i","cat":314028},{"id":135296,"n":"Fromage mi-chèvre Eco+ 23%mg - 180g","p":1.65,"u":"9,17 €/KG","img":"https://fd2-photos.leclercdrive.fr/image.ashx?id=2744356&use=l&cat=p&typeid=i","cat":314031},{"id":135301,"n":"Hauts de cuisse Eco+ Poulet blanc - 1kg","p":4.49,"u":"4,49 €/KG","img":"https://fd2-photos.leclercdrive.fr/image.ashx?id=1975023&use=l&cat=p&typeid=i","cat":284336},{"id":135343,"n":"Râpé 3 fromages Les Croisés  Format familial - 350g","p":3.12,"u":"8,91 €/KG","img":"https://fd2-photos.leclercdrive.fr/image.ashx?id=2959734&use=l&cat=p&typeid=i","cat":314035},{"id":135429,"n":"Pommes Dauphine Findus 540g","p":3.19,"u":"5,91 €/KG","img":"https://fd2-photos.leclercdrive.fr/image.ashx?id=2009954&use=l&cat=p&typeid=i","cat":319792},{"id":135454,"n":"Brioche tranchée Harrys Nature sans additif Maxi - 680g","p":3.2,"u":"4,71 €/KG","img":"https://fd2-photos.leclercdrive.fr/image.ashx?id=2503022&use=l&cat=p&typeid=i","cat":284478},{"id":135456,"n":"Brioche tranchée Harrys Nature / Sans additifs - 485 g","p":2.36,"u":"4,87 €/KG","img":"https://fd2-photos.leclercdrive.fr/image.ashx?id=2503019&use=l&cat=p&typeid=i","cat":284478},{"id":135458,"n":"Brioche tranchée nature Harrys Allégée en sucre - 485g","p":3.02,"u":"6,23 €/KG","img":"https://fd2-photos.leclercdrive.fr/image.ashx?id=2503031&use=l&cat=p&typeid=i","cat":284478},{"id":135459,"n":"Brioche Tranchée Harrys Pépites de chocolat - 485g","p":2.93,"u":"6,04 €/KG","img":"https://fd2-photos.leclercdrive.fr/image.ashx?id=2503028&use=l&cat=p&typeid=i","cat":284478},{"id":135475,"n":"Fromage Persillée Saint Agur  250g","p":4.34,"u":"17,36 €/KG","img":"https://fd2-photos.leclercdrive.fr/image.ashx?id=2276759&use=l&cat=p&typeid=i","cat":314032},{"id":135481,"n":"Barres céréales Nesquik Chocolat - 12x25g","p":3.92,"u":"13,07 €/KG","img":"https://fd2-photos.leclercdrive.fr/image.ashx?id=2843225&use=l&cat=p&typeid=i","cat":285869},{"id":135535,"n":"Chocolat noir Les orangettes Les Chevaliers d'Argouges  190g","p":7.85,"u":"41,32 €/KG","img":"https://fd2-photos.leclercdrive.fr/image.ashx?id=2842729&use=l&cat=p&typeid=i","cat":327601},{"id":135536,"n":"Chocolat tranche d'oranges Les Chevalier d'Argouges - 180g","p":8.41,"u":"46,72 €/KG","img":"https://fd2-photos.leclercdrive.fr/image.ashx?id=2841415&use=l&cat=p&typeid=i","cat":327601},{"id":135554,"n":"Boules chocolat praliné Jacquot Lait, Amandes, noisettes - 1kg","p":10.32,"u":"10,32 €/KG","img":"https://fd2-photos.leclercdrive.fr/image.ashx?id=2303306&use=l&cat=p&typeid=i","cat":327595},{"id":135617,"n":"Champagne G.H. Mumm  brut - 75cl","p":34.3,"pp":31.3,"u":"41,73 €/L","img":"https://fd2-photos.leclercdrive.fr/image.ashx?id=2988315&use=l&cat=p&typeid=i","cat":284542},{"id":135640,"n":"Cuadro 4 chocolat praliné Novi Noir, lait, blanc noisette 150g","p":4.54,"u":"30,27 €/KG","img":"https://fd2-photos.leclercdrive.fr/image.ashx?id=2922218&use=l&cat=p&typeid=i","cat":327595},{"id":135677,"n":"Mouchoirs Kleenex Allergy comfort - 2x56","p":3.19,"pp":2.23,"u":"0,02 €/P","img":"https://fd2-photos.leclercdrive.fr/image.ashx?id=2665481&use=l&cat=p&typeid=i","cat":284638},{"id":135758,"n":"Jambon Supérieur VPF Tradilège A l'étouffée Découennéx10 -400g","p":5.13,"u":"12,83 €/KG","img":"https://fd2-photos.leclercdrive.fr/image.ashx?id=2970477&use=l&cat=p&typeid=i","cat":316009},{"id":135780,"n":"Petits pots bébé P'TITE RECETTE Cabillaud 8M+ - 2x200g","p":2.27,"u":"5,68 €/KG","img":"https://fd2-photos.leclercdrive.fr/image.ashx?id=2525717&use=l&cat=p&typeid=i","cat":312236},{"id":136373,"n":"Boîte chocolats Ferrero Rocher x27 pralines - 337g","p":12.73,"u":"37,66 €/KG","img":"https://fd2-photos.leclercdrive.fr/image.ashx?id=2940522&use=l&cat=p&typeid=i","cat":327600},{"id":136445,"n":"Gateau marbré Savane Chocolat - 310g","p":2.5,"u":"8,06 €/KG","img":"https://fd2-photos.leclercdrive.fr/image.ashx?id=2870719&use=l&cat=p&typeid=i","cat":294776},{"id":136457,"n":"Pain grillé original Pasquier 415g","p":1.92,"u":"4,63 €/KG","img":"https://fd2-photos.leclercdrive.fr/image.ashx?id=2943957&use=l&cat=p&typeid=i","cat":284479},{"id":136507,"n":"Gros sel marin Bjorg Gris - 1 kg","p":2.41,"u":"2,41 €/KG","img":"https://fd2-photos.leclercdrive.fr/image.ashx?id=2105320&use=l&cat=p&typeid=i","cat":284457},{"id":136579,"n":"Soupe liquide brique Liebig  Velouté de 12 légumes - 1L","p":1.94,"u":"1,94 €/L","img":"https://fd2-photos.leclercdrive.fr/image.ashx?id=2172645&use=l&cat=p&typeid=i","cat":284462},{"id":136580,"n":"Soupe liquide brique Liebig  Mouliné de 12 légumes - 1L","p":2.57,"u":"2,57 €/L","img":"https://fd2-photos.leclercdrive.fr/image.ashx?id=2172642&use=l&cat=p&typeid=i","cat":284462},{"id":136585,"n":"Plat bébé soir Blédiner 15 mois pâtes crème légumes - 2x200g","p":2.7,"u":"6,75 €/KG","img":"https://fd2-photos.leclercdrive.fr/image.ashx?id=2845859&use=l&cat=p&typeid=i","cat":312239},{"id":136598,"n":"Compote Bio Village Gourdes Pomme bio - 12x90g","p":5.25,"u":"4,86 €/KG","img":"https://fd2-photos.leclercdrive.fr/image.ashx?id=2330517&use=l&cat=p&typeid=i","cat":284508},{"id":136627,"n":"Pad Thai Céréal Bio  Bio repas express - 220g","p":2.52,"u":"11,45 €/KG","img":"https://fd2-photos.leclercdrive.fr/image.ashx?id=2574089&use=l&cat=p&typeid=i","cat":288992},{"id":136668,"n":"Champignons de Paris bruns Panier du Primeur - 250g","p":1.79,"u":"7,16 €/KG","img":"https://fd2-photos.leclercdrive.fr/image.ashx?id=2600255&use=l&cat=p&typeid=i","cat":284352},{"id":136670,"n":"Oignons jaunes Eco+ 1.5 Kg","p":1.69,"u":"1,13 €/KG","img":"https://fd2-photos.leclercdrive.fr/image.ashx?id=2772572&use=l&cat=p&typeid=i","cat":284352},{"id":136761,"n":"Attache sapin Père Noël Rohan Aluminium - 200g","p":4.77,"u":"23,85 €/KG","img":"https://fd2-photos.leclercdrive.fr/image.ashx?id=2863461&use=l&cat=p&typeid=i","cat":327592},{"id":136772,"n":"Werthers original ss chocolat 42g","p":1.57,"u":"37,38 €/KG","img":"https://fd2-photos.leclercdrive.fr/image.ashx?id=2660176&use=l&cat=p&typeid=i","cat":304252},{"id":136775,"n":"Fleur de maïs Maïzena 700g","p":2.45,"pp":1.71,"u":"2,44 €/KG","img":"https://fd2-photos.leclercdrive.fr/image.ashx?id=2328361&use=l&cat=p&typeid=i","cat":288382},{"id":136814,"n":"Barre céréales Chocapic  Chocolat - 12x25g","p":3.99,"u":"13,30 €/KG","img":"https://fd2-photos.leclercdrive.fr/image.ashx?id=2846784&use=l&cat=p&typeid=i","cat":285869},{"id":136933,"n":"Kit fajita Old El Paso Tomate poivrons - 500g","p":4.79,"u":"9,58 €/KG","img":"https://fd2-photos.leclercdrive.fr/image.ashx?id=2759715&use=l&cat=p&typeid=i","cat":288993},{"id":137070,"n":"Petits pois Bio Village Bio - 420g","p":2.35,"u":"5,60 €/KG","img":"https://fd2-photos.leclercdrive.fr/image.ashx?id=3002707&use=l&cat=p&typeid=i","cat":312607},{"id":137160,"n":"IGP Clémentines fines de Corse Nos régions ont du Talent - 1kg","p":4.99,"u":"4,99 €/KG","img":"https://fd2-photos.leclercdrive.fr/image.ashx?id=2934847&use=l&cat=p&typeid=i","cat":284356},{"id":137244,"n":"Huile d'Olive vierge  Cauvin Extra Bio - 75cl","p":10.04,"u":"13,39 €/L","img":"https://fd2-photos.leclercdrive.fr/image.ashx?id=2498356&use=l&cat=p&typeid=i","cat":284453},{"id":137283,"n":"Yaourt à boire Ptit Yop Aromatisé Fraise - 6x180g","p":2.38,"u":"2,20 €/KG","img":"https://fd2-photos.leclercdrive.fr/image.ashx?id=2902735&use=l&cat=p&typeid=i","cat":284415},{"id":137287,"n":"Yaourt à boire Ptit Yop Aromatisé Vanille - 6x180g","p":2.76,"u":"2,56 €/KG","img":"https://fd2-photos.leclercdrive.fr/image.ashx?id=2951800&use=l&cat=p&typeid=i","cat":284415},{"id":137289,"n":"Yaourt à boire Ptit Yop Aromatisé Framboise - 6x180g","p":2.76,"u":"2,56 €/KG","img":"https://fd2-photos.leclercdrive.fr/image.ashx?id=2951797&use=l&cat=p&typeid=i","cat":284415},{"id":137298,"n":"Yaourt à boire Ptit Yop Aromatisé Panaché - 6x180g","p":2.76,"u":"2,56 €/KG","img":"https://fd2-photos.leclercdrive.fr/image.ashx?id=2985168&use=l&cat=p&typeid=i","cat":284415},{"id":137382,"n":"Spray retouche L'Oréal Paris Magic Retouch Châtain Clair","p":8.32,"u":"11,09 €/L","img":"https://fd2-photos.leclercdrive.fr/image.ashx?id=2597196&use=l&cat=p&typeid=i","cat":288899},{"id":137384,"n":"Déodorant bille Men Expert Efficacité 48h - 50ml","p":2.56,"u":"51,20 €/L","img":"https://fd2-photos.leclercdrive.fr/image.ashx?id=2300512&use=l&cat=p&typeid=i","cat":284618},{"id":137388,"n":"Gel Douche Bio Sans Savon Cadum Huile d'Amandes Douces - 500ml","p":2.14,"u":"4,28 €/L","img":"https://fd2-photos.leclercdrive.fr/image.ashx?id=2575627&use=l&cat=p&typeid=i","cat":284594},{"id":137414,"n":"Pommes Étoile 720g","p":3.19,"u":"4,43 €/KG","img":"https://fd2-photos.leclercdrive.fr/image.ashx?id=2023134&use=l&cat=p&typeid=i","cat":319792},{"id":137427,"n":"Soin Nutri-correcteur Dessange Cheveux Blonds, Colorés - 125ml","p":7.6,"u":"60,80 €/L","img":"https://fd2-photos.leclercdrive.fr/image.ashx?id=2870689&use=l&cat=p&typeid=i","cat":284608},{"id":137436,"n":"Masque Protection Couleur Elsève Color-Vive - 310ml","p":4.96,"u":"16,00 €/L","img":"https://fd2-photos.leclercdrive.fr/image.ashx?id=2865875&use=l&cat=p&typeid=i","cat":284608},{"id":137437,"n":"gateau Savane Brossard Chocolat - 310g","p":2.51,"u":"8,10 €/KG","img":"https://fd2-photos.leclercdrive.fr/image.ashx?id=2976836&use=l&cat=p&typeid=i","cat":294776},{"id":137525,"n":"Galak Chocolat Noël  Moulage Renne - 88g","p":2.96,"u":"33,64 €/KG","img":"https://fd2-photos.leclercdrive.fr/image.ashx?id=2570604&use=l&cat=p&typeid=i","cat":327592},{"id":137567,"n":"Père Noel Smarties Vert - 85g","p":2.96,"u":"34,82 €/KG","img":"https://fd2-photos.leclercdrive.fr/image.ashx?id=1985745&use=l&cat=p&typeid=i","cat":284958},{"id":137578,"n":"Jambon foué Paul Predault A l'os - 4 tranches - 240g","p":3.95,"u":"16,46 €/KG","img":"https://fd2-photos.leclercdrive.fr/image.ashx?id=1987839&use=l&cat=p&typeid=i","cat":316009},{"id":137669,"n":"Croquette chiens Mix  Fido Volaille/légumes - 2.5kg","p":5.76,"u":"2,30 €/KG","img":"https://fd2-photos.leclercdrive.fr/image.ashx?id=2973309&use=l&cat=p&typeid=i","cat":284672},{"id":137682,"n":"Croquette pour chiens Fido Mix Poulet Légumes - 12 kg","p":21.35,"u":"1,78 €/KG","img":"https://fd2-photos.leclercdrive.fr/image.ashx?id=2973300&use=l&cat=p&typeid=i","cat":284672},{"id":137686,"n":"Croquette pour chiens Fido Boeuf & légumes - 7kg","p":13.82,"u":"1,97 €/KG","img":"https://fd2-photos.leclercdrive.fr/image.ashx?id=2973297&use=l&cat=p&typeid=i","cat":284672},{"id":137700,"n":"Compote Douceur du Verger Coupelle fruits rouges -16x100g","p":4.21,"u":"2,63 €/KG","img":"https://fd2-photos.leclercdrive.fr/image.ashx?id=2663560&use=l&cat=p&typeid=i","cat":284508},{"id":137702,"n":"Compote Douceur du Verger Coupelle fruits jaunes -16x100g","p":3.97,"u":"2,48 €/KG","img":"https://fd2-photos.leclercdrive.fr/image.ashx?id=2834890&use=l&cat=p&typeid=i","cat":284508},{"id":137703,"n":"Compote Douceur du Verger Coupelle pomme - 16x100g","p":3.55,"u":"2,22 €/KG","img":"https://fd2-photos.leclercdrive.fr/image.ashx?id=2663551&use=l&cat=p&typeid=i","cat":284508},{"id":137735,"n":"Feuilletés fromage Côté Table 2x120g","p":2.75,"u":"11,46 €/KG","img":"https://fd2-photos.leclercdrive.fr/image.ashx?id=1986677&use=l&cat=p&typeid=i","cat":333671},{"id":137746,"n":"Gourmet Purina Poulet / Dinde - 8x85g","p":6.12,"u":"9,00 €/KG","img":"https://fd2-photos.leclercdrive.fr/image.ashx?id=2896795&use=l&cat=p&typeid=i","cat":285286},{"id":137754,"n":"Barquettes chat Gourmet  Coffret de la mer - 8x85g","p":6.03,"u":"8,87 €/KG","img":"https://fd2-photos.leclercdrive.fr/image.ashx?id=2861770&use=l&cat=p&typeid=i","cat":285286},{"id":137757,"n":"Tarte aux poireaux Marie Gratinée à l'Emmental - 400g","p":3.46,"u":"8,65 €/KG","img":"https://fd2-photos.leclercdrive.fr/image.ashx?id=2996680&use=l&cat=p&typeid=i","cat":284257},{"id":137759,"n":"Tarte au Chèvre Marie Tomates cerises - 400g","p":3.45,"u":"8,63 €/KG","img":"https://fd2-photos.leclercdrive.fr/image.ashx?id=2996677&use=l&cat=p&typeid=i","cat":284257},{"id":137769,"n":"Soupe liquide brique Liebig  Poireaux Pomme de Terre 2x30cl","p":1.86,"u":"3,10 €/L","img":"https://fd2-photos.leclercdrive.fr/image.ashx?id=2864327&use=l&cat=p&typeid=i","cat":284462},{"id":137770,"n":"Pavés biche Saveurs Forestières Ail des ours x2 - 250g","p":6.9,"u":"27,60 €/KG","img":"https://fd2-photos.leclercdrive.fr/image.ashx?id=1990309&use=l&cat=p&typeid=i","cat":327289},{"id":137772,"n":"Pancakes La fournée Dorée 350g","p":2.37,"u":"6,77 €/KG","img":"https://fd2-photos.leclercdrive.fr/image.ashx?id=2581502&use=l&cat=p&typeid=i","cat":284495},{"id":137773,"n":"Pavés Saveurs Forestières Kangourou café épices x2 - 250g","p":6.9,"u":"27,60 €/KG","img":"https://fd2-photos.leclercdrive.fr/image.ashx?id=1990306&use=l&cat=p&typeid=i","cat":287008},{"id":137860,"n":"Riz long blanchi Eco+ 1kg","p":1.22,"u":"1,22 €/KG","img":"https://fd2-photos.leclercdrive.fr/image.ashx?id=2076622&use=l&cat=p&typeid=i","cat":284428},{"id":137862,"n":"Riz long étuvé Eco+ 1kg","p":1.35,"u":"1,35 €/KG","img":"https://fd2-photos.leclercdrive.fr/image.ashx?id=2076625&use=l&cat=p&typeid=i","cat":284428},{"id":137864,"n":"Riz long étuvé Eco+ 4x125g","p":0.87,"u":"1,74 €/KG","img":"https://fd2-photos.leclercdrive.fr/image.ashx?id=1991126&use=l&cat=p&typeid=i","cat":284428},{"id":137865,"n":"Compote SSA Douceur du Verger Gourdes Pomme Poire - 4x90g","p":1.23,"u":"3,42 €/KG","img":"https://fd2-photos.leclercdrive.fr/image.ashx?id=2837069&use=l&cat=p&typeid=i","cat":284508},{"id":137900,"n":"Barres de céréales Grainéa Chocolat noir x6 - 126g","p":1.39,"u":"11,03 €/KG","img":"https://fd2-photos.leclercdrive.fr/image.ashx?id=2721370&use=l&cat=p&typeid=i","cat":285869},{"id":137957,"n":"Maïs ultra croquant D'Aucy 285g","p":1.05,"u":"3,68 €/KG","img":"https://fd2-photos.leclercdrive.fr/image.ashx?id=2380454&use=l&cat=p&typeid=i","cat":312611},{"id":137970,"n":"Carottes râpées à la ciboulette Pierre Martinet - 300g","p":1.58,"u":"5,27 €/KG","img":"https://fd2-photos.leclercdrive.fr/image.ashx?id=2990535&use=l&cat=p&typeid=i","cat":333657},{"id":137971,"n":"Carottes rapées à la Ciboulette Pierre Martinet - 510g","p":1.96,"u":"3,84 €/KG","img":"https://fd2-photos.leclercdrive.fr/image.ashx?id=2990532&use=l&cat=p&typeid=i","cat":333657},{"id":137984,"n":"Gratte éponge Spontex Performance - x6","p":3.97,"u":"0,66 €/P","img":"https://fd2-photos.leclercdrive.fr/image.ashx?id=2673205&use=l&cat=p&typeid=i","cat":284667},{"id":137988,"n":"Préparation Tablier Blanc Frangipane - 200g","p":2.67,"u":"13,35 €/KG","img":"https://fd2-photos.leclercdrive.fr/image.ashx?id=1990237&use=l&cat=p&typeid=i","cat":284504},{"id":138193,"n":"Fromage blanc bébé Blédina 6m Vanille - 4x100g","p":3.01,"u":"7,53 €/KG","img":"https://fd2-photos.leclercdrive.fr/image.ashx?id=2636817&use=l&cat=p&typeid=i","cat":312392},{"id":138298,"n":"Gratte éponge + Microfibre Spontex x6","p":4.15,"u":"0,69 €/P","img":"https://fd2-photos.leclercdrive.fr/image.ashx?id=2673208&use=l&cat=p&typeid=i","cat":284667},{"id":138306,"n":"Gratin de choux fleurs jambon Fleury Michon - Lot 2+1 - 840g","p":5.47,"u":"6,51 €/KG","img":"https://fd2-photos.leclercdrive.fr/image.ashx?id=2047445&use=l&cat=p&typeid=i","cat":333665},{"id":139391,"n":"Chocolat aux noisettes Africano Gianduja noisettes entière 200g","p":6.9,"u":"34,50 €/KG","img":"https://fd2-photos.leclercdrive.fr/image.ashx?id=2368384&use=l&cat=p&typeid=i","cat":327595},{"id":139392,"n":"Gianduiotti misti Praliné de chocolat aux noisettes -195g","p":8.49,"pp":5.6,"u":"28,72 €/KG","img":"https://fd2-photos.leclercdrive.fr/image.ashx?id=2615161&use=l&cat=p&typeid=i","cat":327595},{"id":139407,"n":"Coffrets Carrés de fruits Motta x25 - 390g","p":9.95,"u":"25,51 €/KG","img":"https://fd2-photos.leclercdrive.fr/image.ashx?id=2298730&use=l&cat=p&typeid=i","cat":327606},{"id":139905,"n":"Oeufs au sol Eco+ x10","p":1.78,"u":"0,18 €/P","img":"https://fd2-photos.leclercdrive.fr/image.ashx?id=2756582&use=l&cat=p&typeid=i","cat":284378},{"id":141078,"n":"Clémentine de Corse bio Bio Village Barquette 500g","p":3.99,"u":"7,98 €/KG","img":"https://fd2-photos.leclercdrive.fr/image.ashx?id=2552011&use=l&cat=p&typeid=i","cat":284356},{"id":141162,"n":"Fond de veau Maggi 110g","p":2.38,"u":"21,64 €/KG","img":"https://fd2-photos.leclercdrive.fr/image.ashx?id=2917546&use=l&cat=p&typeid=i","cat":288379},{"id":141605,"n":"Roller Puressentiel Articulation&muscle (14 huiles)","p":8.99,"u":"119,87 €/L","img":"https://fd2-photos.leclercdrive.fr/image.ashx?id=2988535&use=l&cat=p&typeid=i","cat":298633},{"id":141607,"n":"Compléments alimentaires Luxéol 3en1 - x90 gélules","p":29.89,"u":"0,33 €/P","img":"https://fd2-photos.leclercdrive.fr/image.ashx?id=2922542&use=l&cat=p&typeid=i","cat":301266},{"id":141608,"n":"Spray assainissant Puressentiel 41 huiles essentielles - 500ml","p":27.89,"u":"55,78 €/L","img":"https://fd2-photos.leclercdrive.fr/image.ashx?id=2988529&use=l&cat=p&typeid=i","cat":298633},{"id":141617,"n":"Liftactiv Collagen Vichy Specialist crême anti-âge -50ml","p":34.0,"u":"680,00 €/L","img":"https://fd2-photos.leclercdrive.fr/image.ashx?id=2015684&use=l&cat=p&typeid=i","cat":291168},{"id":141625,"n":"Gelée royale Forte pharma 1000mg lot 2x20 ampoules 15ml","p":13.99,"img":"https://fd2-photos.leclercdrive.fr/image.ashx?id=2003773&use=l&cat=p&typeid=i","cat":301264},{"id":141630,"n":"Eau oxygénée Lab. Gilbert Eau stabilisée 10 vol. - 250ml","p":2.69,"u":"10,76 €/L","img":"https://fd2-photos.leclercdrive.fr/image.ashx?id=2057194&use=l&cat=p&typeid=i","cat":291163},{"id":141631,"n":"Antibactérien Puressentiel Spray mains & surfaces - 250ml","p":5.73,"u":"22,92 €/L","img":"https://fd2-photos.leclercdrive.fr/image.ashx?id=2988617&use=l&cat=p&typeid=i","cat":298633},{"id":141632,"n":"Xémose crème Uriage Relipidante Anti-irritations - 400ml","p":15.49,"u":"38,73 €/L","img":"https://fd2-photos.leclercdrive.fr/image.ashx?id=2966740&use=l&cat=p&typeid=i","cat":290421},{"id":141638,"n":"Huile essentielle Puressentiel Eucalyptus radié Bio - 10 ml","p":3.19,"u":"319,00 €/L","img":"https://fd2-photos.leclercdrive.fr/image.ashx?id=2003626&use=l&cat=p&typeid=i","cat":298633},{"id":141644,"n":"Dentifrice Sensodyne Soin Complet bitube - 2x75ml","p":6.45,"u":"43,00 €/L","img":"https://fd2-photos.leclercdrive.fr/image.ashx?id=2868512&use=l&cat=p&typeid=i","cat":290419},{"id":141649,"n":"Vitamine C Nutrisanté 500mg 24 comprimés effervescents","p":3.73,"u":"0,16 €/P","img":"https://fd2-photos.leclercdrive.fr/image.ashx?id=2963328&use=l&cat=p&typeid=i","cat":301264},{"id":141650,"n":"Inhaleur Puressentiel 19 huiles essentielles - 1ml","p":3.79,"img":"https://fd2-photos.leclercdrive.fr/image.ashx?id=2538755&use=l&cat=p&typeid=i","cat":301256},{"id":141659,"n":"Baume intensif Atoderm Bioderma 500ml","p":16.3,"u":"32,60 €/L","img":"https://fd2-photos.leclercdrive.fr/image.ashx?id=2979938&use=l&cat=p&typeid=i","cat":290421},{"id":141666,"n":"Rectangles de coton Gilbert Le lot de 180 rectangles","p":2.99,"u":"0,02 €/P","img":"https://fd2-photos.leclercdrive.fr/image.ashx?id=2944131&use=l&cat=p&typeid=i","cat":291163},{"id":141667,"n":"Arkorelax Sommeil Fort 8h La boîte de 30 comprimés","p":14.48,"u":"0,48 €/P","img":"https://fd2-photos.leclercdrive.fr/image.ashx?id=2780475&use=l&cat=p&typeid=i","cat":301265},{"id":141668,"n":"Sommeil fort Arkopharma La boîte de 15 comprimés","p":9.89,"u":"0,66 €/P","img":"https://fd2-photos.leclercdrive.fr/image.ashx?id=2551324&use=l&cat=p&typeid=i","cat":301265},{"id":141669,"n":"Baume Atoderm Bioderma 500ml","p":16.96,"u":"33,92 €/L","img":"https://fd2-photos.leclercdrive.fr/image.ashx?id=2981115&use=l&cat=p&typeid=i","cat":290421},{"id":141670,"n":"Manha pré-ménopause La boîte de 120 capsules","p":30.99,"u":"0,26 €/P","img":"https://fd2-photos.leclercdrive.fr/image.ashx?id=2743349&use=l&cat=p&typeid=i","cat":301264},{"id":141672,"n":"D-stress 80 comprimés","p":9.89,"u":"0,12 €/P","img":"https://fd2-photos.leclercdrive.fr/image.ashx?id=2003608&use=l&cat=p&typeid=i","cat":301265},{"id":141677,"n":"Brûleur de graisses Anaca 3 La boîte de 120 gélules","p":27.89,"u":"0,23 €/P","img":"https://fd2-photos.leclercdrive.fr/image.ashx?id=2650717&use=l&cat=p&typeid=i","cat":301267},{"id":141678,"n":"Huile essentielle Puressentiel Arbre à the Bio - 10 ml","p":4.21,"u":"421,00 €/L","img":"https://fd2-photos.leclercdrive.fr/image.ashx?id=2003620&use=l&cat=p&typeid=i","cat":298633},{"id":141696,"n":"Ultrabiotique Nutrisanté La boîte de 90 gélules","p":19.99,"u":"0,22 €/P","img":"https://fd2-photos.leclercdrive.fr/image.ashx?id=2415341&use=l&cat=p&typeid=i","cat":301268},{"id":141697,"n":"Ultrabiotique Nutrisanté La boîte de 30 gélules","p":9.95,"u":"829,17 €/KG","img":"https://fd2-photos.leclercdrive.fr/image.ashx?id=2003713&use=l&cat=p&typeid=i","cat":301268},{"id":141702,"n":"Pâte argile verte Cattier Prête à l'emploi - 400g","p":6.5,"u":"16,25 €/KG","img":"https://fd2-photos.leclercdrive.fr/image.ashx?id=2775953&use=l&cat=p&typeid=i","cat":291165},{"id":141706,"n":"Liftactiv Supreme Vichy Soin anti-rides - 50ml","p":28.99,"u":"579,80 €/L","img":"https://fd2-photos.leclercdrive.fr/image.ashx?id=2015678&use=l&cat=p&typeid=i","cat":291168},{"id":141709,"n":"Huile Grenade Weleda Régénératrice - 100ml","p":19.78,"u":"197,80 €/L","img":"https://fd2-photos.leclercdrive.fr/image.ashx?id=2505124&use=l&cat=p&typeid=i","cat":290422},{"id":141710,"n":"Soin ultra-hydratant Saforelle Le flacon de 250ml","p":6.49,"u":"25,96 €/L","img":"https://fd2-photos.leclercdrive.fr/image.ashx?id=2003779&use=l&cat=p&typeid=i","cat":301348},{"id":141711,"n":"Huile de massage Arnica Weleda Le flacon de 100ml","p":10.89,"u":"108,90 €/L","img":"https://fd2-photos.leclercdrive.fr/image.ashx?id=2924056&use=l&cat=p&typeid=i","cat":290422},{"id":141712,"n":"Huile de massage Arnica Weleda Le flacon de 200ml","p":14.8,"u":"74,00 €/L","img":"https://fd2-photos.leclercdrive.fr/image.ashx?id=2990754&use=l&cat=p&typeid=i","cat":290422},{"id":141713,"n":"Vaseline Laboratoires Gilbert Flacon - 100ml","p":2.5,"u":"25,00 €/L","img":"https://fd2-photos.leclercdrive.fr/image.ashx?id=2057191&use=l&cat=p&typeid=i","cat":290405},{"id":141721,"n":"Alcool modifié 70% Gilbert 250ml","p":2.24,"u":"8,96 €/L","img":"https://fd2-photos.leclercdrive.fr/image.ashx?id=2087421&use=l&cat=p&typeid=i","cat":291163},{"id":141724,"n":"Soin lavant doux Saforelle Le flacon de 100ml","p":3.09,"u":"30,90 €/L","img":"https://fd2-photos.leclercdrive.fr/image.ashx?id=2003563&use=l&cat=p&typeid=i","cat":301348},{"id":141725,"n":"Soin lavant doux Saforelle Le flacon de 250ml","p":5.99,"u":"23,96 €/L","img":"https://fd2-photos.leclercdrive.fr/image.ashx?id=2003560&use=l&cat=p&typeid=i","cat":301348},{"id":141730,"n":"Nez bouché Sterimar Hypertonique - 100ml","p":5.69,"u":"56,90 €/L","img":"https://fd2-photos.leclercdrive.fr/image.ashx?id=2733787&use=l&cat=p&typeid=i","cat":301256},{"id":141732,"n":"Renu Multiplus Le flacon de 360ml","p":12.9,"u":"35,83 €/L","img":"https://fd2-photos.leclercdrive.fr/image.ashx?id=2116897&use=l&cat=p&typeid=i","cat":301256},{"id":141737,"n":"Huile de soin Bi Oil 200ml","p":23.89,"u":"119,45 €/L","img":"https://fd2-photos.leclercdrive.fr/image.ashx?id=2944969&use=l&cat=p&typeid=i","cat":291159},{"id":141741,"n":"Soin lavant doux duo Saforelle Le lot de 2x250ml","p":10.78,"u":"21,56 €/L","img":"https://fd2-photos.leclercdrive.fr/image.ashx?id=2583407&use=l&cat=p&typeid=i","cat":301348},{"id":141743,"n":"Soin Quotidien Hydralin Le lot de 2x200ml","p":10.49,"u":"26,23 €/L","img":"https://fd2-photos.leclercdrive.fr/image.ashx?id=2905736&use=l&cat=p&typeid=i","cat":301348},{"id":141745,"n":"Gel pocket Assanis 80ml","p":1.99,"u":"24,88 €/L","img":"https://fd2-photos.leclercdrive.fr/image.ashx?id=2118929&use=l&cat=p&typeid=i","cat":291163},{"id":141746,"n":"Dentifrice blancheur Parodontax Le lot de 2x75ml","p":6.95,"u":"46,33 €/L","img":"https://fd2-photos.leclercdrive.fr/image.ashx?id=2536966&use=l&cat=p&typeid=i","cat":290419},{"id":141747,"n":"Bicarbonate de sodium Gilbert BoÏte - 250g","p":1.9,"u":"7,60 €/KG","img":"https://fd2-photos.leclercdrive.fr/image.ashx?id=2087415&use=l&cat=p&typeid=i","cat":291163},{"id":141750,"n":"Aromaforce spray nasal bio Spray - 15ml","p":5.89,"u":"392,67 €/L","img":"https://fd2-photos.leclercdrive.fr/image.ashx?id=2057824&use=l&cat=p&typeid=i","cat":301256},{"id":141757,"n":"Gel vaginal Mucogyne Le tube de 40ml","p":9.49,"u":"237,25 €/L","img":"https://fd2-photos.leclercdrive.fr/image.ashx?id=2913298&use=l&cat=p&typeid=i","cat":328622},{"id":141758,"n":"Gel dentifrice Gum Paroex 75ml","p":2.59,"u":"34,53 €/L","img":"https://fd2-photos.leclercdrive.fr/image.ashx?id=2827833&use=l&cat=p&typeid=i","cat":290419},{"id":141761,"n":"Baume du tigre rouge Le pot de 19g","p":6.7,"u":"352,63 €/KG","img":"https://fd2-photos.leclercdrive.fr/image.ashx?id=2489968&use=l&cat=p&typeid=i","cat":290421},{"id":141762,"n":"Baume du tigre rouge Le pot de 30g","p":10.37,"u":"345,67 €/KG","img":"https://fd2-photos.leclercdrive.fr/image.ashx?id=2489971&use=l&cat=p&typeid=i","cat":290421},{"id":141764,"n":"Densitium Bi-sérum SVR 2 x 15ml","p":36.89,"img":"https://fd2-photos.leclercdrive.fr/image.ashx?id=2359474&use=l&cat=p&typeid=i","cat":291168},{"id":141769,"n":"Papier d'Arménie à la Rose Le carnet","p":4.06,"img":"https://fd2-photos.leclercdrive.fr/image.ashx?id=2057041&use=l&cat=p&typeid=i","cat":298633},{"id":141773,"n":"Rescue nuit spray Fleurs de Bach - 20ml","p":15.44,"u":"772,00 €/L","img":"https://fd2-photos.leclercdrive.fr/image.ashx?id=2003809&use=l&cat=p&typeid=i","cat":298633},{"id":141774,"n":"Rescue gouttes Fleurs de Bach - 20ml","p":12.63,"u":"631,50 €/L","img":"https://fd2-photos.leclercdrive.fr/image.ashx?id=2506639&use=l&cat=p&typeid=i","cat":298633},{"id":141775,"n":"Rescue spray Fleurs de Bach - 20ml","p":15.44,"u":"772,00 €/L","img":"https://fd2-photos.leclercdrive.fr/image.ashx?id=2003803&use=l&cat=p&typeid=i","cat":298633},{"id":141809,"n":"Friandise pour chat Dentalife Poulet - 40g","p":1.4,"u":"35,00 €/KG","img":"https://fd2-photos.leclercdrive.fr/image.ashx?id=2424716&use=l&cat=p&typeid=i","cat":285285},{"id":141949,"n":"Crème dessert Les 2 vaches Bio Cremeuh café - 4x95g","p":2.08,"u":"5,47 €/KG","img":"https://fd2-photos.leclercdrive.fr/image.ashx?id=2774106&use=l&cat=p&typeid=i","cat":285041},{"id":142084,"n":"Pommes de terre Grenailles  Panier du Primeur - 1kg","p":1.99,"u":"1,99 €/KG","img":"https://fd2-photos.leclercdrive.fr/image.ashx?id=2233214&use=l&cat=p&typeid=i","cat":284352},{"id":142999,"n":"Cassolette saint jacques Tipiak Royale - 2x110g","p":5.89,"u":"26,77 €/KG","img":"https://fd2-photos.leclercdrive.fr/image.ashx?id=2798096&use=l&cat=p&typeid=i","cat":319775},{"id":143001,"n":"Dosettes café Plantation CLassique - x60 - 416g","p":6.09,"u":"14,64 €/KG","img":"https://fd2-photos.leclercdrive.fr/image.ashx?id=2824289&use=l&cat=p&typeid=i","cat":293238},{"id":143237,"n":"Piles Eco+ AAA/LR3 - x8","p":1.27,"img":"https://fd2-photos.leclercdrive.fr/image.ashx?id=2036221&use=l&cat=p&typeid=i","cat":300572},{"id":143238,"n":"Piles Eco+ AA/LR06 - x8","p":1.27,"img":"https://fd2-photos.leclercdrive.fr/image.ashx?id=2036224&use=l&cat=p&typeid=i","cat":300572},{"id":143344,"n":"Biscottes Eco+ 90 tranches - 750g","p":2.08,"u":"2,77 €/KG","img":"https://fd2-photos.leclercdrive.fr/image.ashx?id=2662580&use=l&cat=p&typeid=i","cat":284479},{"id":143345,"n":"Biscottes Epi d'Or x108 - 900g","p":2.52,"u":"2,80 €/KG","img":"https://fd2-photos.leclercdrive.fr/image.ashx?id=2532847&use=l&cat=p&typeid=i","cat":284479},{"id":143460,"n":"Cassolettes St Jacques Tipiak Crème Sauternes - x2 - 220g","p":5.89,"u":"26,77 €/KG","img":"https://fd2-photos.leclercdrive.fr/image.ashx?id=2030018&use=l&cat=p&typeid=i","cat":319775},{"id":143477,"n":"Dessert liégeois Viennois  Café - 4x100g","p":1.56,"u":"3,90 €/KG","img":"https://fd2-photos.leclercdrive.fr/image.ashx?id=2692110&use=l&cat=p&typeid=i","cat":285042},{"id":143478,"n":"Dessert liégeois Viennois  Chocolat - 4x100g","p":1.56,"u":"3,90 €/KG","img":"https://fd2-photos.leclercdrive.fr/image.ashx?id=2849689&use=l&cat=p&typeid=i","cat":285042},{"id":143491,"n":"Blanc de Blanc Opéra Brut - 4x75cl +2 offertes","p":11.31,"u":"2,51 €/L","img":"https://fd2-photos.leclercdrive.fr/image.ashx?id=2030282&use=l&cat=p&typeid=i","cat":284544},{"id":143496,"n":"Blanc de Blanc Opéra Demi sec - 4x75cl +2 offertes","p":11.39,"u":"2,53 €/L","img":"https://fd2-photos.leclercdrive.fr/image.ashx?id=2030285&use=l&cat=p&typeid=i","cat":284544},{"id":143528,"n":"Dessert liégeois Viennois  Panaché Chocolat Café - 8x100g","p":2.66,"u":"3,33 €/KG","img":"https://fd2-photos.leclercdrive.fr/image.ashx?id=2675298&use=l&cat=p&typeid=i","cat":285042},{"id":143602,"n":"Barres de céréales Grainéa Chocolat lait, noisette x6-126g","p":1.63,"u":"12,94 €/KG","img":"https://fd2-photos.leclercdrive.fr/image.ashx?id=2912875&use=l&cat=p&typeid=i","cat":285869},{"id":143603,"n":"Barre de céréales Grainéa Fruits rouges x6 - 126g","p":1.4,"u":"11,11 €/KG","img":"https://fd2-photos.leclercdrive.fr/image.ashx?id=2912869&use=l&cat=p&typeid=i","cat":285869},{"id":143741,"n":"Bloc foie gras canard Larnaudie 50% morceaux - 450g","p":40.9,"pp":26.99,"u":"59,98 €/KG","img":"https://fd2-photos.leclercdrive.fr/image.ashx?id=2915772&use=l&cat=p&typeid=i","cat":316008},{"id":143812,"n":"Tomates farcies Marie Riz à la tomate - 360g","p":3.63,"u":"10,08 €/KG","img":"https://fd2-photos.leclercdrive.fr/image.ashx?id=2317483&use=l&cat=p&typeid=i","cat":333665},{"id":144226,"n":"Saucisses au vin de Savoie Socopa - 4x80g","p":3.93,"u":"12,28 €/KG","img":"https://fd2-photos.leclercdrive.fr/image.ashx?id=2263676&use=l&cat=p&typeid=i","cat":284334},{"id":144422,"n":"Lot toast ronds Jacquet Nature - 2x250g","p":2.83,"u":"5,66 €/KG","img":"https://fd2-photos.leclercdrive.fr/image.ashx?id=2741343&use=l&cat=p&typeid=i","cat":285454},{"id":144456,"n":"Pain aux céréales tranché  350GR","p":1.3,"u":"3,71 €/KG","img":"https://fd2-photos.leclercdrive.fr/image.ashx?id=2062819&use=l&cat=p&typeid=i","cat":284359},{"id":144773,"n":"Yaourt ferments lactiques Alsa 4 sachets - 8g","p":2.62,"u":"327,50 €/KG","img":"https://fd2-photos.leclercdrive.fr/image.ashx?id=2813875&use=l&cat=p&typeid=i","cat":284505},{"id":144834,"n":"Dosettes café Plantation  Corsé - x60 - 417g","p":5.79,"u":"13,88 €/KG","img":"https://fd2-photos.leclercdrive.fr/image.ashx?id=2824292&use=l&cat=p&typeid=i","cat":293238},{"id":144911,"n":"Oeuf au sol Matines x12","p":2.82,"u":"0,24 €/P","img":"https://fd2-photos.leclercdrive.fr/image.ashx?id=2432262&use=l&cat=p&typeid=i","cat":284378},{"id":145120,"n":"Préservatifs Classic Lubrifiés - x14","p":4.42,"img":"https://fd2-photos.leclercdrive.fr/image.ashx?id=2848704&use=l&cat=p&typeid=i","cat":284631},{"id":145121,"n":"Préservatifs Classic Intimy Lubrifiés - x28","p":8.46,"u":"0,30 €/P","img":"https://fd2-photos.leclercdrive.fr/image.ashx?id=2927324&use=l&cat=p&typeid=i","cat":284631},{"id":145209,"n":"Pomme de terre grenailles bio Bio Village - 750g","p":1.99,"u":"2,65 €/KG","img":"https://fd2-photos.leclercdrive.fr/image.ashx?id=2960574&use=l&cat=p&typeid=i","cat":284352},{"id":145252,"n":"Tests grossesse Mercurochrome x3","p":10.4,"u":"3,47 €/P","img":"https://fd2-photos.leclercdrive.fr/image.ashx?id=2036533&use=l&cat=p&typeid=i","cat":324482},{"id":145255,"n":"Ciseaux à ongles Mercurochrome 1 pièce","p":3.8,"img":"https://fd2-photos.leclercdrive.fr/image.ashx?id=2788493&use=l&cat=p&typeid=i","cat":325354},{"id":145410,"n":"Amandes grillées Couleurs Vives Décortiquées - non salé - 250g","p":3.47,"u":"13,88 €/KG","img":"https://fd2-photos.leclercdrive.fr/image.ashx?id=2542929&use=l&cat=p&typeid=i","cat":284357},{"id":145472,"n":"Bière ambrée Coreff 6x25cl","p":6.45,"u":"4,30 €/L","img":"https://fd2-photos.leclercdrive.fr/image.ashx?id=2058972&use=l&cat=p&typeid=i","cat":334852},{"id":145500,"n":"Chips extra croquante Vico 150g","p":1.03,"u":"6,87 €/KG","img":"https://fd2-photos.leclercdrive.fr/image.ashx?id=2917822&use=l&cat=p&typeid=i","cat":284447},{"id":145556,"n":"Crêpes Whaou Chocolat cracky - x15 - 480g","p":3.97,"u":"8,27 €/KG","img":"https://fd2-photos.leclercdrive.fr/image.ashx?id=2971032&use=l&cat=p&typeid=i","cat":284494},{"id":145583,"n":"Eau nettoyante Mots d'Enfants bébé bio - 750ml","p":3.99,"u":"5,32 €/L","img":"https://fd2-photos.leclercdrive.fr/image.ashx?id=3014251&use=l&cat=p&typeid=i","cat":284741},{"id":145753,"n":"Carottes râpées Découpe fraîche Florette - 180g","p":1.46,"u":"8,11 €/KG","img":"https://fd2-photos.leclercdrive.fr/image.ashx?id=2844061&use=l&cat=p&typeid=i","cat":290299},{"id":145754,"n":"Chou rouge Découpe fraîche Florette - 180g","p":1.64,"u":"9,11 €/KG","img":"https://fd2-photos.leclercdrive.fr/image.ashx?id=2844067&use=l&cat=p&typeid=i","cat":290299},{"id":145881,"n":"Coulis de tomate NRT De Provence - 400g","p":1.31,"u":"3,28 €/KG","img":"https://fd2-photos.leclercdrive.fr/image.ashx?id=2840001&use=l&cat=p&typeid=i","cat":288384},{"id":145884,"n":"Mogette cuite au naturel NRT De Vendée - 265g","p":1.69,"u":"6,38 €/KG","img":"https://fd2-photos.leclercdrive.fr/image.ashx?id=2771426&use=l&cat=p&typeid=i","cat":312606},{"id":146060,"n":"Gazpacho L'Original Alvalle 1L","p":3.53,"u":"3,53 €/L","img":"https://fd2-photos.leclercdrive.fr/image.ashx?id=2672047&use=l&cat=p&typeid=i","cat":284355},{"id":146130,"n":"AOP Muscadet Sèvre et Maine Sur Lie blanc Plessis Duval - 75 cl","p":5.74,"u":"7,65 €/L","img":"https://fd2-photos.leclercdrive.fr/image.ashx?id=2941044&use=l&cat=p&typeid=i","cat":289557},{"id":146132,"n":"Whisky fondaudege etuit 40° Single Malt - 70cl","p":29.21,"u":"41,73 €/L","img":"https://fd2-photos.leclercdrive.fr/image.ashx?id=2522263&use=l&cat=p&typeid=i","cat":284547},{"id":146366,"n":"Quiche Lorraine Marie Pur beurre - 400g","p":3.45,"u":"8,63 €/KG","img":"https://fd2-photos.leclercdrive.fr/image.ashx?id=2996674&use=l&cat=p&typeid=i","cat":284257},{"id":146412,"n":"Infusion bio Jardin Bio Digestion légère x20 - 30g","p":2.53,"u":"84,33 €/KG","img":"https://fd2-photos.leclercdrive.fr/image.ashx?id=2792603&use=l&cat=p&typeid=i","cat":293234},{"id":146417,"n":"Infusion Jardin Bio Bio Thym citron - 30g - x20","p":2.45,"u":"81,67 €/KG","img":"https://fd2-photos.leclercdrive.fr/image.ashx?id=2792621&use=l&cat=p&typeid=i","cat":293234},{"id":146419,"n":"Infusion Jardin Bio Bio bruleur de graisse x20 -30g","p":2.53,"u":"84,33 €/KG","img":"https://fd2-photos.leclercdrive.fr/image.ashx?id=2968322&use=l&cat=p&typeid=i","cat":293234},{"id":146422,"n":"Thé vert Jardin Bio Bio minceur - x20 - 30g","p":2.91,"u":"97,00 €/KG","img":"https://fd2-photos.leclercdrive.fr/image.ashx?id=2948066&use=l&cat=p&typeid=i","cat":293233},{"id":146425,"n":"Thé Jardin Bio Bio détox - x20 - 30g","p":2.58,"u":"86,00 €/KG","img":"https://fd2-photos.leclercdrive.fr/image.ashx?id=2578205&use=l&cat=p&typeid=i","cat":293233},{"id":146426,"n":"Thé vert bio Jardin Bio Gingembre citron vert x20 - 30g","p":2.54,"u":"84,67 €/KG","img":"https://fd2-photos.leclercdrive.fr/image.ashx?id=3011452&use=l&cat=p&typeid=i","cat":293233},{"id":146739,"n":"Maïs Bonduelle Sans Résidu Pesticides - 3x140g","p":2.29,"u":"5,45 €/KG","img":"https://fd2-photos.leclercdrive.fr/image.ashx?id=2913133&use=l&cat=p&typeid=i","cat":312611},{"id":146988,"n":"Barres chocolatées Kit Kat 10x41,5g","p":4.7,"u":"11,33 €/KG","img":"https://fd2-photos.leclercdrive.fr/image.ashx?id=2959494&use=l&cat=p&typeid=i","cat":284498},{"id":147002,"n":"Feuilleté de Mousse La Laitière Chocolat - 4x57g","p":1.64,"u":"7,19 €/KG","img":"https://fd2-photos.leclercdrive.fr/image.ashx?id=2858594&use=l&cat=p&typeid=i","cat":284417},{"id":147003,"n":"Feuilleté de Mousse La Laitière Vanille - 4x57g","p":1.64,"u":"7,19 €/KG","img":"https://fd2-photos.leclercdrive.fr/image.ashx?id=2764511&use=l&cat=p&typeid=i","cat":284417},{"id":147009,"n":"Chewing-gum Mentos Pure Fresh  Fraise sans sucres - 100g","p":3.26,"u":"32,60 €/KG","img":"https://fd2-photos.leclercdrive.fr/image.ashx?id=2659804&use=l&cat=p&typeid=i","cat":304251},{"id":147024,"n":"Raviolis farcis Ajinomoto Gyoza poulet légumes - 400g","p":5.97,"u":"14,93 €/KG","img":"https://fd2-photos.leclercdrive.fr/image.ashx?id=2590294&use=l&cat=p&typeid=i","cat":284254},{"id":147026,"n":"Raviolis farcis Ajinomoto Gyoza crevettes - 400g","p":5.93,"u":"14,83 €/KG","img":"https://fd2-photos.leclercdrive.fr/image.ashx?id=2590297&use=l&cat=p&typeid=i","cat":284254},{"id":147067,"n":"Gyoza Boeuf et Légumes Ajinomoto - 212g","p":4.16,"u":"19,62 €/KG","img":"https://fd2-photos.leclercdrive.fr/image.ashx?id=2590628&use=l&cat=p&typeid=i","cat":319774},{"id":147076,"n":"Bouillon Cube Maggi Volaille - 80g","p":0.87,"u":"10,88 €/KG","img":"https://fd2-photos.leclercdrive.fr/image.ashx?id=2737036&use=l&cat=p&typeid=i","cat":288379},{"id":147119,"n":"Lave glace Tech 9 -20°C - 5L","p":5.99,"u":"1,20 €/L","img":"https://fd2-photos.leclercdrive.fr/image.ashx?id=2054896&use=l&cat=p&typeid=i","cat":298252},{"id":147128,"n":"Coton carré Bio Bionaïa x80","p":2.99,"u":"0,04 €/P","img":"https://fd2-photos.leclercdrive.fr/image.ashx?id=2558832&use=l&cat=p&typeid=i","cat":285593},{"id":147186,"n":"Cuisse de poulet blanc Maître Coq - 1kg","p":5.85,"u":"5,85 €/KG","img":"https://fd2-photos.leclercdrive.fr/image.ashx?id=2855157&use=l&cat=p&typeid=i","cat":284336},{"id":147187,"n":"Cuisse de poulet Maitre Coq Blanc - Nourri au blé - 500g","p":2.91,"u":"5,82 €/KG","img":"https://fd2-photos.leclercdrive.fr/image.ashx?id=2855151&use=l&cat=p&typeid=i","cat":284336},{"id":147188,"n":"Cuisse de poulet Maître Coq Jaune - Nourri au maïs - 500g","p":2.94,"u":"5,88 €/KG","img":"https://fd2-photos.leclercdrive.fr/image.ashx?id=2855154&use=l&cat=p&typeid=i","cat":284336},{"id":147189,"n":"Filet de poulet Maitre Coq Jaune - Nourri au maïs - 720g","p":9.53,"u":"13,24 €/KG","img":"https://fd2-photos.leclercdrive.fr/image.ashx?id=2855142&use=l&cat=p&typeid=i","cat":284336},{"id":147190,"n":"Filet de poulet Maitre Coq Blanc - 720g","p":9.59,"u":"13,32 €/KG","img":"https://fd2-photos.leclercdrive.fr/image.ashx?id=2855139&use=l&cat=p&typeid=i","cat":284336},{"id":147193,"n":"Filet de poulet Maitre Coq Blanc - Nourri au blé - 480g","p":5.93,"u":"12,35 €/KG","img":"https://fd2-photos.leclercdrive.fr/image.ashx?id=2855145&use=l&cat=p&typeid=i","cat":284336},{"id":147194,"n":"Haut de cuisse Maitre Coq Poulet blanc nourri au blé 750g","p":4.47,"u":"5,96 €/KG","img":"https://fd2-photos.leclercdrive.fr/image.ashx?id=2855882&use=l&cat=p&typeid=i","cat":284336},{"id":147196,"n":"Pilon de poulet Maitre Coq Blanc - Nourri au blé - 750g","p":4.68,"u":"6,24 €/KG","img":"https://fd2-photos.leclercdrive.fr/image.ashx?id=2855522&use=l&cat=p&typeid=i","cat":284336},{"id":147200,"n":"Escargot de Bourgogne surgelé L'origine du goût x24 - 220g","p":11.99,"u":"54,50 €/KG","img":"https://fd2-photos.leclercdrive.fr/image.ashx?id=2809882&use=l&cat=p&typeid=i","cat":319775},{"id":147203,"n":"Pilon de poulet Maitre Coq Jaune - nourri au maïs - 750g","p":4.8,"u":"6,40 €/KG","img":"https://fd2-photos.leclercdrive.fr/image.ashx?id=2855525&use=l&cat=p&typeid=i","cat":284336},{"id":147224,"n":"Capsules Nescafé Dolce Gusto  Espresso - x30","p":7.72,"u":"46,79 €/KG","img":"https://fd2-photos.leclercdrive.fr/image.ashx?id=2737105&use=l&cat=p&typeid=i","cat":293239},{"id":147237,"n":"Compote Douceur du Verger    Bocal pomme morceaux - 730g","p":1.74,"u":"2,38 €/KG","img":"https://fd2-photos.leclercdrive.fr/image.ashx?id=2663563&use=l&cat=p&typeid=i","cat":284508},{"id":147245,"n":"Dessert abricots et pommes NRT 570g","p":3.55,"u":"6,23 €/KG","img":"https://fd2-photos.leclercdrive.fr/image.ashx?id=2840016&use=l&cat=p&typeid=i","cat":284508},{"id":147248,"n":"Muesli  Grainea chocolat Noisette 350g","p":2.84,"u":"8,11 €/KG","img":"https://fd2-photos.leclercdrive.fr/image.ashx?id=2077358&use=l&cat=p&typeid=i","cat":309512},{"id":147296,"n":"Gourde Bio Village - 6 mois Bio - 6x90g","p":4.39,"u":"8,13 €/KG","img":"https://fd2-photos.leclercdrive.fr/image.ashx?id=2704879&use=l&cat=p&typeid=i","cat":312393},{"id":147422,"n":"Bière Brewdog Punk IPA 33cl","p":2.39,"u":"7,24 €/L","img":"https://fd2-photos.leclercdrive.fr/image.ashx?id=2941859&use=l&cat=p&typeid=i","cat":334872},{"id":147424,"n":"Saucisse de Montbéliard à cuire L'Atelier Charcuterie - 2x150g","p":4.49,"u":"14,97 €/KG","img":"https://fd2-photos.leclercdrive.fr/image.ashx?id=2069973&use=l&cat=p&typeid=i","cat":316012},{"id":147438,"n":"Tablette chocolat Milka Chocolat au lait - 5x100g","p":7.3,"u":"14,60 €/KG","img":"https://fd2-photos.leclercdrive.fr/image.ashx?id=2955203&use=l&cat=p&typeid=i","cat":284497},{"id":147439,"n":"Tablette chocolat Mmmax Milka Chocolat - 300g","p":4.79,"u":"15,97 €/KG","img":"https://fd2-photos.leclercdrive.fr/image.ashx?id=2938364&use=l&cat=p&typeid=i","cat":284497},{"id":147442,"n":"Pochons Tous mes amis Sauce viande - 12x100g","p":3.65,"u":"3,04 €/KG","img":"https://fd2-photos.leclercdrive.fr/image.ashx?id=2054993&use=l&cat=p&typeid=i","cat":288578},{"id":147449,"n":"Granola Grainea Chocolat noir amandes - 350g","p":2.75,"u":"7,86 €/KG","img":"https://fd2-photos.leclercdrive.fr/image.ashx?id=2611949&use=l&cat=p&typeid=i","cat":309512},{"id":147464,"n":"Infusion bien-être Jardin Bio Bio x20 - 28g","p":2.49,"u":"88,93 €/KG","img":"https://fd2-photos.leclercdrive.fr/image.ashx?id=2792606&use=l&cat=p&typeid=i","cat":293234},{"id":147519,"n":"Moulin poivre Ducros 35g","p":3.12,"u":"89,14 €/KG","img":"https://fd2-photos.leclercdrive.fr/image.ashx?id=2498678&use=l&cat=p&typeid=i","cat":284457},{"id":147526,"n":"Huile bio Bio naïa Argan - 50ml","p":4.75,"u":"95,00 €/L","img":"https://fd2-photos.leclercdrive.fr/image.ashx?id=2436714&use=l&cat=p&typeid=i","cat":325349},{"id":147527,"n":"Huile bio Bio naïa Ricin - 50ml","p":3.99,"u":"79,80 €/L","img":"https://fd2-photos.leclercdrive.fr/image.ashx?id=2436717&use=l&cat=p&typeid=i","cat":325349},{"id":147529,"n":"Blocs WC Eco + Parfum pin - 3x40g","p":1.17,"u":"9,75 €/KG","img":"https://fd2-photos.leclercdrive.fr/image.ashx?id=2849560&use=l&cat=p&typeid=i","cat":284662},{"id":147531,"n":"Bain moussant Eco + Pêche - 750ml","p":0.52,"u":"0,69 €/L","img":"https://fd2-photos.leclercdrive.fr/image.ashx?id=2779175&use=l&cat=p&typeid=i","cat":284594},{"id":147532,"n":"Crème à récurer Eco + Parfum citron - 750ml","p":0.6,"u":"0,80 €/L","img":"https://fd2-photos.leclercdrive.fr/image.ashx?id=2931754&use=l&cat=p&typeid=i","cat":325357},{"id":147536,"n":"Liquide vaisselle Eco + Concentré citron - 500ml","p":0.42,"u":"0,84 €/L","img":"https://fd2-photos.leclercdrive.fr/image.ashx?id=2861407&use=l&cat=p&typeid=i","cat":284655},{"id":147537,"n":"Nettoyant ménager Eco + Citron - 2L","p":1.11,"u":"0,56 €/L","img":"https://fd2-photos.leclercdrive.fr/image.ashx?id=2946148&use=l&cat=p&typeid=i","cat":284907},{"id":147539,"n":"Capsules café Plantation Café au lait - x16 - 152g","p":3.29,"u":"21,64 €/KG","img":"https://fd2-photos.leclercdrive.fr/image.ashx?id=2649750&use=l&cat=p&typeid=i","cat":293239},{"id":147543,"n":"Gel WC détartrant Eco + Citron - 750ml","p":0.58,"u":"0,77 €/L","img":"https://fd2-photos.leclercdrive.fr/image.ashx?id=2836304&use=l&cat=p&typeid=i","cat":284662},{"id":147546,"n":"Poudre détachante Eco + 1,2kg","p":3.29,"u":"2,74 €/KG","img":"https://fd2-photos.leclercdrive.fr/image.ashx?id=2596769&use=l&cat=p&typeid=i","cat":284651},{"id":147549,"n":"Désodorisant mèche Eco + Parfum marine - 375ml","p":1.27,"u":"3,39 €/L","img":"https://fd2-photos.leclercdrive.fr/image.ashx?id=2777788&use=l&cat=p&typeid=i","cat":311628},{"id":147550,"n":"Nettoyant vitres Eco + 1L","p":0.76,"u":"0,76 €/L","img":"https://fd2-photos.leclercdrive.fr/image.ashx?id=2834993&use=l&cat=p&typeid=i","cat":325363},{"id":147623,"n":"Culottes Lotus Baby Douceur Naturelle Taille 4 - x32","p":15.3,"img":"https://fd2-photos.leclercdrive.fr/image.ashx?id=3011869&use=l&cat=p&typeid=i","cat":290633},{"id":147626,"n":"Couches Lotus Baby Douceur Naturelle Taille 4 - x37","p":14.07,"u":"0,38 €/P","img":"https://fd2-photos.leclercdrive.fr/image.ashx?id=2914768&use=l&cat=p&typeid=i","cat":284737},{"id":147627,"n":"Couches Lotus Baby Douceur Naturelle Taille 4+ - x35","p":14.11,"u":"0,40 €/P","img":"https://fd2-photos.leclercdrive.fr/image.ashx?id=2912617&use=l&cat=p&typeid=i","cat":284737},{"id":147678,"n":"Rillettes de saumon Ronde des Mers - 125g","p":1.58,"u":"12,64 €/KG","img":"https://fd2-photos.leclercdrive.fr/image.ashx?id=2436708&use=l&cat=p&typeid=i","cat":305147},{"id":147692,"n":"Fond pour rôtis Maggi 110g","p":2.4,"u":"21,82 €/KG","img":"https://fd2-photos.leclercdrive.fr/image.ashx?id=2917543&use=l&cat=p&typeid=i","cat":288379},{"id":147869,"n":"Oeufs frais moyen x30","p":5.1,"u":"0,17 €/P","img":"https://fd2-photos.leclercdrive.fr/image.ashx?id=2642684&use=l&cat=p&typeid=i","cat":284378},{"id":147964,"n":"IGP Pays d'Oc Rosé Scarlette Sieur d'Arques 12.5% vol 75 cl","p":5.85,"u":"7,80 €/L","img":"https://fd2-photos.leclercdrive.fr/image.ashx?id=2860145&use=l&cat=p&typeid=i","cat":289558},{"id":148027,"n":"Pois chiche Bio Village Bio - 500g","p":2.08,"u":"4,16 €/KG","img":"https://fd2-photos.leclercdrive.fr/image.ashx?id=3002704&use=l&cat=p&typeid=i","cat":284430},{"id":148039,"n":"Filet poulet jaune Maitre Coq En aiguillette - 280g","p":4.22,"u":"15,07 €/KG","img":"https://fd2-photos.leclercdrive.fr/image.ashx?id=2882725&use=l&cat=p&typeid=i","cat":284336},{"id":148040,"n":"Aiguillette poulet Maitre Coq Nourri maïs - 450g","p":6.64,"u":"14,76 €/KG","img":"https://fd2-photos.leclercdrive.fr/image.ashx?id=2882722&use=l&cat=p&typeid=i","cat":284336},{"id":148041,"n":"Aiguillette poulet Maître Coq 450g","p":6.48,"u":"14,40 €/KG","img":"https://fd2-photos.leclercdrive.fr/image.ashx?id=2882719&use=l&cat=p&typeid=i","cat":284336},{"id":148079,"n":"Saucisson d'Auvergne IGP NRT L'Atelier Charcuterie LR - 100g","p":2.3,"u":"23,00 €/KG","img":"https://fd2-photos.leclercdrive.fr/image.ashx?id=2994149&use=l&cat=p&typeid=i","cat":316007},{"id":148084,"n":"Mortadella bologna IGP L'Atelier Charcuterie - 100g","p":1.99,"u":"19,90 €/KG","img":"https://fd2-photos.leclercdrive.fr/image.ashx?id=2999652&use=l&cat=p&typeid=i","cat":316007},{"id":148095,"n":"Coppa di parma IGP L'Atelier Charcuterie - 100g","p":3.45,"u":"34,50 €/KG","img":"https://fd2-photos.leclercdrive.fr/image.ashx?id=2068735&use=l&cat=p&typeid=i","cat":316007},{"id":148103,"n":"Soin hydratant bio So Bio Etic Hydra Aloe Vera - 50ml","p":7.77,"u":"155,40 €/L","img":"https://fd2-photos.leclercdrive.fr/image.ashx?id=2640572&use=l&cat=p&typeid=i","cat":325345},{"id":148105,"n":"Viande des grisons IGP L'Atelier Charcuterie - 80g","p":5.49,"u":"68,63 €/KG","img":"https://fd2-photos.leclercdrive.fr/image.ashx?id=2856648&use=l&cat=p&typeid=i","cat":316007},{"id":148117,"n":"Rosette tranchée Label Rouge L'Atelier Charcuterie - 100g","p":1.79,"u":"17,90 €/KG","img":"https://fd2-photos.leclercdrive.fr/image.ashx?id=2856654&use=l&cat=p&typeid=i","cat":316007},{"id":148121,"n":"Assiette charcuterie Italienne L'Atelier Charcuterie - 180G","p":5.29,"img":"https://fd2-photos.leclercdrive.fr/image.ashx?id=2992672&use=l&cat=p&typeid=i","cat":316007},{"id":148124,"n":"Datte ravier Favorite Deglet nour - 500g","p":2.26,"u":"4,52 €/KG","img":"https://fd2-photos.leclercdrive.fr/image.ashx?id=2730610&use=l&cat=p&typeid=i","cat":284357},{"id":148291,"n":"Bière Aromatisée Grimbergen Rouge 5,5° - 6x25cl","p":5.17,"u":"3,45 €/L","img":"https://fd2-photos.leclercdrive.fr/image.ashx?id=2873327&use=l&cat=p&typeid=i","cat":334878},{"id":148339,"n":"Embouts jetables Prorhinel Souples - x10","p":5.79,"img":"https://fd2-photos.leclercdrive.fr/image.ashx?id=2148182&use=l&cat=p&typeid=i","cat":284630},{"id":148341,"n":"Spray hygiène du nez Prorhinel à l'aloe vera - enfant - 100ml","p":5.79,"u":"57,90 €/L","img":"https://fd2-photos.leclercdrive.fr/image.ashx?id=2917858&use=l&cat=p&typeid=i","cat":284630},{"id":148355,"n":"Déodorant Monsavon lait Fleur de coton - 200ml","p":1.94,"u":"9,70 €/L","img":"https://fd2-photos.leclercdrive.fr/image.ashx?id=2644930&use=l&cat=p&typeid=i","cat":284595},{"id":148384,"n":"Donut nappé chocolat 180g","p":1.39,"u":"7,72 €/KG","img":"https://fd2-photos.leclercdrive.fr/image.ashx?id=2590707&use=l&cat=p&typeid=i","cat":284495},{"id":148393,"n":"Dos de cabillaud MSC L'Atelier Poissonnerie - 300g","p":9.49,"u":"31,63 €/KG","img":"https://fd2-photos.leclercdrive.fr/image.ashx?id=2868699&use=l&cat=p&typeid=i","cat":284342},{"id":148406,"n":"Gel intime Intimy Classic - 150ml","p":6.52,"u":"43,47 €/L","img":"https://fd2-photos.leclercdrive.fr/image.ashx?id=2537980&use=l&cat=p&typeid=i","cat":285160},{"id":148484,"n":"Lames Hydro 5 Wilkinson Skin protect - x4","p":13.59,"u":"3,40 €/P","img":"https://fd2-photos.leclercdrive.fr/image.ashx?id=2924644&use=l&cat=p&typeid=i","cat":284616},{"id":148588,"n":"AOP Madiran Vin rouge  Terroir Tilhet - 6x75cl","p":29.94,"u":"6,65 €/L","img":"https://fd2-photos.leclercdrive.fr/image.ashx?id=2058436&use=l&cat=p&typeid=i","cat":289556},{"id":148743,"n":"Galette moelleuse Saint Michel Chocolat au lait - 180g","p":1.83,"u":"10,17 €/KG","img":"https://fd2-photos.leclercdrive.fr/image.ashx?id=2936248&use=l&cat=p&typeid=i","cat":284495},{"id":148770,"n":"Préservatifs Intimy Classic lubrifiés - x7","p":2.57,"u":"0,37 €/P","img":"https://fd2-photos.leclercdrive.fr/image.ashx?id=2537962&use=l&cat=p&typeid=i","cat":284631},{"id":148774,"n":"Préservatifs Intimy Taille XL lubrifiés - x14","p":7.62,"u":"0,54 €/P","img":"https://fd2-photos.leclercdrive.fr/image.ashx?id=2926329&use=l&cat=p&typeid=i","cat":284631},{"id":148779,"n":"Pince à ongles Mercurochrome 1 pièce","p":6.23,"img":"https://fd2-photos.leclercdrive.fr/image.ashx?id=2788496&use=l&cat=p&typeid=i","cat":325354},{"id":148966,"n":"Boisson coco Bio Bjorg Sans sucre ajouté - 1L","p":2.13,"u":"2,13 €/L","img":"https://fd2-photos.leclercdrive.fr/image.ashx?id=2972991&use=l&cat=p&typeid=i","cat":316067},{"id":148998,"n":"Papier cuisson Elembal Feuilles - x30","p":0.99,"u":"0,03 €/P","img":"https://fd2-photos.leclercdrive.fr/image.ashx?id=2059971&use=l&cat=p&typeid=i","cat":334134},{"id":149036,"n":"Merguez véritables L'Atelier Boucherie x8 - 520g","p":8.79,"u":"16,90 €/KG","img":"https://fd2-photos.leclercdrive.fr/image.ashx?id=2294363&use=l&cat=p&typeid=i","cat":284334},{"id":149037,"n":"Saucisses de Toulouse L'Atelier Boucherie x6 - 750g","p":7.99,"u":"10,65 €/KG","img":"https://fd2-photos.leclercdrive.fr/image.ashx?id=2994405&use=l&cat=p&typeid=i","cat":284334},{"id":149039,"n":"Chipolatas  L'Atelier Boucherie  X8 - 520g","p":6.83,"u":"13,13 €/KG","img":"https://fd2-photos.leclercdrive.fr/image.ashx?id=2992666&use=l&cat=p&typeid=i","cat":284334},{"id":149041,"n":"Chipolatas aux herbes L'Atelier Boucherie x8 - 520g","p":6.85,"u":"13,17 €/KG","img":"https://fd2-photos.leclercdrive.fr/image.ashx?id=2831293&use=l&cat=p&typeid=i","cat":284334},{"id":149236,"n":"Brandade à la morue  Maison Briau Gratinée - 550g","p":5.95,"u":"10,82 €/KG","img":"https://fd2-photos.leclercdrive.fr/image.ashx?id=2850013&use=l&cat=p&typeid=i","cat":285340},{"id":149388,"n":"Shampooing sec Batiste Nude aérosol - 200ml","p":3.61,"u":"18,05 €/L","img":"https://fd2-photos.leclercdrive.fr/image.ashx?id=2558334&use=l&cat=p&typeid=i","cat":289143},{"id":149390,"n":"Croc'Odor Frigo XL  140g","p":2.71,"u":"19,36 €/KG","img":"https://fd2-photos.leclercdrive.fr/image.ashx?id=2952646&use=l&cat=p&typeid=i","cat":311628},{"id":149428,"n":"Boisson à base de vin rosé  Pamplemousse - 7.5% vol - 75cl","p":3.0,"u":"4,00 €/L","img":"https://fd2-photos.leclercdrive.fr/image.ashx?id=2958525&use=l&cat=p&typeid=i","cat":304569},{"id":149465,"n":"Brosse à Dents Signal Soin Gencives Souple x4","p":2.71,"u":"0,68 €/P","img":"https://fd2-photos.leclercdrive.fr/image.ashx?id=2964234&use=l&cat=p&typeid=i","cat":284614},{"id":149778,"n":"Brewdog Punk IPA Boite 50cl","p":2.55,"u":"5,10 €/L","img":"https://fd2-photos.leclercdrive.fr/image.ashx?id=2941856&use=l&cat=p&typeid=i","cat":334853},{"id":149782,"n":"Soin léger nuit So Bio Etic Anti-âge bio - 50ml","p":9.36,"u":"187,20 €/L","img":"https://fd2-photos.leclercdrive.fr/image.ashx?id=2792699&use=l&cat=p&typeid=i","cat":325345},{"id":149806,"n":"Masque Dream Long Elsève Reconstructeur - 2x310ml","p":9.83,"u":"15,85 €/L","img":"https://fd2-photos.leclercdrive.fr/image.ashx?id=2396162&use=l&cat=p&typeid=i","cat":284608},{"id":149817,"n":"Rouleau Râpe Velvet Smooth Ultra Exfoliant Pieds - x2","p":13.99,"u":"7,00 €/P","img":"https://fd2-photos.leclercdrive.fr/image.ashx?id=2628404&use=l&cat=p&typeid=i","cat":325354},{"id":149854,"n":"Dentifrice Elmex enfant 0-6ans Anti-caries - 75ml","p":3.36,"u":"44,80 €/L","img":"https://fd2-photos.leclercdrive.fr/image.ashx?id=2745289&use=l&cat=p&typeid=i","cat":288898},{"id":149935,"n":"Sérum Effaclar La Roche Posay Visage - 30ml","p":25.9,"u":"863,33 €/L","img":"https://fd2-photos.leclercdrive.fr/image.ashx?id=2128884&use=l&cat=p&typeid=i","cat":291166},{"id":149951,"n":"Soin hydratant La Roche Posay Tolériane Sensitive Riche -40ml","p":13.79,"u":"344,75 €/L","img":"https://fd2-photos.leclercdrive.fr/image.ashx?id=2087014&use=l&cat=p&typeid=i","cat":291171},{"id":149953,"n":"Dentifrice Fluocaril Junior 6-12ans Fruits rouges - 2x75ml","p":4.99,"pp":3.74,"u":"24,93 €/L","img":"https://fd2-photos.leclercdrive.fr/image.ashx?id=2585276&use=l&cat=p&typeid=i","cat":290418},{"id":149958,"n":"Brosse à Dents Signal Soin Classique Souple x1","p":1.72,"img":"https://fd2-photos.leclercdrive.fr/image.ashx?id=2950894&use=l&cat=p&typeid=i","cat":284614},{"id":149997,"n":"Compléments Duo Phyto Phytophanère - 2x120 capsules","p":20.77,"u":"0,09 €/P","img":"https://fd2-photos.leclercdrive.fr/image.ashx?id=2065391&use=l&cat=p&typeid=i","cat":301266},{"id":149998,"n":"Brûleur de graisse Forte Pharma Xtraslim700 45+ - 120 gélules","p":38.99,"u":"639,18 €/KG","img":"https://fd2-photos.leclercdrive.fr/image.ashx?id=2067185&use=l&cat=p&typeid=i","cat":301267},{"id":150002,"n":"Shampooing coco Natessance 250ml","p":4.85,"u":"19,40 €/L","img":"https://fd2-photos.leclercdrive.fr/image.ashx?id=2761399&use=l&cat=p&typeid=i","cat":290400},{"id":150008,"n":"Soin Sécheresse Hyralin 400ml","p":11.49,"u":"28,73 €/L","img":"https://fd2-photos.leclercdrive.fr/image.ashx?id=2905432&use=l&cat=p&typeid=i","cat":301348},{"id":150014,"n":"Soin intime Hydralin Gyn Irritation - 400ml","p":10.79,"u":"26,98 €/L","img":"https://fd2-photos.leclercdrive.fr/image.ashx?id=2929900&use=l&cat=p&typeid=i","cat":301348},{"id":150015,"n":"Gel lubrifiant Hydralin 50ml","p":10.6,"u":"212,00 €/L","img":"https://fd2-photos.leclercdrive.fr/image.ashx?id=2959085&use=l&cat=p&typeid=i","cat":328622},{"id":150127,"n":"Brûleur de graisse Forte Pharma  Xtraslim700 - 120 gélules","p":38.99,"u":"0,32 €/P","img":"https://fd2-photos.leclercdrive.fr/image.ashx?id=2066848&use=l&cat=p&typeid=i","cat":301267},{"id":150229,"n":"Céleri Pierre Martinet rémoulade moutarde - 300g","p":1.68,"u":"5,60 €/KG","img":"https://fd2-photos.leclercdrive.fr/image.ashx?id=2733082&use=l&cat=p&typeid=i","cat":333657},{"id":150238,"n":"Escalope Cordon Bleu Père Dodu  Double Cheese x2 - 200g","p":2.52,"u":"12,60 €/KG","img":"https://fd2-photos.leclercdrive.fr/image.ashx?id=2957185&use=l&cat=p&typeid=i","cat":333683},{"id":150252,"n":"Plateau à deux Etoile du Quercy 4 fromages - 45%mg - 185g","p":3.91,"u":"21,14 €/KG","img":"https://fd2-photos.leclercdrive.fr/image.ashx?id=2650303&use=l&cat=p&typeid=i","cat":314036},{"id":150255,"n":"Torti au surimi Pierre Martinet - 300g","p":1.89,"u":"6,30 €/KG","img":"https://fd2-photos.leclercdrive.fr/image.ashx?id=2613441&use=l&cat=p&typeid=i","cat":333657},{"id":150307,"n":"Liquide refroidissement TECH9 -25°C - 5L","p":9.99,"u":"2,00 €/L","img":"https://fd2-photos.leclercdrive.fr/image.ashx?id=2162711&use=l&cat=p&typeid=i","cat":298253},{"id":150485,"n":"Chocolat Pâtissier Lindt Noir - 70% cacao - 200g","p":3.23,"u":"16,15 €/KG","img":"https://fd2-photos.leclercdrive.fr/image.ashx?id=2730223&use=l&cat=p&typeid=i","cat":285562},{"id":150488,"n":"Tartine pain campagne Pasquier - 180g","p":2.02,"u":"11,22 €/KG","img":"https://fd2-photos.leclercdrive.fr/image.ashx?id=2967028&use=l&cat=p&typeid=i","cat":285543},{"id":150704,"n":"Whisky Bowmore 9 ans 70cl","p":25.9,"u":"37,00 €/L","img":"https://fd2-photos.leclercdrive.fr/image.ashx?id=2068618&use=l&cat=p&typeid=i","cat":284547},{"id":150788,"n":"HERTA Tendre Croc Jambon Fromage sans nitrite 200g x2","p":1.72,"u":"8,60 €/KG","img":"https://fd2-photos.leclercdrive.fr/image.ashx?id=2752885&use=l&cat=p&typeid=i","cat":333671},{"id":150793,"n":"HERTA Tendre Croc Jambon Fromage sans nitrite 400g x4","p":3.41,"u":"8,53 €/KG","img":"https://fd2-photos.leclercdrive.fr/image.ashx?id=2070144&use=l&cat=p&typeid=i","cat":333671},{"id":150798,"n":"HERTA Tendre Croc Comté Jambon sans nitrite 200g x2","p":1.92,"u":"9,60 €/KG","img":"https://fd2-photos.leclercdrive.fr/image.ashx?id=2070147&use=l&cat=p&typeid=i","cat":333671},{"id":150799,"n":"HERTA Tendre Croc Jambon Fromg ss croûte ss nitrite 200g","p":1.97,"u":"9,85 €/KG","img":"https://fd2-photos.leclercdrive.fr/image.ashx?id=2070153&use=l&cat=p&typeid=i","cat":333671},{"id":151106,"n":"Vin France Cambras rouge -12,5% Merlot Cabernet Sauvignon -75cl","p":2.61,"u":"3,48 €/L","img":"https://fd2-photos.leclercdrive.fr/image.ashx?id=2941029&use=l&cat=p&typeid=i","cat":289556},{"id":151131,"n":"Charbon de bois Beaux Jours 40L","p":11.99,"u":"0,30 €/L","img":"https://fd2-photos.leclercdrive.fr/image.ashx?id=2078371&use=l&cat=p&typeid=i","cat":335917},{"id":151169,"n":"Liégeois lait d'amande chocolat Andros - 4x90g","p":2.89,"u":"8,03 €/KG","img":"https://fd2-photos.leclercdrive.fr/image.ashx?id=2871985&use=l&cat=p&typeid=i","cat":316071},{"id":151170,"n":"Riz au lait Andros Coco vanille - 4x100g","p":2.81,"u":"7,03 €/KG","img":"https://fd2-photos.leclercdrive.fr/image.ashx?id=2872024&use=l&cat=p&typeid=i","cat":316071},{"id":151235,"n":"HERTA Blanc de poulet nature sans nitrite - 140g 4T","p":1.95,"u":"13,93 €/KG","img":"https://fd2-photos.leclercdrive.fr/image.ashx?id=2731348&use=l&cat=p&typeid=i","cat":316010},{"id":151290,"n":"Herta Blanc de poulet -25% de sel sans nitrite 140g 4T","p":2.33,"u":"16,64 €/KG","img":"https://fd2-photos.leclercdrive.fr/image.ashx?id=2307733&use=l&cat=p&typeid=i","cat":316010},{"id":151464,"n":"Fromage blanc Calin Extra Nature - 8x100g","p":2.16,"u":"2,70 €/KG","img":"https://fd2-photos.leclercdrive.fr/image.ashx?id=2973736&use=l&cat=p&typeid=i","cat":284409},{"id":151472,"n":"Fromage blanc Calin Extra Nature - 850g","p":2.3,"u":"2,71 €/KG","img":"https://fd2-photos.leclercdrive.fr/image.ashx?id=2973739&use=l&cat=p&typeid=i","cat":284409},{"id":151508,"n":"Colin MSC haché Yooji 6 mois - 120g","p":4.25,"u":"35,42 €/KG","img":"https://fd2-photos.leclercdrive.fr/image.ashx?id=2529072&use=l&cat=p&typeid=i","cat":290631},{"id":151936,"n":"Yaourt brassé Bio Les 2 Vaches Vanille - 4x115g","p":1.86,"u":"4,04 €/KG","img":"https://fd2-photos.leclercdrive.fr/image.ashx?id=2571542&use=l&cat=p&typeid=i","cat":284410},{"id":151959,"n":"Mascara Allongeant L'OréalParis Telescopic Carbone Noir","p":10.63,"img":"https://fd2-photos.leclercdrive.fr/image.ashx?id=2886178&use=l&cat=p&typeid=i","cat":287029},{"id":151971,"n":"Encre à lèvres mat Maybelline Superstay Matte Ink 20 Pioneer","p":12.86,"img":"https://fd2-photos.leclercdrive.fr/image.ashx?id=2423181&use=l&cat=p&typeid=i","cat":287029},{"id":151972,"n":"Correcteur anticerne Maybelline Instant Anti-Age 00 Ivoire","p":8.49,"img":"https://fd2-photos.leclercdrive.fr/image.ashx?id=2770545&use=l&cat=p&typeid=i","cat":287029},{"id":151983,"n":"Recharge liquide vaisselle & mains Briochin Ecocert 450ml","p":2.42,"u":"5,38 €/L","img":"https://fd2-photos.leclercdrive.fr/image.ashx?id=3000743&use=l&cat=p&typeid=i","cat":284655},{"id":151986,"n":"Gel Salle de bain & WC Glade Bois de Santal & Jasmin 180g","p":2.58,"img":"https://fd2-photos.leclercdrive.fr/image.ashx?id=2453613&use=l&cat=p&typeid=i","cat":311628},{"id":151996,"n":"Fromage enfant Kiri crème 24 portions à tartiner - 432g","p":5.1,"u":"0,21 €/P","img":"https://fd2-photos.leclercdrive.fr/image.ashx?id=2973568&use=l&cat=p&typeid=i","cat":314030},{"id":152001,"n":"Gnocchi à poêler Roll Lustucru  300g","p":1.63,"u":"5,43 €/KG","img":"https://fd2-photos.leclercdrive.fr/image.ashx?id=2792408&use=l&cat=p&typeid=i","cat":333682},{"id":152008,"n":"Croissants au jambon fromage L'Atelier Traiteur x2 - 260g","p":3.89,"u":"14,96 €/KG","img":"https://fd2-photos.leclercdrive.fr/image.ashx?id=2235004&use=l&cat=p&typeid=i","cat":333671},{"id":152021,"n":"Bouchées à la reine L'Atelier Traiteur x2 -  300g","p":4.49,"u":"14,97 €/KG","img":"https://fd2-photos.leclercdrive.fr/image.ashx?id=2998892&use=l&cat=p&typeid=i","cat":333671},{"id":152022,"n":"Friands à la viande L'Atelier Traiteur x2 - 200g","p":2.99,"u":"14,95 €/KG","img":"https://fd2-photos.leclercdrive.fr/image.ashx?id=2130874&use=l&cat=p&typeid=i","cat":333671},{"id":152028,"n":"Quiches Lorraines L'Atelier Traiteur x2 - 280g","p":3.99,"u":"7,13 €/KG","img":"https://fd2-photos.leclercdrive.fr/image.ashx?id=2636272&use=l&cat=p&typeid=i","cat":333680},{"id":152043,"n":"Déodorant bio BionaÏa 100ml","p":1.8,"u":"18,00 €/L","img":"https://fd2-photos.leclercdrive.fr/image.ashx?id=2075272&use=l&cat=p&typeid=i","cat":284595},{"id":152045,"n":"Savon solide Manava Citron et basilic x2 - 200g","p":1.39,"u":"6,95 €/KG","img":"https://fd2-photos.leclercdrive.fr/image.ashx?id=2358345&use=l&cat=p&typeid=i","cat":284597},{"id":152073,"n":"Roulés au fromage L'Atelier Traiteur x2 - 240g","p":3.25,"u":"13,54 €/KG","img":"https://fd2-photos.leclercdrive.fr/image.ashx?id=2814462&use=l&cat=p&typeid=i","cat":333671},{"id":152074,"n":"Feuilletés jambon Emmental L'Atelier Traiteur x2 - 220g","p":3.59,"u":"16,32 €/KG","img":"https://fd2-photos.leclercdrive.fr/image.ashx?id=2240173&use=l&cat=p&typeid=i","cat":333671},{"id":152300,"n":"Liniment Love & Green Bio - 500ml","p":7.26,"u":"14,52 €/L","img":"https://fd2-photos.leclercdrive.fr/image.ashx?id=2735716&use=l&cat=p&typeid=i","cat":284741},{"id":152349,"n":"Sérum nuit anti-âge L'Oréal Revitalift Rétinol Pur - 30ml","p":13.96,"u":"465,33 €/L","img":"https://fd2-photos.leclercdrive.fr/image.ashx?id=2867530&use=l&cat=p&typeid=i","cat":325345},{"id":152365,"n":"Crème éclat La Provençale Bio Jouvence Anti-Âge - 50ml","p":10.15,"u":"203,00 €/L","img":"https://fd2-photos.leclercdrive.fr/image.ashx?id=2948147&use=l&cat=p&typeid=i","cat":325345},{"id":152414,"n":"Crème hydratante Scholl Adoucissante - 75ml","p":4.75,"u":"63,33 €/L","img":"https://fd2-photos.leclercdrive.fr/image.ashx?id=2980884&use=l&cat=p&typeid=i","cat":325354},{"id":152420,"n":"Cryothérapie Mercurochrome Verrues pieds mains - 35ml","p":13.12,"u":"374,86 €/L","img":"https://fd2-photos.leclercdrive.fr/image.ashx?id=2693545&use=l&cat=p&typeid=i","cat":284630},{"id":152459,"n":"Eau minérale naturelle Volvic 6x1L","p":2.86,"u":"0,48 €/L","img":"https://fd2-photos.leclercdrive.fr/image.ashx?id=2906076&use=l&cat=p&typeid=i","cat":284535},{"id":152505,"n":"Boisson végétale Bio Bjorg 1L","p":1.75,"u":"1,75 €/L","img":"https://fd2-photos.leclercdrive.fr/image.ashx?id=2972994&use=l&cat=p&typeid=i","cat":316067},{"id":152507,"n":"Charbon de bois Beaux Jours Qualité standard - 20L","p":6.29,"u":"0,31 €/L","img":"https://fd2-photos.leclercdrive.fr/image.ashx?id=2078368&use=l&cat=p&typeid=i","cat":335917},{"id":152576,"n":"Crêpes 1/2 lune Eco+ Jambon emmental - x20 - 1kg","p":2.31,"u":"2,31 €/KG","img":"https://fd2-photos.leclercdrive.fr/image.ashx?id=2698144&use=l&cat=p&typeid=i","cat":319776},{"id":152594,"n":"Desserts Lactés P'tit GOURMAND BIO Vanille  6M+ - 4x90g","p":2.23,"u":"6,19 €/KG","img":"https://fd2-photos.leclercdrive.fr/image.ashx?id=2629704&use=l&cat=p&typeid=i","cat":312392},{"id":152595,"n":"Barres chocolat Toblerone Chocolat au lait - 3x100g","p":4.92,"u":"16,40 €/KG","img":"https://fd2-photos.leclercdrive.fr/image.ashx?id=2078241&use=l&cat=p&typeid=i","cat":284498},{"id":152608,"n":"Mayonnaise de Dijon Amora 5 ingrédients - 400g","p":2.8,"u":"7,00 €/KG","img":"https://fd2-photos.leclercdrive.fr/image.ashx?id=3005392&use=l&cat=p&typeid=i","cat":298295},{"id":152610,"n":"Pasta Box Sodebo Fusilli à la Bolognaise - 330g","p":2.49,"u":"7,55 €/KG","img":"https://fd2-photos.leclercdrive.fr/image.ashx?id=2991996&use=l&cat=p&typeid=i","cat":334983},{"id":152612,"n":"Pasta Box Sodebo Fusilli à la Carbonara - 330g","p":2.46,"u":"7,45 €/KG","img":"https://fd2-photos.leclercdrive.fr/image.ashx?id=2919781&use=l&cat=p&typeid=i","cat":334983},{"id":152615,"n":"Pasta Box Sodebo Fusilli Fromages Italiens -330g","p":2.59,"u":"7,85 €/KG","img":"https://fd2-photos.leclercdrive.fr/image.ashx?id=2919784&use=l&cat=p&typeid=i","cat":334983},{"id":152736,"n":"Camembert Le Rustique Extra coulant - 240g","p":3.3,"u":"13,75 €/KG","img":"https://fd2-photos.leclercdrive.fr/image.ashx?id=2797479&use=l&cat=p&typeid=i","cat":314033},{"id":152774,"n":"Sauce Algérienne Heinz - 220g","p":1.65,"u":"7,50 €/KG","img":"https://fd2-photos.leclercdrive.fr/image.ashx?id=2926846&use=l&cat=p&typeid=i","cat":318431},{"id":152827,"n":"Chipolatas aux herbes Socopa x6 -330g","p":3.91,"u":"11,85 €/KG","img":"https://fd2-photos.leclercdrive.fr/image.ashx?id=2414666&use=l&cat=p&typeid=i","cat":284334},{"id":152940,"n":"Soin Mercurochrome ongles âbimés - 1 pièce","p":9.65,"img":"https://fd2-photos.leclercdrive.fr/image.ashx?id=2663995&use=l&cat=p&typeid=i","cat":284630},{"id":152984,"n":"AOP Prosecco rosé  Vilaveroni - 75cl","p":6.5,"u":"8,67 €/L","img":"https://fd2-photos.leclercdrive.fr/image.ashx?id=2492354&use=l&cat=p&typeid=i","cat":289558},{"id":153015,"n":"Cassonade pure canne Daddy 750g","p":2.17,"u":"2,89 €/KG","img":"https://fd2-photos.leclercdrive.fr/image.ashx?id=2944702&use=l&cat=p&typeid=i","cat":284502},{"id":153059,"n":"Cônes glacés Trium Chocolat - x6 - 423g","p":2.13,"u":"5,04 €/KG","img":"https://fd2-photos.leclercdrive.fr/image.ashx?id=2931829&use=l&cat=p&typeid=i","cat":284264},{"id":153060,"n":"Cônes glacés Trium Vanille caramel - x6 - 432g","p":2.53,"u":"5,86 €/KG","img":"https://fd2-photos.leclercdrive.fr/image.ashx?id=2931835&use=l&cat=p&typeid=i","cat":284264},{"id":153061,"n":"Cônes glacés Trium Vanille fraise - x6 - 426g","p":1.69,"u":"3,97 €/KG","img":"https://fd2-photos.leclercdrive.fr/image.ashx?id=2931808&use=l&cat=p&typeid=i","cat":284264},{"id":153062,"n":"Cônes glacés Trium Vanille nougatine x6 - 402g","p":1.59,"u":"3,96 €/KG","img":"https://fd2-photos.leclercdrive.fr/image.ashx?id=2931805&use=l&cat=p&typeid=i","cat":284264},{"id":153070,"n":"Cônes glacés Trium Menthe chocolat x6 - 414g","p":2.19,"u":"5,29 €/KG","img":"https://fd2-photos.leclercdrive.fr/image.ashx?id=2931826&use=l&cat=p&typeid=i","cat":284264},{"id":153071,"n":"Cônes glacés Trium Crème brulée - x6 - 426g","p":2.52,"u":"5,92 €/KG","img":"https://fd2-photos.leclercdrive.fr/image.ashx?id=2931820&use=l&cat=p&typeid=i","cat":284264},{"id":153074,"n":"Cônes glacés Trium Citron framboise x6 - 456g","p":2.67,"u":"5,86 €/KG","img":"https://fd2-photos.leclercdrive.fr/image.ashx?id=2931811&use=l&cat=p&typeid=i","cat":284264},{"id":153075,"n":"Cônes glacés Trium Chocolat pistaches - x6 - 402g","p":1.99,"u":"4,95 €/KG","img":"https://fd2-photos.leclercdrive.fr/image.ashx?id=2909909&use=l&cat=p&typeid=i","cat":284264},{"id":153078,"n":"Dentifrice Zendium Protection blancheur - 75ml","p":2.87,"u":"38,27 €/L","img":"https://fd2-photos.leclercdrive.fr/image.ashx?id=2927714&use=l&cat=p&typeid=i","cat":284612},{"id":153108,"n":"Rhum blanc Clement 50° - 1L","p":21.36,"u":"21,36 €/L","img":"https://fd2-photos.leclercdrive.fr/image.ashx?id=2093244&use=l&cat=p&typeid=i","cat":284550},{"id":153148,"n":"Jambon Supérieur Fleury Michon sans nitrite x6 - 210g","p":3.13,"u":"14,90 €/KG","img":"https://fd2-photos.leclercdrive.fr/image.ashx?id=2889478&use=l&cat=p&typeid=i","cat":316009},{"id":153151,"n":"Jambon Supérieur Fleury Michon sans nitrite x4 - 140g","p":2.17,"u":"15,50 €/KG","img":"https://fd2-photos.leclercdrive.fr/image.ashx?id=2889475&use=l&cat=p&typeid=i","cat":316009},{"id":153153,"n":"Jambon Supérieur Fleury Michon -25% sel sans nitrite- x2 - 70g","p":1.88,"u":"26,86 €/KG","img":"https://fd2-photos.leclercdrive.fr/image.ashx?id=2889484&use=l&cat=p&typeid=i","cat":316009},{"id":153154,"n":"Jambon Supérieur Fleury Michon -25% sel sans nitrite x6 - 210g","p":4.03,"u":"19,19 €/KG","img":"https://fd2-photos.leclercdrive.fr/image.ashx?id=2889487&use=l&cat=p&typeid=i","cat":316009},{"id":153155,"n":"Jambon Supérieur Fleury Michon -25% sel sans nitrite x4 - 140g","p":2.92,"u":"20,86 €/KG","img":"https://fd2-photos.leclercdrive.fr/image.ashx?id=2905399&use=l&cat=p&typeid=i","cat":316009},{"id":153159,"n":"Jambon Simplement Bon Fleury  Michon -25% de sel x4 - 140g","p":2.49,"u":"17,79 €/KG","img":"https://fd2-photos.leclercdrive.fr/image.ashx?id=2843385&use=l&cat=p&typeid=i","cat":316009},{"id":153164,"n":"Jambon  Simplement Bon Fleury  Michon x4 - 160g","p":2.0,"u":"12,50 €/KG","img":"https://fd2-photos.leclercdrive.fr/image.ashx?id=2843147&use=l&cat=p&typeid=i","cat":316009},{"id":153165,"n":"Jambon Fleury Michon Simplement  Bio sans nitrite - x4 - 120g","p":4.73,"u":"39,42 €/KG","img":"https://fd2-photos.leclercdrive.fr/image.ashx?id=2959040&use=l&cat=p&typeid=i","cat":316009},{"id":153166,"n":"Jambon Simplement Bon Fleury Michon - x6 - 240g","p":2.48,"u":"10,33 €/KG","img":"https://fd2-photos.leclercdrive.fr/image.ashx?id=2843150&use=l&cat=p&typeid=i","cat":316009},{"id":153167,"n":"Jambon Simplement Bon  Fleury Michon - x8 - 320g","p":4.11,"u":"12,84 €/KG","img":"https://fd2-photos.leclercdrive.fr/image.ashx?id=3008383&use=l&cat=p&typeid=i","cat":316009},{"id":153192,"n":"Canettes Coca-cola Zéro Soda sans sucre - 12x33cl","p":6.62,"u":"1,67 €/L","img":"https://fd2-photos.leclercdrive.fr/image.ashx?id=2209194&use=l&cat=p&typeid=i","cat":284530},{"id":153241,"n":"Blanc de poulet Fleury Michon doré au four - x8 - 240g","p":2.28,"u":"9,50 €/KG","img":"https://fd2-photos.leclercdrive.fr/image.ashx?id=2962845&use=l&cat=p&typeid=i","cat":316010},{"id":153248,"n":"Rôti de porc Fleury Michon Extra tendre - x4 - 160g","p":3.32,"u":"20,75 €/KG","img":"https://fd2-photos.leclercdrive.fr/image.ashx?id=2314050&use=l&cat=p&typeid=i","cat":316009},{"id":153313,"n":"Gateau Savane Brossard Pocket chocolat - x7  210g","p":2.06,"u":"9,81 €/KG","img":"https://fd2-photos.leclercdrive.fr/image.ashx?id=2870722&use=l&cat=p&typeid=i","cat":284495},{"id":153328,"n":"Gâteaux fourrés Napolitain LU Chocolat - 180g","p":1.57,"u":"8,72 €/KG","img":"https://fd2-photos.leclercdrive.fr/image.ashx?id=3002225&use=l&cat=p&typeid=i","cat":284495},{"id":153928,"n":"Petits chèvre frais ronds L'Atelier Fromagerie - 100g","p":2.15,"u":"21,50 €/KG","img":"https://fd2-photos.leclercdrive.fr/image.ashx?id=2999643&use=l&cat=p&typeid=i","cat":314036},{"id":153929,"n":"Bûche de chèvre frais cendrée L'Atelier Fromagerie - 200g","p":3.19,"u":"15,95 €/KG","img":"https://fd2-photos.leclercdrive.fr/image.ashx?id=2999646&use=l&cat=p&typeid=i","cat":314036},{"id":153967,"n":"Changes bébé Lotus Baby T2 Douceur naturelle 3/6kg - x45","p":14.9,"u":"0,33 €/P","img":"https://fd2-photos.leclercdrive.fr/image.ashx?id=2909206&use=l&cat=p&typeid=i","cat":284737},{"id":154098,"n":"Cidre rouge La Mordue 4x27.5 cl","p":4.01,"u":"3,65 €/L","img":"https://fd2-photos.leclercdrive.fr/image.ashx?id=2625133&use=l&cat=p&typeid=i","cat":334880},{"id":154629,"n":"Bière Blonde Leffe 6,6% - 20x25cl","p":14.61,"u":"2,92 €/L","img":"https://fd2-photos.leclercdrive.fr/image.ashx?id=2995427&use=l&cat=p&typeid=i","cat":334852},{"id":154643,"n":"Gel lavant émollient A-Derma Exomega Control - 500ml","p":10.49,"u":"20,98 €/L","img":"https://fd2-photos.leclercdrive.fr/image.ashx?id=2377163&use=l&cat=p&typeid=i","cat":301591},{"id":154644,"n":"Crème réparatrice A-Derma Dermalibour + Cica - 100ml","p":13.26,"u":"132,60 €/L","img":"https://fd2-photos.leclercdrive.fr/image.ashx?id=2377136&use=l&cat=p&typeid=i","cat":290421},{"id":154647,"n":"Crème apaisante Avène Tolerance Control - 40ml","p":16.9,"u":"422,50 €/L","img":"https://fd2-photos.leclercdrive.fr/image.ashx?id=2373468&use=l&cat=p&typeid=i","cat":291171},{"id":154648,"n":"Gel moussant A-Derma Dermalibour + Cica - 200ml","p":11.88,"u":"59,40 €/L","img":"https://fd2-photos.leclercdrive.fr/image.ashx?id=2377175&use=l&cat=p&typeid=i","cat":301591},{"id":154650,"n":"Baume apaisant Avène Tolerance Control - 40ml","p":16.9,"u":"422,50 €/L","img":"https://fd2-photos.leclercdrive.fr/image.ashx?id=2373471&use=l&cat=p&typeid=i","cat":290421},{"id":154651,"n":"Gel moussant émollient A-Derma Exomega Control - 500ml","p":11.52,"u":"23,04 €/L","img":"https://fd2-photos.leclercdrive.fr/image.ashx?id=2377151&use=l&cat=p&typeid=i","cat":301591},{"id":154663,"n":"Shampooing Klorane Menthe Aquatique Bio - 400ml","p":9.49,"u":"23,73 €/L","img":"https://fd2-photos.leclercdrive.fr/image.ashx?id=2968247&use=l&cat=p&typeid=i","cat":290400},{"id":154664,"n":"Shampooing traitant Ducray  Kélual DS - 100ml","p":11.9,"u":"119,00 €/L","img":"https://fd2-photos.leclercdrive.fr/image.ashx?id=2326964&use=l&cat=p&typeid=i","cat":290400},{"id":154672,"n":"Crème hydratante A-Derma 150ml","p":13.49,"u":"89,93 €/L","img":"https://fd2-photos.leclercdrive.fr/image.ashx?id=2377142&use=l&cat=p&typeid=i","cat":291171},{"id":154673,"n":"Après-shampooing Klorane Cupuacu Bio - 200ml","p":9.99,"u":"49,95 €/L","img":"https://fd2-photos.leclercdrive.fr/image.ashx?id=2810930&use=l&cat=p&typeid=i","cat":290398},{"id":154674,"n":"Shampooing Natessance Karité - 250g","p":4.85,"u":"19,40 €/KG","img":"https://fd2-photos.leclercdrive.fr/image.ashx?id=2799506&use=l&cat=p&typeid=i","cat":290400},{"id":154675,"n":"Antiseptique Naturel Saugella Flacon - 250ml","p":5.9,"u":"23,60 €/L","img":"https://fd2-photos.leclercdrive.fr/image.ashx?id=2677444&use=l&cat=p&typeid=i","cat":301348},{"id":154676,"n":"Lait 2ème âge Biostime Infantile bio - 800g","p":21.49,"u":"26,86 €/KG","img":"https://fd2-photos.leclercdrive.fr/image.ashx?id=2172765&use=l&cat=p&typeid=i","cat":300523},{"id":154682,"n":"Créaline H2O Bioderma Sans parfum - 250ml","p":9.34,"u":"37,36 €/L","img":"https://fd2-photos.leclercdrive.fr/image.ashx?id=2979842&use=l&cat=p&typeid=i","cat":301587},{"id":154693,"n":"Patch articulation Puressentiel 14 huiles essentielles - x3","p":8.39,"u":"2,80 €/P","img":"https://fd2-photos.leclercdrive.fr/image.ashx?id=2988520&use=l&cat=p&typeid=i","cat":298633},{"id":154695,"n":"Serviettes Nuit Saugella x12","p":3.69,"u":"0,31 €/P","img":"https://fd2-photos.leclercdrive.fr/image.ashx?id=2087619&use=l&cat=p&typeid=i","cat":301349},{"id":154697,"n":"Shampooing Natessance Ricin - 250ml","p":4.85,"u":"19,40 €/L","img":"https://fd2-photos.leclercdrive.fr/image.ashx?id=2735008&use=l&cat=p&typeid=i","cat":290400},{"id":154698,"n":"Eau micellaire Sensifine AR SVR 400ml","p":6.99,"u":"17,48 €/L","img":"https://fd2-photos.leclercdrive.fr/image.ashx?id=2985243&use=l&cat=p&typeid=i","cat":301587},{"id":154704,"n":"Crème Pieds Xerial 50 SVR 50ml","p":8.95,"u":"179,00 €/L","img":"https://fd2-photos.leclercdrive.fr/image.ashx?id=2969136&use=l&cat=p&typeid=i","cat":290424},{"id":154709,"n":"Crème Douceur Saugella Tube - 30ml","p":4.99,"u":"166,33 €/L","img":"https://fd2-photos.leclercdrive.fr/image.ashx?id=2711017&use=l&cat=p&typeid=i","cat":301348},{"id":154712,"n":"Extrait pépins pamplemousse Nutrisanté - 100ml","p":9.99,"u":"99,90 €/L","img":"https://fd2-photos.leclercdrive.fr/image.ashx?id=2740712&use=l&cat=p&typeid=i","cat":301264},{"id":154713,"n":"Soin Intime Soyeux Hydralin 200ml","p":7.4,"u":"37,00 €/L","img":"https://fd2-photos.leclercdrive.fr/image.ashx?id=2905733&use=l&cat=p&typeid=i","cat":301348},{"id":154714,"n":"Crème lavante La Roche Posay Lipikar - surgras - 400ml","p":11.89,"u":"29,73 €/L","img":"https://fd2-photos.leclercdrive.fr/image.ashx?id=2153963&use=l&cat=p&typeid=i","cat":301591},{"id":154718,"n":"Détranspirant aisselles Etiaxil Roll-on peaux sensibles - 15ml","p":7.48,"u":"498,67 €/L","img":"https://fd2-photos.leclercdrive.fr/image.ashx?id=2189585&use=l&cat=p&typeid=i","cat":301593},{"id":154720,"n":"Déodorant Vichy peaux sensibles Bille - 50ml","p":7.39,"u":"147,80 €/L","img":"https://fd2-photos.leclercdrive.fr/image.ashx?id=2086936&use=l&cat=p&typeid=i","cat":301593},{"id":154721,"n":"Tisane allaitement bio Weleda Goût fruits rouges - 20 sachets","p":3.99,"u":"0,20 €/P","img":"https://fd2-photos.leclercdrive.fr/image.ashx?id=2948006&use=l&cat=p&typeid=i","cat":291159},{"id":154731,"n":"Gel douche Natessance Aloe Vera Bio - 1L","p":6.99,"u":"6,99 €/L","img":"https://fd2-photos.leclercdrive.fr/image.ashx?id=2522206&use=l&cat=p&typeid=i","cat":301591},{"id":154732,"n":"Gel douche amande Natessance Pêche de vigne - 1L","p":6.99,"u":"6,99 €/L","img":"https://fd2-photos.leclercdrive.fr/image.ashx?id=2522209&use=l&cat=p&typeid=i","cat":301591},{"id":154734,"n":"Comprimés Expert hyalu  Intense Forte - 30 comprimés","p":19.9,"u":"0,66 €/P","img":"https://fd2-photos.leclercdrive.fr/image.ashx?id=2087604&use=l&cat=p&typeid=i","cat":301266},{"id":154735,"n":"Shampooing Sec Klorane Avoine Rotopoudre - 50g","p":8.19,"u":"163,80 €/KG","img":"https://fd2-photos.leclercdrive.fr/image.ashx?id=2377220&use=l&cat=p&typeid=i","cat":290400},{"id":154737,"n":"Gel moussant nettoyant Bioderma Sébium - 200ml","p":7.1,"u":"35,50 €/L","img":"https://fd2-photos.leclercdrive.fr/image.ashx?id=2956415&use=l&cat=p&typeid=i","cat":301587},{"id":154739,"n":"Gel moussant nettoyant Bioderma Sébium - 500ml","p":10.48,"u":"20,96 €/L","img":"https://fd2-photos.leclercdrive.fr/image.ashx?id=2956406&use=l&cat=p&typeid=i","cat":301587},{"id":154740,"n":"Creme dépilatoire Klorane 150ml","p":9.89,"u":"65,93 €/L","img":"https://fd2-photos.leclercdrive.fr/image.ashx?id=2615690&use=l&cat=p&typeid=i","cat":291160},{"id":154747,"n":"Test de grossesse Biosynex  Simply 1 pièce","p":0.99,"img":"https://fd2-photos.leclercdrive.fr/image.ashx?id=2285327&use=l&cat=p&typeid=i","cat":291159},{"id":154756,"n":"Masque Nutrition Klorane Mangue - 150ml","p":15.59,"u":"103,93 €/L","img":"https://fd2-photos.leclercdrive.fr/image.ashx?id=2373474&use=l&cat=p&typeid=i","cat":290399},{"id":154757,"n":"Mousse à raser Nobacter 150ml","p":7.0,"u":"46,67 €/L","img":"https://fd2-photos.leclercdrive.fr/image.ashx?id=2215176&use=l&cat=p&typeid=i","cat":291167},{"id":154758,"n":"Après-Shampooing Klorane Mangue - 200ml","p":9.99,"u":"49,95 €/L","img":"https://fd2-photos.leclercdrive.fr/image.ashx?id=2857299&use=l&cat=p&typeid=i","cat":290398},{"id":154760,"n":"Eau micellaire La Roche Posay Effaclar - 400ml","p":11.89,"u":"29,73 €/L","img":"https://fd2-photos.leclercdrive.fr/image.ashx?id=2850560&use=l&cat=p&typeid=i","cat":301587},{"id":154761,"n":"Zone infestée Insect Ecran 100ml","p":5.71,"u":"57,10 €/L","img":"https://fd2-photos.leclercdrive.fr/image.ashx?id=2770524&use=l&cat=p&typeid=i","cat":290402},{"id":154764,"n":"Spray sommeil Puressentiel 12 huiles essentielles - 200ml","p":18.4,"u":"92,00 €/L","img":"https://fd2-photos.leclercdrive.fr/image.ashx?id=2988526&use=l&cat=p&typeid=i","cat":298633},{"id":154765,"n":"Créaline H2O AR Bioderma 250ml","p":9.34,"u":"37,36 €/L","img":"https://fd2-photos.leclercdrive.fr/image.ashx?id=2979836&use=l&cat=p&typeid=i","cat":301587},{"id":154766,"n":"Shampooing Natessance Argan Kératine Vegétale - 250ml","p":4.85,"u":"19,40 €/L","img":"https://fd2-photos.leclercdrive.fr/image.ashx?id=2761390&use=l&cat=p&typeid=i","cat":290400},{"id":154773,"n":"Melatonine 1900 flash Forte 30 comprimés","p":7.85,"u":"0,26 €/P","img":"https://fd2-photos.leclercdrive.fr/image.ashx?id=2087595&use=l&cat=p&typeid=i","cat":301265},{"id":154775,"n":"Tetine plate +6 mois Dodie  Col large débit 3 - x2","p":3.99,"u":"2,00 €/P","img":"https://fd2-photos.leclercdrive.fr/image.ashx?id=2845485&use=l&cat=p&typeid=i","cat":290386},{"id":154778,"n":"Eau micellaire Sebiaclear SVR 400ml","p":6.95,"u":"17,38 €/L","img":"https://fd2-photos.leclercdrive.fr/image.ashx?id=2968292&use=l&cat=p&typeid=i","cat":301587},{"id":154786,"n":"Roller stress Puressentiel 12 huiles essentielles - 5ml","p":6.49,"img":"https://fd2-photos.leclercdrive.fr/image.ashx?id=2988532&use=l&cat=p&typeid=i","cat":298633},{"id":154791,"n":"Déodorant homme Vichy Peau sensible bille - 50ml","p":7.39,"u":"147,80 €/L","img":"https://fd2-photos.leclercdrive.fr/image.ashx?id=2352741&use=l&cat=p&typeid=i","cat":301593},{"id":154799,"n":"Cys-control Flash Arkopharma 20 gélules","p":8.49,"u":"0,42 €/P","img":"https://fd2-photos.leclercdrive.fr/image.ashx?id=2886109&use=l&cat=p&typeid=i","cat":301268},{"id":154800,"n":"Fruits&Fibres Regular 24 Ortis 24 cubes","p":10.64,"pp":7.45,"u":"0,31 €/P","img":"https://fd2-photos.leclercdrive.fr/image.ashx?id=2787731&use=l&cat=p&typeid=i","cat":301268},{"id":154802,"n":"Soin Lavant Doux Saforelle Flacon Pompe - 1L","p":18.13,"u":"18,13 €/L","img":"https://fd2-photos.leclercdrive.fr/image.ashx?id=2087628&use=l&cat=p&typeid=i","cat":301348},{"id":154803,"n":"Protection oreilles cire Quies Cire naturelle - 8 paires","p":3.25,"u":"0,41 €/P","img":"https://fd2-photos.leclercdrive.fr/image.ashx?id=2159505&use=l&cat=p&typeid=i","cat":301256},{"id":154806,"n":"Coussinet nuit Dodie Allaitement - x30","p":6.54,"u":"0,22 €/P","img":"https://fd2-photos.leclercdrive.fr/image.ashx?id=2842084&use=l&cat=p&typeid=i","cat":291159},{"id":154808,"n":"Supradyn Magnesia Bayer 30 comprimés effervescents","p":10.8,"u":"0,36 €/P","img":"https://fd2-photos.leclercdrive.fr/image.ashx?id=2087232&use=l&cat=p&typeid=i","cat":301264},{"id":154810,"n":"Crème Bepanthen Sensicalm 50g","p":11.39,"u":"227,80 €/KG","img":"https://fd2-photos.leclercdrive.fr/image.ashx?id=2087074&use=l&cat=p&typeid=i","cat":290405},{"id":154811,"n":"Gel articulation Puressentiel 14 huiles essentielles - 60ml","p":7.9,"u":"131,67 €/L","img":"https://fd2-photos.leclercdrive.fr/image.ashx?id=2538758&use=l&cat=p&typeid=i","cat":298633},{"id":154814,"n":"Shampooing Klorane Mangue - 400ml","p":10.49,"u":"26,23 €/L","img":"https://fd2-photos.leclercdrive.fr/image.ashx?id=2968235&use=l&cat=p&typeid=i","cat":290400},{"id":154815,"n":"Shampooing Klorane Cupuacu Bio - 400ml","p":10.49,"u":"26,23 €/L","img":"https://fd2-photos.leclercdrive.fr/image.ashx?id=2811821&use=l&cat=p&typeid=i","cat":290400},{"id":154816,"n":"Crème Pieds secs Cicabiafine 100ml","p":5.58,"u":"55,80 €/L","img":"https://fd2-photos.leclercdrive.fr/image.ashx?id=2993430&use=l&cat=p&typeid=i","cat":290424},{"id":154820,"n":"Crème apaisante Cinq/Cinq 40g","p":4.9,"u":"122,50 €/KG","img":"https://fd2-photos.leclercdrive.fr/image.ashx?id=2087211&use=l&cat=p&typeid=i","cat":290402},{"id":154828,"n":"Gel gingival 1ere dent Elgydium 15ml","p":4.99,"u":"332,67 €/L","img":"https://fd2-photos.leclercdrive.fr/image.ashx?id=2373594&use=l&cat=p&typeid=i","cat":290385},{"id":154863,"n":"Crème mains La Roche Posay Cicaplast - 50ml","p":6.49,"u":"129,80 €/L","img":"https://fd2-photos.leclercdrive.fr/image.ashx?id=2093993&use=l&cat=p&typeid=i","cat":290424},{"id":154864,"n":"Tétine plate 0-6 mois Dodie  Col large débit 2 - x2","p":3.99,"u":"2,00 €/P","img":"https://fd2-photos.leclercdrive.fr/image.ashx?id=2845482&use=l&cat=p&typeid=i","cat":290386},{"id":154865,"n":"Acerola à croquer Forte Pharma Goût fruits rouges-60 comprimés","p":8.49,"u":"0,14 €/P","img":"https://fd2-photos.leclercdrive.fr/image.ashx?id=2743436&use=l&cat=p&typeid=i","cat":301264},{"id":154870,"n":"Protection oreilles cire Quies Cire naturelle - 12 paires","p":4.79,"u":"0,40 €/P","img":"https://fd2-photos.leclercdrive.fr/image.ashx?id=2159499&use=l&cat=p&typeid=i","cat":301256},{"id":154871,"n":"Sachets de conservation Dodie x20","p":10.9,"img":"https://fd2-photos.leclercdrive.fr/image.ashx?id=2842087&use=l&cat=p&typeid=i","cat":290386},{"id":154878,"n":"Lotion famille Cinq/Cinq 100ml","p":7.0,"u":"70,00 €/L","img":"https://fd2-photos.leclercdrive.fr/image.ashx?id=2087202&use=l&cat=p&typeid=i","cat":290402},{"id":154884,"n":"Liniment bébé bio Jonzac 1L","p":12.99,"u":"12,99 €/L","img":"https://fd2-photos.leclercdrive.fr/image.ashx?id=2912272&use=l&cat=p&typeid=i","cat":290387},{"id":154885,"n":"Spray hygiene oreilles Stérimar 50ml","p":6.49,"u":"129,80 €/L","img":"https://fd2-photos.leclercdrive.fr/image.ashx?id=2890655&use=l&cat=p&typeid=i","cat":301256},{"id":154886,"n":"Hydralin Secheresse 2x200ml","p":12.99,"u":"32,48 €/L","img":"https://fd2-photos.leclercdrive.fr/image.ashx?id=2905429&use=l&cat=p&typeid=i","cat":301348},{"id":154887,"n":"Crème soin nuit Vichy Effet SPA - 75ml","p":28.04,"u":"373,87 €/L","img":"https://fd2-photos.leclercdrive.fr/image.ashx?id=2125119&use=l&cat=p&typeid=i","cat":291171},{"id":154896,"n":"Lingette bébé Klorane Nettoyantes douces - 3x70","p":9.89,"u":"0,05 €/P","img":"https://fd2-photos.leclercdrive.fr/image.ashx?id=2086873&use=l&cat=p&typeid=i","cat":290387},{"id":154904,"n":"Crème Apaisante Saforelle Tube - 100ml","p":9.99,"u":"99,90 €/L","img":"https://fd2-photos.leclercdrive.fr/image.ashx?id=2583617&use=l&cat=p&typeid=i","cat":328622},{"id":154912,"n":"Crème pieds Xerial 30 SVR 50ml","p":6.44,"u":"128,80 €/L","img":"https://fd2-photos.leclercdrive.fr/image.ashx?id=2971619&use=l&cat=p&typeid=i","cat":290424},{"id":154915,"n":"Forte nuit 8h Forte Pharma 30 comprimés","p":12.48,"u":"0,42 €/P","img":"https://fd2-photos.leclercdrive.fr/image.ashx?id=2087607&use=l&cat=p&typeid=i","cat":301265},{"id":154916,"n":"Vitalité 4G Forte 30 ampoules","p":13.99,"u":"0,47 €/P","img":"https://fd2-photos.leclercdrive.fr/image.ashx?id=2087598&use=l&cat=p&typeid=i","cat":301264},{"id":154926,"n":"Baume du Tigre Blanc 30g","p":10.37,"u":"345,67 €/KG","img":"https://fd2-photos.leclercdrive.fr/image.ashx?id=2488800&use=l&cat=p&typeid=i","cat":290421},{"id":154928,"n":"Eau nettoyante 3 en 1 Dodie  500ml","p":5.49,"img":"https://fd2-photos.leclercdrive.fr/image.ashx?id=2845494&use=l&cat=p&typeid=i","cat":290425},{"id":154929,"n":"Eau florale bleuet Haut Segala 250ml","p":7.99,"u":"31,96 €/L","img":"https://fd2-photos.leclercdrive.fr/image.ashx?id=2087466&use=l&cat=p&typeid=i","cat":301587},{"id":154932,"n":"Gélulte Granions Prostate 40 gélules","p":15.99,"u":"0,40 €/P","img":"https://fd2-photos.leclercdrive.fr/image.ashx?id=2965193&use=l&cat=p&typeid=i","cat":301268},{"id":154934,"n":"Spray anti-pique  Puressentiel   200ml","p":17.99,"u":"89,95 €/L","img":"https://fd2-photos.leclercdrive.fr/image.ashx?id=2988523&use=l&cat=p&typeid=i","cat":290402},{"id":154945,"n":"Spray nasal Puressentiel Décongestionnant - 15ml","p":5.9,"u":"393,33 €/L","img":"https://fd2-photos.leclercdrive.fr/image.ashx?id=2988620&use=l&cat=p&typeid=i","cat":301256},{"id":154946,"n":"Shampooing Anti Chute Dercos 400ml","p":16.29,"u":"40,73 €/L","img":"https://fd2-photos.leclercdrive.fr/image.ashx?id=2938731&use=l&cat=p&typeid=i","cat":290400},{"id":154950,"n":"Anaca3+ minceur 12-en-1 120 gélules","p":33.99,"u":"0,28 €/P","img":"https://fd2-photos.leclercdrive.fr/image.ashx?id=2482417&use=l&cat=p&typeid=i","cat":301267},{"id":154951,"n":"Spray gorge Puressentiel  15ml","p":5.19,"u":"346,00 €/L","img":"https://fd2-photos.leclercdrive.fr/image.ashx?id=2561032&use=l&cat=p&typeid=i","cat":301256},{"id":154961,"n":"Dentifrice Parodontax Menthe - 75ml","p":4.3,"u":"57,33 €/L","img":"https://fd2-photos.leclercdrive.fr/image.ashx?id=2536975&use=l&cat=p&typeid=i","cat":290419},{"id":154965,"n":"Crème lavante La Roche Posay Surgras Lipikar - 750ml","p":15.49,"u":"20,65 €/L","img":"https://fd2-photos.leclercdrive.fr/image.ashx?id=2094005&use=l&cat=p&typeid=i","cat":290425},{"id":154969,"n":"Actipoche grand modèle  20x30cm","p":11.5,"img":"https://fd2-photos.leclercdrive.fr/image.ashx?id=2087169&use=l&cat=p&typeid=i","cat":291163},{"id":154970,"n":"Actipoche modèle moyen 11x27cm","p":7.0,"img":"https://fd2-photos.leclercdrive.fr/image.ashx?id=2087166&use=l&cat=p&typeid=i","cat":291163},{"id":154975,"n":"Soin anti rides Hyalu B5 Riche La Roche Posay - 40ml","p":23.71,"u":"592,75 €/L","img":"https://fd2-photos.leclercdrive.fr/image.ashx?id=2094011&use=l&cat=p&typeid=i","cat":291168},{"id":154981,"n":"Magne 300 marin Forte Pharma 56 comprimés","p":6.99,"u":"0,12 €/P","img":"https://fd2-photos.leclercdrive.fr/image.ashx?id=2742201&use=l&cat=p&typeid=i","cat":301264},{"id":154985,"n":"Crème hydratante riche Vichy Aqualia Thermal - 50ml","p":18.89,"u":"377,80 €/L","img":"https://fd2-photos.leclercdrive.fr/image.ashx?id=2126199&use=l&cat=p&typeid=i","cat":291171},{"id":154986,"n":"Crème hydratante Vichy Aqualia légère - 50ml","p":18.89,"u":"377,80 €/L","img":"https://fd2-photos.leclercdrive.fr/image.ashx?id=2094008&use=l&cat=p&typeid=i","cat":291171},{"id":154987,"n":"Ampoules Gelée royale Forte Bio - 2000mg - x20","p":12.99,"u":"0,65 €/P","img":"https://fd2-photos.leclercdrive.fr/image.ashx?id=2351870&use=l&cat=p&typeid=i","cat":301264},{"id":155123,"n":"Biscuits fourrés  BN Fraises - 285g","p":1.33,"u":"4,67 €/KG","img":"https://fd2-photos.leclercdrive.fr/image.ashx?id=2878804&use=l&cat=p&typeid=i","cat":284489},{"id":155134,"n":"Knacki original Herta x4 - 140g","p":1.29,"u":"9,21 €/KG","img":"https://fd2-photos.leclercdrive.fr/image.ashx?id=2289840&use=l&cat=p&typeid=i","cat":316012},{"id":155137,"n":"Thalamag equilibre intérieur 30 comprimés","p":7.49,"u":"0,25 €/P","img":"https://fd2-photos.leclercdrive.fr/image.ashx?id=2567092&use=l&cat=p&typeid=i","cat":301264},{"id":155140,"n":"Gestarelle G3+ 90 comprimés","p":22.51,"u":"0,25 €/P","img":"https://fd2-photos.leclercdrive.fr/image.ashx?id=2522929&use=l&cat=p&typeid=i","cat":301268},{"id":155142,"n":"Lait 1er âge Biostime Infantile bio - 800g","p":21.99,"u":"27,49 €/KG","img":"https://fd2-photos.leclercdrive.fr/image.ashx?id=2096272&use=l&cat=p&typeid=i","cat":300523},{"id":155143,"n":"Stick lèvres Neutrogena 4,8g","p":3.5,"u":"875,00 €/KG","img":"https://fd2-photos.leclercdrive.fr/image.ashx?id=2941736&use=l&cat=p&typeid=i","cat":291172},{"id":155300,"n":"Capsules Starbucks by Nespresso  Italian Style Int 11 - x10","p":3.47,"u":"61,96 €/KG","img":"https://fd2-photos.leclercdrive.fr/image.ashx?id=2654068&use=l&cat=p&typeid=i","cat":284749},{"id":155301,"n":"Biscuit BN chocolat 285g","p":1.32,"u":"4,63 €/KG","img":"https://fd2-photos.leclercdrive.fr/image.ashx?id=2810705&use=l&cat=p&typeid=i","cat":284488},{"id":155302,"n":"Biscuits BN casse croute 400g","p":1.31,"u":"3,28 €/KG","img":"https://fd2-photos.leclercdrive.fr/image.ashx?id=2503900&use=l&cat=p&typeid=i","cat":284491},{"id":155303,"n":"Briochettes Pasquier x12 - 480g","p":2.18,"u":"4,54 €/KG","img":"https://fd2-photos.leclercdrive.fr/image.ashx?id=2417857&use=l&cat=p&typeid=i","cat":284478},{"id":155383,"n":"Piles Duracell LR54","p":3.25,"img":"https://fd2-photos.leclercdrive.fr/image.ashx?id=2422571&use=l&cat=p&typeid=i","cat":300572},{"id":155393,"n":"Thon naturel MSC Petit Navire 2x112g","p":5.57,"u":"24,87 €/KG","img":"https://fd2-photos.leclercdrive.fr/image.ashx?id=2226265&use=l&cat=p&typeid=i","cat":303867},{"id":155448,"n":"Gâche tranchée Pasquier 500g","p":2.51,"u":"5,02 €/KG","img":"https://fd2-photos.leclercdrive.fr/image.ashx?id=2650516&use=l&cat=p&typeid=i","cat":284478},{"id":155511,"n":"Nettoyant Lave-Linge Destop  Désinfectant - x2","p":4.77,"u":"9,54 €/L","img":"https://fd2-photos.leclercdrive.fr/image.ashx?id=2831735&use=l&cat=p&typeid=i","cat":284653},{"id":155551,"n":"Mini bâtonnet Magnum  Double gold caramel x6 - 282g","p":4.48,"u":"15,89 €/KG","img":"https://fd2-photos.leclercdrive.fr/image.ashx?id=2769239&use=l&cat=p&typeid=i","cat":284265},{"id":155717,"n":"Sauce apéritif  Doritos Goût salsa douce -280g","p":2.34,"u":"8,36 €/KG","img":"https://fd2-photos.leclercdrive.fr/image.ashx?id=3014476&use=l&cat=p&typeid=i","cat":284451},{"id":155772,"n":"Spray Détachant à Sec Vanish  500ml","p":5.95,"u":"11,90 €/L","img":"https://fd2-photos.leclercdrive.fr/image.ashx?id=2680410&use=l&cat=p&typeid=i","cat":284651},{"id":155793,"n":"Compote bébé Blédina 4-6 mois Pomme pruneau - 4x130g","p":2.7,"u":"5,19 €/KG","img":"https://fd2-photos.leclercdrive.fr/image.ashx?id=2911202&use=l&cat=p&typeid=i","cat":312387},{"id":155795,"n":"Soda Coca-Cola - SANS SUCRES Canette - 6x33cl","p":3.34,"u":"1,69 €/L","img":"https://fd2-photos.leclercdrive.fr/image.ashx?id=2736805&use=l&cat=p&typeid=i","cat":284530},{"id":155820,"n":"Salade Batavia verte 1p","p":0.99,"img":"https://fd2-photos.leclercdrive.fr/image.ashx?id=1633577&use=l&cat=p&typeid=i","cat":284352},{"id":155828,"n":"Chou rouge 1p","p":1.49,"img":"https://fd2-photos.leclercdrive.fr/image.ashx?id=560850&use=l&cat=p&typeid=i","cat":284352},{"id":155829,"n":"Salade laitue verte 1p","p":0.99,"img":"https://fd2-photos.leclercdrive.fr/image.ashx?id=1633040&use=l&cat=p&typeid=i","cat":284352},{"id":155833,"n":"Feuille de chêne rouge 1p","p":0.99,"img":"https://fd2-photos.leclercdrive.fr/image.ashx?id=1633670&use=l&cat=p&typeid=i","cat":284352},{"id":155900,"n":"Boisson aux Fruits Jafun Tropical - 10x20cl","p":3.2,"u":"1,60 €/L","img":"https://fd2-photos.leclercdrive.fr/image.ashx?id=2992567&use=l&cat=p&typeid=i","cat":295018},{"id":156020,"n":"Soda Sprite Canette - 6x33cl","p":3.38,"u":"1,71 €/L","img":"https://fd2-photos.leclercdrive.fr/image.ashx?id=2973994&use=l&cat=p&typeid=i","cat":284531},{"id":156022,"n":"Soda Coca Cola Cherry Canette 6x33cl","p":4.0,"u":"2,02 €/L","img":"https://fd2-photos.leclercdrive.fr/image.ashx?id=2997226&use=l&cat=p&typeid=i","cat":284530},{"id":156067,"n":"Soda Coca-Cola Canette - 6x33cl","p":4.2,"u":"2,12 €/L","img":"https://fd2-photos.leclercdrive.fr/image.ashx?id=2997229&use=l&cat=p&typeid=i","cat":284530},{"id":156112,"n":"Oeufs au sol Paroles d'Eleveurs x12","p":2.84,"u":"0,24 €/P","img":"https://fd2-photos.leclercdrive.fr/image.ashx?id=2506026&use=l&cat=p&typeid=i","cat":284378},{"id":156135,"n":"Soda Coca-Cola canettes 12x33cl","p":8.29,"u":"2,09 €/L","img":"https://fd2-photos.leclercdrive.fr/image.ashx?id=2192940&use=l&cat=p&typeid=i","cat":284530},{"id":156138,"n":"Soda Coca-Cola Original Canettes - 20x33cl","p":13.81,"u":"2,09 €/L","img":"https://fd2-photos.leclercdrive.fr/image.ashx?id=2846766&use=l&cat=p&typeid=i","cat":284530},{"id":156139,"n":"Soda Coca-Cola - SANS SUCRES Canettes - 20x33cl","p":11.1,"u":"1,68 €/L","img":"https://fd2-photos.leclercdrive.fr/image.ashx?id=2174513&use=l&cat=p&typeid=i","cat":284530},{"id":156145,"n":"Thé glacé Fuze tea Saveur pêche - 1,75L","p":1.87,"u":"1,07 €/L","img":"https://fd2-photos.leclercdrive.fr/image.ashx?id=2944395&use=l&cat=p&typeid=i","cat":295019},{"id":156151,"n":"Cônes Extrême Sundae Caramel - 438g","p":3.7,"u":"8,45 €/KG","img":"https://fd2-photos.leclercdrive.fr/image.ashx?id=2844034&use=l&cat=p&typeid=i","cat":284264},{"id":156156,"n":"Fromage enfant Kiri crème 8 portions à tartiner - 144g","p":1.96,"u":"0,25 €/P","img":"https://fd2-photos.leclercdrive.fr/image.ashx?id=2973562&use=l&cat=p&typeid=i","cat":314030},{"id":156165,"n":"Sauce bolognaise Bolo Balls 400g","p":2.48,"u":"6,20 €/KG","img":"https://fd2-photos.leclercdrive.fr/image.ashx?id=2918571&use=l&cat=p&typeid=i","cat":287599},{"id":156171,"n":"Sablés Michel et Augustin Parmigiano reggiano - 100g","p":2.49,"u":"24,90 €/KG","img":"https://fd2-photos.leclercdrive.fr/image.ashx?id=2114218&use=l&cat=p&typeid=i","cat":297000},{"id":156175,"n":"Doomino St Michel Chocolat - x6","p":1.88,"u":"10,44 €/KG","img":"https://fd2-photos.leclercdrive.fr/image.ashx?id=2949979&use=l&cat=p&typeid=i","cat":284495},{"id":156188,"n":"Préparation Flan Pâtissier alsa Vanille - 740g","p":2.84,"u":"3,84 €/KG","img":"https://fd2-photos.leclercdrive.fr/image.ashx?id=2790591&use=l&cat=p&typeid=i","cat":284505},{"id":156193,"n":"Farine blé T45 Francine 750g","p":1.46,"u":"1,95 €/KG","img":"https://fd2-photos.leclercdrive.fr/image.ashx?id=2989141&use=l&cat=p&typeid=i","cat":284503},{"id":156199,"n":"Bière ambrée Kwak 8,4° - 6x33cl","p":12.06,"u":"6,09 €/L","img":"https://fd2-photos.leclercdrive.fr/image.ashx?id=2677504&use=l&cat=p&typeid=i","cat":334872},{"id":156200,"n":"Wraps Old El Paso de blé nature format familial x10 - 580g","p":3.39,"u":"5,84 €/KG","img":"https://fd2-photos.leclercdrive.fr/image.ashx?id=2745352&use=l&cat=p&typeid=i","cat":288993},{"id":156223,"n":"Croquette Truite One Sterilcat Indoor formula","p":14.15,"u":"4,72 €/KG","img":"https://fd2-photos.leclercdrive.fr/image.ashx?id=2488076&use=l&cat=p&typeid=i","cat":284680},{"id":156229,"n":"Repas Purina One Spécial chat stérilisé - 680g","p":3.95,"u":"5,81 €/KG","img":"https://fd2-photos.leclercdrive.fr/image.ashx?id=2899725&use=l&cat=p&typeid=i","cat":285286},{"id":156346,"n":"Pointe Brie de Meaux AOP L'Atelier Fromagerie - 200g","p":3.19,"u":"15,95 €/KG","img":"https://fd2-photos.leclercdrive.fr/image.ashx?id=2123910&use=l&cat=p&typeid=i","cat":314036},{"id":156350,"n":"Comté 18 mois AOP L'Atelier Fromagerie - 200g","p":5.3,"u":"26,50 €/KG","img":"https://fd2-photos.leclercdrive.fr/image.ashx?id=2130005&use=l&cat=p&typeid=i","cat":327294},{"id":156351,"n":"Coulommiers 3/4 affiné L'Atelier Fromagerie - 250g","p":3.95,"u":"15,80 €/KG","img":"https://fd2-photos.leclercdrive.fr/image.ashx?id=2546156&use=l&cat=p&typeid=i","cat":314036},{"id":156354,"n":"Saint Nectaire laitier AOP L'Atelier Fromagerie - 300g","p":4.7,"u":"15,67 €/KG","img":"https://fd2-photos.leclercdrive.fr/image.ashx?id=2115917&use=l&cat=p&typeid=i","cat":329184},{"id":156400,"n":"Oeufs plein air catégorie A Bio Matines x10","p":4.41,"u":"0,44 €/P","img":"https://fd2-photos.leclercdrive.fr/image.ashx?id=2432259&use=l&cat=p&typeid=i","cat":284378},{"id":156412,"n":"Glaces Nui Caramel White chocolate & Texan pecan x4 264g","p":4.38,"u":"16,59 €/KG","img":"https://fd2-photos.leclercdrive.fr/image.ashx?id=2519900&use=l&cat=p&typeid=i","cat":284265},{"id":156423,"n":"Filets de poulet Auvergne NRT x2 Label Rouge - 265g","p":6.15,"u":"23,21 €/KG","img":"https://fd2-photos.leclercdrive.fr/image.ashx?id=2699834&use=l&cat=p&typeid=i","cat":284336},{"id":156428,"n":"Friandises chien Pedigree Schmackos volaille x20 - 144g","p":2.27,"u":"15,76 €/KG","img":"https://fd2-photos.leclercdrive.fr/image.ashx?id=2850174&use=l&cat=p&typeid=i","cat":294527},{"id":156465,"n":"AOC Muscadet blanc Plessis Duval - 3L","p":16.27,"u":"5,42 €/L","img":"https://fd2-photos.leclercdrive.fr/image.ashx?id=2941023&use=l&cat=p&typeid=i","cat":289557},{"id":156476,"n":"Fromage Feta Grecque Islos AOP - 150g","p":2.79,"u":"18,60 €/KG","img":"https://fd2-photos.leclercdrive.fr/image.ashx?id=2892625&use=l&cat=p&typeid=i","cat":314026},{"id":156493,"n":"Petit pot bébé Blédina 6 mois  Légumes bœuf - 2x200g","p":2.17,"u":"5,43 €/KG","img":"https://fd2-photos.leclercdrive.fr/image.ashx?id=2968091&use=l&cat=p&typeid=i","cat":312236},{"id":156495,"n":"Petit pot bébé Blédina 6 mois Légumes lieu - 2x200g","p":1.78,"u":"4,45 €/KG","img":"https://fd2-photos.leclercdrive.fr/image.ashx?id=2935771&use=l&cat=p&typeid=i","cat":312236},{"id":156496,"n":"Petit pot bébé Blédina 6 mois Potimarron jambon - 2x200g","p":2.09,"u":"5,23 €/KG","img":"https://fd2-photos.leclercdrive.fr/image.ashx?id=2935768&use=l&cat=p&typeid=i","cat":312236},{"id":156497,"n":"Petit pot bébé Blédina 8 mois Riz ratatouille poisson -2x200g","p":2.1,"u":"5,25 €/KG","img":"https://fd2-photos.leclercdrive.fr/image.ashx?id=2911208&use=l&cat=p&typeid=i","cat":312236},{"id":156527,"n":"Capsules Starbucks by Nespresso  Blonde Espresso Int 6 - x18","p":6.05,"u":"64,36 €/KG","img":"https://fd2-photos.leclercdrive.fr/image.ashx?id=2668177&use=l&cat=p&typeid=i","cat":284749},{"id":156528,"n":"Petit pot bébé Blédina 4-6 mois Carotte - 2x130g","p":1.18,"u":"4,54 €/KG","img":"https://fd2-photos.leclercdrive.fr/image.ashx?id=2911870&use=l&cat=p&typeid=i","cat":312234},{"id":156538,"n":"Compote bébé Blédina 6 mois  Aux fruits - 4x130g","p":2.66,"u":"5,12 €/KG","img":"https://fd2-photos.leclercdrive.fr/image.ashx?id=2911196&use=l&cat=p&typeid=i","cat":312388},{"id":156539,"n":"Petit pot bébé Blédina 6 mois Semoule carotte dinde - 2x200g","p":2.19,"u":"5,48 €/KG","img":"https://fd2-photos.leclercdrive.fr/image.ashx?id=2935774&use=l&cat=p&typeid=i","cat":312236},{"id":156540,"n":"Petit pot bébé Blédina 6 mois Patate douce carotte-2x200g","p":1.92,"u":"4,80 €/KG","img":"https://fd2-photos.leclercdrive.fr/image.ashx?id=2951617&use=l&cat=p&typeid=i","cat":312235},{"id":156563,"n":"Petit pot bébé Blédina 6 mois Purée carotte jambon - 2x200g","p":2.11,"u":"5,28 €/KG","img":"https://fd2-photos.leclercdrive.fr/image.ashx?id=2935762&use=l&cat=p&typeid=i","cat":312236},{"id":156638,"n":"Emincés de truites fumé ASC Ronde des Mers - 100g","p":4.39,"u":"43,90 €/KG","img":"https://fd2-photos.leclercdrive.fr/image.ashx?id=2953638&use=l&cat=p&typeid=i","cat":285188},{"id":156647,"n":"Compote Pom'Potes Pomme  brugnon banane - 64x90g","p":28.39,"pp":19.87,"u":"3,45 €/KG","img":"https://fd2-photos.leclercdrive.fr/image.ashx?id=2254574&use=l&cat=p&typeid=i","cat":284508},{"id":157611,"n":"Bière blonde La Bête 8° - 75cl","p":3.85,"u":"5,13 €/L","img":"https://fd2-photos.leclercdrive.fr/image.ashx?id=3011242&use=l&cat=p&typeid=i","cat":334872},{"id":157777,"n":"Lave glace hiver TECH9 -30° - Dégivrant - 5L","p":6.99,"u":"1,40 €/L","img":"https://fd2-photos.leclercdrive.fr/image.ashx?id=2162702&use=l&cat=p&typeid=i","cat":298252},{"id":157835,"n":"Soin Contour des yeux Bcombio Triple action - 20ml","p":13.9,"pp":10.42,"u":"521,00 €/L","img":"https://fd2-photos.leclercdrive.fr/image.ashx?id=2664506&use=l&cat=p&typeid=i","cat":291172},{"id":158032,"n":"Gel lavant dermo douceur Jonza Bio hypoallergeniques 500ml","p":7.0,"img":"https://fd2-photos.leclercdrive.fr/image.ashx?id=2454292&use=l&cat=p&typeid=i","cat":290425},{"id":158143,"n":"Bière menthe Desperados Virgin Mojito - 00%vol - 3x33cl","p":3.89,"u":"3,93 €/L","img":"https://fd2-photos.leclercdrive.fr/image.ashx?id=2975164&use=l&cat=p&typeid=i","cat":334877},{"id":158145,"n":"Bière agrumes Desperados Virgin 0%vol - 6x33cl","p":7.7,"u":"3,89 €/L","img":"https://fd2-photos.leclercdrive.fr/image.ashx?id=2767519&use=l&cat=p&typeid=i","cat":334877},{"id":158180,"n":"Crème de change Bio Jonzac 75ml","p":7.0,"u":"93,33 €/L","img":"https://fd2-photos.leclercdrive.fr/image.ashx?id=2751180&use=l&cat=p&typeid=i","cat":290387},{"id":158220,"n":"Rhum Havana Club 3 ans 37,5% vol - 70cl","p":15.2,"u":"21,71 €/L","img":"https://fd2-photos.leclercdrive.fr/image.ashx?id=2874096&use=l&cat=p&typeid=i","cat":284550},{"id":158255,"n":"Serum visage La Provençale Bio Anti-âge - 30ml","p":10.4,"u":"346,67 €/L","img":"https://fd2-photos.leclercdrive.fr/image.ashx?id=2971155&use=l&cat=p&typeid=i","cat":325345},{"id":158285,"n":"Glace Ben & Jerry's Mini pots Cool-loction 4x100ml","p":6.16,"u":"21,39 €/KG","img":"https://fd2-photos.leclercdrive.fr/image.ashx?id=3009278&use=l&cat=p&typeid=i","cat":284725},{"id":158316,"n":"Stick lèvres Dermophil Réparateur Protecteur- 2 pièces","p":7.04,"u":"440,00 €/KG","img":"https://fd2-photos.leclercdrive.fr/image.ashx?id=2939772&use=l&cat=p&typeid=i","cat":285485},{"id":158329,"n":"Gel Douche Le Petit Marseillais  Bio amande douce - 250ml","p":2.54,"u":"10,16 €/L","img":"https://fd2-photos.leclercdrive.fr/image.ashx?id=2685144&use=l&cat=p&typeid=i","cat":284594},{"id":158364,"n":"Whisky Ballantine's 7 ans Blended Scotch 40% vol - 70cl","p":18.95,"pp":15.16,"u":"21,66 €/L","img":"https://fd2-photos.leclercdrive.fr/image.ashx?id=3000366&use=l&cat=p&typeid=i","cat":284547},{"id":158374,"n":"Shampoing Le Petit Marseillais  Thym & the vert - 250ml","p":2.1,"u":"8,40 €/L","img":"https://fd2-photos.leclercdrive.fr/image.ashx?id=2684176&use=l&cat=p&typeid=i","cat":284606},{"id":158536,"n":"Nuggets de poisson Cité Marine Pané MSC - 200g","p":2.47,"u":"12,35 €/KG","img":"https://fd2-photos.leclercdrive.fr/image.ashx?id=2873387&use=l&cat=p&typeid=i","cat":284344},{"id":158545,"n":"Sauce Mayonnaise La Sablaise 135g","p":2.42,"u":"17,93 €/KG","img":"https://fd2-photos.leclercdrive.fr/image.ashx?id=2617951&use=l&cat=p&typeid=i","cat":327284},{"id":158548,"n":"Huile végétale de ricin 100ml Laboratoire du Haut Ségala","p":8.99,"u":"89,90 €/L","img":"https://fd2-photos.leclercdrive.fr/image.ashx?id=2131593&use=l&cat=p&typeid=i","cat":290422},{"id":158569,"n":"Blanc de poulet Tradilège Sans nitrite - 4 Tranches 120g","p":1.45,"u":"12,08 €/KG","img":"https://fd2-photos.leclercdrive.fr/image.ashx?id=2970480&use=l&cat=p&typeid=i","cat":316010},{"id":158571,"n":"Plat bébé Blédina 8 mois  Pâtes tomate boeuf - 2x200g","p":2.9,"u":"7,25 €/KG","img":"https://fd2-photos.leclercdrive.fr/image.ashx?id=2975092&use=l&cat=p&typeid=i","cat":312236},{"id":158671,"n":"Steak haché Socopa 15%MG Ultra savoureux - 400g","p":6.57,"u":"16,43 €/KG","img":"https://fd2-photos.leclercdrive.fr/image.ashx?id=2453253&use=l&cat=p&typeid=i","cat":284332},{"id":158715,"n":"Doomino St Michel Choco Noisette x6 - 180g","p":1.85,"u":"10,28 €/KG","img":"https://fd2-photos.leclercdrive.fr/image.ashx?id=2953495&use=l&cat=p&typeid=i","cat":284495},{"id":158781,"n":"Céréales Fitness  Chocolat noir - 450g","p":2.88,"u":"6,40 €/KG","img":"https://fd2-photos.leclercdrive.fr/image.ashx?id=2922170&use=l&cat=p&typeid=i","cat":309512},{"id":158787,"n":"Petit pot bébé Blédina 6 mois Légume viande poisson - 8x200g","p":8.28,"u":"5,18 €/KG","img":"https://fd2-photos.leclercdrive.fr/image.ashx?id=2948773&use=l&cat=p&typeid=i","cat":312236},{"id":158791,"n":"Poivre noir grain Ducros 200g - n°6","p":8.18,"u":"40,90 €/KG","img":"https://fd2-photos.leclercdrive.fr/image.ashx?id=2486599&use=l&cat=p&typeid=i","cat":284457},{"id":158803,"n":"Rotella Haribo Sachet bonbons réglisse - 300g","p":1.36,"u":"4,53 €/KG","img":"https://fd2-photos.leclercdrive.fr/image.ashx?id=2982402&use=l&cat=p&typeid=i","cat":304250},{"id":158805,"n":"Quinoa gourmand Tipiak Aux épices douces 240g","p":2.38,"u":"9,92 €/KG","img":"https://fd2-photos.leclercdrive.fr/image.ashx?id=2947054&use=l&cat=p&typeid=i","cat":284429},{"id":158817,"n":"Capsules café L'Or Espresso Bio N°7 x10","p":3.62,"u":"69,62 €/KG","img":"https://fd2-photos.leclercdrive.fr/image.ashx?id=2133545&use=l&cat=p&typeid=i","cat":284749},{"id":158936,"n":"Pains au lait La Boulangère x10 - 350g","p":1.86,"u":"5,31 €/KG","img":"https://fd2-photos.leclercdrive.fr/image.ashx?id=2912437&use=l&cat=p&typeid=i","cat":293505},{"id":158937,"n":"Sauce Tikka Masala Patak's 450g","p":3.09,"u":"6,87 €/KG","img":"https://fd2-photos.leclercdrive.fr/image.ashx?id=2593698&use=l&cat=p&typeid=i","cat":289012},{"id":158970,"n":"Sauce Tomacouli Panzani - 200G","p":0.81,"u":"4,05 €/KG","img":"https://fd2-photos.leclercdrive.fr/image.ashx?id=2872853&use=l&cat=p&typeid=i","cat":288384},{"id":158977,"n":"Tripe Paul et Louise 400g","p":2.22,"u":"5,55 €/KG","img":"https://fd2-photos.leclercdrive.fr/image.ashx?id=2367565&use=l&cat=p&typeid=i","cat":284441},{"id":159067,"n":"Bière blonde Victoria 8,5% - 75cl","p":3.56,"u":"4,75 €/L","img":"https://fd2-photos.leclercdrive.fr/image.ashx?id=2157400&use=l&cat=p&typeid=i","cat":334872},{"id":159081,"n":"Rhum Havana Club Especial 37,5% vol - 70cl","p":17.01,"u":"24,30 €/L","img":"https://fd2-photos.leclercdrive.fr/image.ashx?id=2961311&use=l&cat=p&typeid=i","cat":284550},{"id":159112,"n":"Matière grasse St Hubert Doux - 500g","p":4.26,"u":"8,52 €/KG","img":"https://fd2-photos.leclercdrive.fr/image.ashx?id=2734084&use=l&cat=p&typeid=i","cat":315229},{"id":159204,"n":"Filet de poulet Maître Coq Blanc en aiguillette  280g","p":4.48,"u":"16,00 €/KG","img":"https://fd2-photos.leclercdrive.fr/image.ashx?id=2882728&use=l&cat=p&typeid=i","cat":284336},{"id":159209,"n":"Lasagne Lustucru Selection  250g","p":2.27,"u":"9,08 €/KG","img":"https://fd2-photos.leclercdrive.fr/image.ashx?id=2792396&use=l&cat=p&typeid=i","cat":333682},{"id":159212,"n":"Bloc WC Bref Deluxe Magnolia  Toilettes propres - 50g x1","p":1.87,"u":"37,40 €/KG","img":"https://fd2-photos.leclercdrive.fr/image.ashx?id=2907581&use=l&cat=p&typeid=i","cat":284662},{"id":159220,"n":"Dos de Cabillaud Findus MSC - x4 - 440g","p":11.23,"u":"25,52 €/KG","img":"https://fd2-photos.leclercdrive.fr/image.ashx?id=2735347&use=l&cat=p&typeid=i","cat":319786},{"id":159355,"n":"Whisky aerstone Sea Cask 40° - 70cl","p":22.28,"u":"31,83 €/L","img":"https://fd2-photos.leclercdrive.fr/image.ashx?id=2834725&use=l&cat=p&typeid=i","cat":284547},{"id":159378,"n":"Whisky Nikka Days 40% - 70cl","p":31.63,"u":"45,19 €/L","img":"https://fd2-photos.leclercdrive.fr/image.ashx?id=2735710&use=l&cat=p&typeid=i","cat":284547},{"id":159416,"n":"Thym Ducros Grand flacon - 85g","p":3.68,"u":"43,29 €/KG","img":"https://fd2-photos.leclercdrive.fr/image.ashx?id=2486557&use=l&cat=p&typeid=i","cat":298297},{"id":159448,"n":"Boisson aux fruits Jafun Pomme Cassis Framboise - 2L","p":1.49,"u":"0,75 €/L","img":"https://fd2-photos.leclercdrive.fr/image.ashx?id=2956924&use=l&cat=p&typeid=i","cat":295018},{"id":159548,"n":"Veau haché BioYooji 6 mois - 80g","p":4.57,"u":"57,13 €/KG","img":"https://fd2-photos.leclercdrive.fr/image.ashx?id=2832260&use=l&cat=p&typeid=i","cat":290631},{"id":159627,"n":"Fromage Fol Epi  Originale 8 Tranches - 150g","p":2.07,"u":"13,80 €/KG","img":"https://fd2-photos.leclercdrive.fr/image.ashx?id=2456801&use=l&cat=p&typeid=i","cat":314028},{"id":159630,"n":"Pomme de terre Eco+ Epluchées - 1kg","p":1.95,"u":"1,95 €/KG","img":"https://fd2-photos.leclercdrive.fr/image.ashx?id=2702609&use=l&cat=p&typeid=i","cat":284352},{"id":159631,"n":"Betterave Eco+ 2x500g","p":1.44,"u":"1,44 €/KG","img":"https://fd2-photos.leclercdrive.fr/image.ashx?id=2669663&use=l&cat=p&typeid=i","cat":284352},{"id":159734,"n":"Pomme Figue Bio Good Goût Gourde - 120g","p":1.7,"u":"14,17 €/KG","img":"https://fd2-photos.leclercdrive.fr/image.ashx?id=2736082&use=l&cat=p&typeid=i","cat":312387},{"id":159735,"n":"Pomme Framboise Bio Good Goût - Gourde - 120g","p":1.57,"u":"13,08 €/KG","img":"https://fd2-photos.leclercdrive.fr/image.ashx?id=2736103&use=l&cat=p&typeid=i","cat":312387},{"id":159736,"n":"Biscuits Animaux Good Goût Bio Huile essentielles Citron 80g","p":3.71,"u":"46,38 €/KG","img":"https://fd2-photos.leclercdrive.fr/image.ashx?id=2697216&use=l&cat=p&typeid=i","cat":312227},{"id":159737,"n":"Biscuits Bio - Good Goût  10 mois  - 80g","p":4.06,"u":"50,75 €/KG","img":"https://fd2-photos.leclercdrive.fr/image.ashx?id=2697219&use=l&cat=p&typeid=i","cat":312227},{"id":159892,"n":"Petits pots bébé P'TITE RECETTE Risotto 8M+ - 2x200g","p":2.15,"u":"5,38 €/KG","img":"https://fd2-photos.leclercdrive.fr/image.ashx?id=2737132&use=l&cat=p&typeid=i","cat":312236},{"id":159965,"n":"Capsules Starbucks by Nespresso  Colombia Int 7 - x18","p":6.05,"u":"59,90 €/KG","img":"https://fd2-photos.leclercdrive.fr/image.ashx?id=2668174&use=l&cat=p&typeid=i","cat":284749},{"id":160008,"n":"Steak haché strié Bigard Pur Boeuf - 320g","p":5.11,"u":"15,97 €/KG","img":"https://fd2-photos.leclercdrive.fr/image.ashx?id=2208312&use=l&cat=p&typeid=i","cat":284332},{"id":160177,"n":"Madeleines Saint Michel Pépites chocolat - 700g","p":3.93,"u":"5,61 €/KG","img":"https://fd2-photos.leclercdrive.fr/image.ashx?id=2338141&use=l&cat=p&typeid=i","cat":284492},{"id":160403,"n":"Filet de poulet Maitre Coq 1kg","p":10.47,"u":"10,47 €/KG","img":"https://fd2-photos.leclercdrive.fr/image.ashx?id=2551135&use=l&cat=p&typeid=i","cat":284336},{"id":160428,"n":"Lessive liquide fraicheur Epsil 40 lavages - 2L","p":4.6,"u":"2,30 €/L","img":"https://fd2-photos.leclercdrive.fr/image.ashx?id=2602982&use=l&cat=p&typeid=i","cat":284640},{"id":160429,"n":"Lessive liquide printemps Epsil 40 Lavages - 2L","p":4.6,"u":"2,30 €/L","img":"https://fd2-photos.leclercdrive.fr/image.ashx?id=2958347&use=l&cat=p&typeid=i","cat":284640},{"id":160430,"n":"Lessive liquide sensitive Epsil 40 lavages - 2L","p":5.99,"u":"3,00 €/L","img":"https://fd2-photos.leclercdrive.fr/image.ashx?id=2838951&use=l&cat=p&typeid=i","cat":284640},{"id":160629,"n":"AOP Crémant de Bordeaux rosé Brut Malesan - 75cl","p":6.9,"pp":4.55,"u":"6,07 €/L","img":"https://fd2-photos.leclercdrive.fr/image.ashx?id=2464705&use=l&cat=p&typeid=i","cat":289558},{"id":160726,"n":"Cerise bigarreau St Mamet 240g","p":3.01,"u":"12,54 €/KG","img":"https://fd2-photos.leclercdrive.fr/image.ashx?id=2628425&use=l&cat=p&typeid=i","cat":284507},{"id":160820,"n":"Mozza Sticks Pickers by McCain Batonnets de mozzarella - 230g","p":3.38,"u":"14,70 €/KG","img":"https://fd2-photos.leclercdrive.fr/image.ashx?id=2920021&use=l&cat=p&typeid=i","cat":319822},{"id":160821,"n":"Onion rings Pickers by McCain 350g","p":3.17,"u":"9,06 €/KG","img":"https://fd2-photos.leclercdrive.fr/image.ashx?id=2920024&use=l&cat=p&typeid=i","cat":319822},{"id":160823,"n":"Nacho cheese Pickers by McCain Triangles fromage poivron 230g","p":2.95,"u":"12,83 €/KG","img":"https://fd2-photos.leclercdrive.fr/image.ashx?id=2752227&use=l&cat=p&typeid=i","cat":319822},{"id":161003,"n":"Mayonnaise Bénédicta Nature - 510g","p":2.43,"u":"4,76 €/KG","img":"https://fd2-photos.leclercdrive.fr/image.ashx?id=2548225&use=l&cat=p&typeid=i","cat":298295},{"id":161006,"n":"Mayonnaise Bénédicta Nature - 585g","p":3.13,"u":"5,35 €/KG","img":"https://fd2-photos.leclercdrive.fr/image.ashx?id=2889664&use=l&cat=p&typeid=i","cat":298295},{"id":161007,"n":"Mayonnaise Bénédicta Nature - 400g","p":2.53,"u":"6,33 €/KG","img":"https://fd2-photos.leclercdrive.fr/image.ashx?id=2548237&use=l&cat=p&typeid=i","cat":298295},{"id":161082,"n":"Café capsules DOLCE GUSTO Starbucks vanilla macchiato 2x6","p":4.39,"u":"33,26 €/KG","img":"https://fd2-photos.leclercdrive.fr/image.ashx?id=2986912&use=l&cat=p&typeid=i","cat":293239},{"id":161093,"n":"Nettoyant ménager La Croix  spray cuisine sans javel- 500ml","p":2.25,"u":"4,50 €/L","img":"https://fd2-photos.leclercdrive.fr/image.ashx?id=2676918&use=l&cat=p&typeid=i","cat":325357},{"id":161121,"n":"Boisson aromatisée Vin rosé Pamplemousse 7.5% vol - BIB 3L","p":7.92,"u":"2,64 €/L","img":"https://fd2-photos.leclercdrive.fr/image.ashx?id=2958528&use=l&cat=p&typeid=i","cat":304569},{"id":161126,"n":"Boisson aux fruits Jafun Multifruits - 2L","p":1.99,"u":"1,00 €/L","img":"https://fd2-photos.leclercdrive.fr/image.ashx?id=2897832&use=l&cat=p&typeid=i","cat":295018},{"id":161130,"n":"Boissons à base de fruit Jafun Pêche Abricot - 2L","p":1.99,"u":"1,00 €/L","img":"https://fd2-photos.leclercdrive.fr/image.ashx?id=2865293&use=l&cat=p&typeid=i","cat":295018},{"id":161131,"n":"Boisson à base de fruits Jafun Pomme Kiwi - 2L","p":2.6,"u":"1,30 €/L","img":"https://fd2-photos.leclercdrive.fr/image.ashx?id=2865299&use=l&cat=p&typeid=i","cat":295018},{"id":161168,"n":"Beef-Stick Vitakraft Dinde - 48g","p":1.8,"u":"37,50 €/KG","img":"https://fd2-photos.leclercdrive.fr/image.ashx?id=2184323&use=l&cat=p&typeid=i","cat":294527},{"id":161192,"n":"Fluide Eucerin Pigment Control SPF 50+ - 50ml","p":11.5,"u":"230,00 €/L","img":"https://fd2-photos.leclercdrive.fr/image.ashx?id=2342995&use=l&cat=p&typeid=i","cat":290396},{"id":161213,"n":"Gel crème Sun Eucerin Oil Control - SPF 50+ - 50ML","p":10.84,"u":"216,80 €/L","img":"https://fd2-photos.leclercdrive.fr/image.ashx?id=2342986&use=l&cat=p&typeid=i","cat":290396},{"id":161226,"n":"Huile essentielle Puressentiel Gaulthérie Bio - 10ml","p":3.99,"u":"399,00 €/L","img":"https://fd2-photos.leclercdrive.fr/image.ashx?id=2155564&use=l&cat=p&typeid=i","cat":298633},{"id":161410,"n":"Pains hot dog La Fournée Dorée Brioch' x6 - 270g","p":1.84,"u":"6,81 €/KG","img":"https://fd2-photos.leclercdrive.fr/image.ashx?id=2406136&use=l&cat=p&typeid=i","cat":284985},{"id":161433,"n":"Dragibus Doypack Haribo Sachet bonbons - 220g","p":1.61,"u":"7,32 €/KG","img":"https://fd2-photos.leclercdrive.fr/image.ashx?id=2984940&use=l&cat=p&typeid=i","cat":304250},{"id":161458,"n":"Biscuits Napolitain Lu L'Original - 4x180g","p":6.25,"u":"8,68 €/KG","img":"https://fd2-photos.leclercdrive.fr/image.ashx?id=2940468&use=l&cat=p&typeid=i","cat":284495},{"id":161891,"n":"Pain burger Beau & Bon Harry's Brioché x4 - 300g","p":2.42,"u":"8,07 €/KG","img":"https://fd2-photos.leclercdrive.fr/image.ashx?id=2526830&use=l&cat=p&typeid=i","cat":325067},{"id":161894,"n":"Pain de mie 100% Mie Harrys Complet sans sucre ajouté- 500g","p":2.66,"u":"5,32 €/KG","img":"https://fd2-photos.leclercdrive.fr/image.ashx?id=2565780&use=l&cat=p&typeid=i","cat":284477},{"id":161914,"n":"Boisson aux fruits Jafun Tropical light - 2L","p":1.39,"u":"0,70 €/L","img":"https://fd2-photos.leclercdrive.fr/image.ashx?id=2720184&use=l&cat=p&typeid=i","cat":295018},{"id":162175,"n":"Pancakes chocolat Whaou! x7 - 259g","p":2.54,"u":"9,81 €/KG","img":"https://fd2-photos.leclercdrive.fr/image.ashx?id=2740652&use=l&cat=p&typeid=i","cat":284495},{"id":162187,"n":"Skyr Bio Les 2 vaches Nature 0%MG - 480g","p":3.51,"u":"7,31 €/KG","img":"https://fd2-photos.leclercdrive.fr/image.ashx?id=2787293&use=l&cat=p&typeid=i","cat":315000},{"id":162202,"n":"Tablette de chocolat noir Lindt 70% doux - 2x100g","p":4.26,"u":"21,30 €/KG","img":"https://fd2-photos.leclercdrive.fr/image.ashx?id=2214741&use=l&cat=p&typeid=i","cat":284956},{"id":162274,"n":"Sauce Crudités Benedicta  Nature légère - 295g","p":1.83,"u":"6,20 €/KG","img":"https://fd2-photos.leclercdrive.fr/image.ashx?id=2755206&use=l&cat=p&typeid=i","cat":284456},{"id":162275,"n":"Sauce Pita Heinz - 230g","p":1.82,"u":"7,91 €/KG","img":"https://fd2-photos.leclercdrive.fr/image.ashx?id=2973165&use=l&cat=p&typeid=i","cat":318431},{"id":162349,"n":"Beignets de crevette L'Atelier Traiteur x6 - 140g","p":3.39,"u":"24,21 €/KG","img":"https://fd2-photos.leclercdrive.fr/image.ashx?id=2917323&use=l&cat=p&typeid=i","cat":333673},{"id":162357,"n":"Samoussas L'Atelier Traiteur Boeuf curry - 220g","p":3.32,"u":"15,09 €/KG","img":"https://fd2-photos.leclercdrive.fr/image.ashx?id=2635709&use=l&cat=p&typeid=i","cat":333673},{"id":162403,"n":"Nems au porc L'Atelier Traiteur 280g","p":2.85,"u":"10,18 €/KG","img":"https://fd2-photos.leclercdrive.fr/image.ashx?id=2987646&use=l&cat=p&typeid=i","cat":333673},{"id":162407,"n":"Lasagnes à la bolognaise L'Atelier Traiteur - 900g","p":7.29,"u":"8,10 €/KG","img":"https://fd2-photos.leclercdrive.fr/image.ashx?id=2972367&use=l&cat=p&typeid=i","cat":333666},{"id":162570,"n":"Sauce apéritif Doritos Goût salsa épicée -280g","p":2.3,"u":"8,21 €/KG","img":"https://fd2-photos.leclercdrive.fr/image.ashx?id=3014473&use=l&cat=p&typeid=i","cat":284451},{"id":162571,"n":"Sauce apéritif Doritos Goût fromage -280g","p":2.36,"u":"8,43 €/KG","img":"https://fd2-photos.leclercdrive.fr/image.ashx?id=2170208&use=l&cat=p&typeid=i","cat":284451},{"id":162572,"n":"Sauce apéritif Doritos Goût sour cream -280g","p":2.28,"u":"8,14 €/KG","img":"https://fd2-photos.leclercdrive.fr/image.ashx?id=2167528&use=l&cat=p&typeid=i","cat":284451},{"id":162596,"n":"Boisson aux fruits Jafun Orange - 2L","p":1.49,"u":"0,75 €/L","img":"https://fd2-photos.leclercdrive.fr/image.ashx?id=2897829&use=l&cat=p&typeid=i","cat":295018},{"id":162597,"n":"Lait concentré Régilait Sucré demi-écrémé - 300g","p":1.69,"u":"5,63 €/KG","img":"https://fd2-photos.leclercdrive.fr/image.ashx?id=2169956&use=l&cat=p&typeid=i","cat":293236},{"id":162611,"n":"Parmentier de canard L'Atelier Traiteur - 750g","p":7.79,"u":"10,39 €/KG","img":"https://fd2-photos.leclercdrive.fr/image.ashx?id=2976654&use=l&cat=p&typeid=i","cat":333666},{"id":162613,"n":"Paëlla royale L'Atelier Traiteur - 900g","p":6.98,"u":"7,76 €/KG","img":"https://fd2-photos.leclercdrive.fr/image.ashx?id=3012451&use=l&cat=p&typeid=i","cat":333666},{"id":162614,"n":"Couscous L'Atelier Traiteur 900g","p":8.99,"u":"9,99 €/KG","img":"https://fd2-photos.leclercdrive.fr/image.ashx?id=3012454&use=l&cat=p&typeid=i","cat":333666},{"id":162615,"n":"Gratin dauphinois L'Atelier Traiteur - 750g","p":7.29,"u":"9,72 €/KG","img":"https://fd2-photos.leclercdrive.fr/image.ashx?id=2976657&use=l&cat=p&typeid=i","cat":333666},{"id":162823,"n":"Bière blonde La Bête 8° - 6x25cl","p":8.04,"u":"5,36 €/L","img":"https://fd2-photos.leclercdrive.fr/image.ashx?id=3011245&use=l&cat=p&typeid=i","cat":334872},{"id":163021,"n":"Biscuits Knoppers Lait / Noisettes - 6x25g","p":1.98,"u":"13,20 €/KG","img":"https://fd2-photos.leclercdrive.fr/image.ashx?id=2659151&use=l&cat=p&typeid=i","cat":284488},{"id":163029,"n":"Tablette chocolat Villars Noir / pépites café - 100g","p":2.23,"u":"22,30 €/KG","img":"https://fd2-photos.leclercdrive.fr/image.ashx?id=2464291&use=l&cat=p&typeid=i","cat":284956},{"id":163032,"n":"Déodorant Homme AXE Dark Temptation 48h 200ml","p":3.34,"u":"16,70 €/L","img":"https://fd2-photos.leclercdrive.fr/image.ashx?id=2894557&use=l&cat=p&typeid=i","cat":284618},{"id":163033,"n":"Tablette chocolat Villars Lait - 100g","p":2.84,"u":"28,40 €/KG","img":"https://fd2-photos.leclercdrive.fr/image.ashx?id=2464318&use=l&cat=p&typeid=i","cat":284497},{"id":163115,"n":"Piles alcalines Duracell MX1500 Optimum Type AA/LR06 1,5V - x4","p":5.9,"u":"1,48 €/P","img":"https://fd2-photos.leclercdrive.fr/image.ashx?id=2941823&use=l&cat=p&typeid=i","cat":300572},{"id":163129,"n":"Petits pains grillés Krisprolls Complet - 425g","p":2.98,"u":"7,01 €/KG","img":"https://fd2-photos.leclercdrive.fr/image.ashx?id=2793716&use=l&cat=p&typeid=i","cat":284479},{"id":163130,"n":"Petits pains grillés Krisprolls Complet sans sucre ajoutés 425g","p":3.07,"u":"7,22 €/KG","img":"https://fd2-photos.leclercdrive.fr/image.ashx?id=2985558&use=l&cat=p&typeid=i","cat":284479},{"id":163132,"n":"Boisson orange Jafun Brique - 6x20cl","p":2.5,"u":"2,08 €/L","img":"https://fd2-photos.leclercdrive.fr/image.ashx?id=2992582&use=l&cat=p&typeid=i","cat":284524},{"id":163133,"n":"Bière ambrée Kwak 8.4% - 75cl","p":4.6,"u":"6,13 €/L","img":"https://fd2-photos.leclercdrive.fr/image.ashx?id=2948423&use=l&cat=p&typeid=i","cat":334872},{"id":163143,"n":"Dragibus Soft Haribo Sachet bonbons - 300g","p":1.32,"u":"4,40 €/KG","img":"https://fd2-photos.leclercdrive.fr/image.ashx?id=2806123&use=l&cat=p&typeid=i","cat":304250},{"id":163145,"n":"Dragibus Original Haribo Multipack bonbons - 250g","p":1.69,"u":"6,76 €/KG","img":"https://fd2-photos.leclercdrive.fr/image.ashx?id=2984943&use=l&cat=p&typeid=i","cat":304250},{"id":163147,"n":"Bonbons Haribo Dragolo - 750g","p":4.21,"u":"5,61 €/KG","img":"https://fd2-photos.leclercdrive.fr/image.ashx?id=2803586&use=l&cat=p&typeid=i","cat":304250},{"id":163286,"n":"Gel de rasage Eucerin Nobacter - 150ml","p":7.99,"u":"53,27 €/L","img":"https://fd2-photos.leclercdrive.fr/image.ashx?id=2175602&use=l&cat=p&typeid=i","cat":291167},{"id":163354,"n":"Gobelets 20cl Eco+ Blanc - x50","p":1.26,"u":"0,03 €/P","img":"https://fd2-photos.leclercdrive.fr/image.ashx?id=2176608&use=l&cat=p&typeid=i","cat":334134},{"id":163420,"n":"Smarties Mini Bonbons Chocolats 21 boites - 315g","p":3.86,"u":"12,25 €/KG","img":"https://fd2-photos.leclercdrive.fr/image.ashx?id=2740862&use=l&cat=p&typeid=i","cat":304238},{"id":163529,"n":"Compote bébé Blédina 4-6 mois Pomme - 2x130g","p":1.44,"u":"5,54 €/KG","img":"https://fd2-photos.leclercdrive.fr/image.ashx?id=2911211&use=l&cat=p&typeid=i","cat":312387},{"id":163613,"n":"Mozzarella fromage râpé  Les Croisés - 150g","p":1.39,"u":"9,27 €/KG","img":"https://fd2-photos.leclercdrive.fr/image.ashx?id=2178848&use=l&cat=p&typeid=i","cat":314035},{"id":163617,"n":"Coeurs de faux-filet Socopa Sauce roquefort x2 - 300g","p":6.76,"u":"22,53 €/KG","img":"https://fd2-photos.leclercdrive.fr/image.ashx?id=2414636&use=l&cat=p&typeid=i","cat":284328},{"id":163750,"n":"Mousseline Purina Gourmet Poulet nappé de sauce - 4x57g","p":2.95,"u":"12,94 €/KG","img":"https://fd2-photos.leclercdrive.fr/image.ashx?id=2864197&use=l&cat=p&typeid=i","cat":285286},{"id":163926,"n":"Saucisses de Strasbourg L'Atelier Charcuterie x4 - 280g","p":4.32,"u":"15,43 €/KG","img":"https://fd2-photos.leclercdrive.fr/image.ashx?id=2905868&use=l&cat=p&typeid=i","cat":316012},{"id":163930,"n":"Chorizo doux tranché L'Atelier Charcuterie - 100g","p":2.46,"u":"24,60 €/KG","img":"https://fd2-photos.leclercdrive.fr/image.ashx?id=2856666&use=l&cat=p&typeid=i","cat":316007},{"id":163931,"n":"Chiffonnade de chorizo L'Atelier Charcuterie - 80g","p":2.09,"u":"26,13 €/KG","img":"https://fd2-photos.leclercdrive.fr/image.ashx?id=2992675&use=l&cat=p&typeid=i","cat":316007},{"id":164235,"n":"Bière Triple Lefort 75cl","p":5.5,"u":"7,33 €/L","img":"https://fd2-photos.leclercdrive.fr/image.ashx?id=2398682&use=l&cat=p&typeid=i","cat":334872},{"id":164442,"n":"Crème dessert Récré O'lé Vanille - 20x85g","p":10.4,"u":"6,12 €/KG","img":"https://fd2-photos.leclercdrive.fr/image.ashx?id=2492866&use=l&cat=p&typeid=i","cat":284506},{"id":164443,"n":"Crème dessert Récré O'Lé Chocolats - 20x85g","p":10.15,"u":"5,97 €/KG","img":"https://fd2-photos.leclercdrive.fr/image.ashx?id=2492869&use=l&cat=p&typeid=i","cat":284506},{"id":164541,"n":"Maïs Bonduelle Sans Résidu De Pesticides 285g","p":1.18,"u":"4,14 €/KG","img":"https://fd2-photos.leclercdrive.fr/image.ashx?id=2972892&use=l&cat=p&typeid=i","cat":312611},{"id":164567,"n":"Eau nettoyante Cadum Bébé  Douceur - 750ml","p":3.29,"u":"4,39 €/L","img":"https://fd2-photos.leclercdrive.fr/image.ashx?id=2278451&use=l&cat=p&typeid=i","cat":284741},{"id":164569,"n":"Gel nettoyant Cadum Bébé  Corps et Cheveux - 750ml","p":3.29,"u":"4,39 €/L","img":"https://fd2-photos.leclercdrive.fr/image.ashx?id=2377799&use=l&cat=p&typeid=i","cat":284740},{"id":164570,"n":"Gel Douche Sans Savon Cadum Huile d'Amandes Douces - 750ml","p":3.25,"u":"4,33 €/L","img":"https://fd2-photos.leclercdrive.fr/image.ashx?id=2352870&use=l&cat=p&typeid=i","cat":284594},{"id":164583,"n":"Gel Lavant enfant Cadum Corps & cheveux - 750ml","p":4.21,"u":"5,61 €/L","img":"https://fd2-photos.leclercdrive.fr/image.ashx?id=2839496&use=l&cat=p&typeid=i","cat":284594},{"id":164584,"n":"Crème Douche surgras Cadum Beurre de Karité - 750ml","p":3.45,"u":"4,60 €/L","img":"https://fd2-photos.leclercdrive.fr/image.ashx?id=2395020&use=l&cat=p&typeid=i","cat":284594},{"id":164602,"n":"Lessive liquide fraîcheur ECO+ 40 lavages - 2L","p":2.16,"u":"1,08 €/L","img":"https://fd2-photos.leclercdrive.fr/image.ashx?id=2597988&use=l&cat=p&typeid=i","cat":284640},{"id":164603,"n":"Lessive liquide fleurie Epsil 25 lavages - 1,25L","p":3.91,"u":"3,13 €/L","img":"https://fd2-photos.leclercdrive.fr/image.ashx?id=2603000&use=l&cat=p&typeid=i","cat":284640},{"id":164604,"n":"Lessive liquide fraîcheur Epsil 25 lavages - 1,25L","p":3.33,"u":"2,66 €/L","img":"https://fd2-photos.leclercdrive.fr/image.ashx?id=2602994&use=l&cat=p&typeid=i","cat":284640},{"id":164606,"n":"Rhum blanc DOM 40° - 70cl","p":9.11,"u":"13,01 €/L","img":"https://fd2-photos.leclercdrive.fr/image.ashx?id=2188772&use=l&cat=p&typeid=i","cat":284550},{"id":164640,"n":"Granulés de bois Din+ - 15kg Il était une fois dans l'ouest","p":5.99,"u":"0,40 €/KG","img":"https://fd2-photos.leclercdrive.fr/image.ashx?id=2192712&use=l&cat=p&typeid=i","cat":300577},{"id":164653,"n":"Pâte à tartiner bio Jardin Bio Chocolat noisette Crunchy 350g","p":5.44,"u":"15,54 €/KG","img":"https://fd2-photos.leclercdrive.fr/image.ashx?id=2811149&use=l&cat=p&typeid=i","cat":284481},{"id":164873,"n":"Raclette à l'oignon pasteurisée L'Atelier Fromagerie - 250g","p":3.75,"u":"15,00 €/KG","img":"https://fd2-photos.leclercdrive.fr/image.ashx?id=2856371&use=l&cat=p&typeid=i","cat":314036},{"id":165040,"n":"Diffuseur Glade avec bâtonnets Orange & Néroli - 80ml","p":8.16,"u":"102,00 €/L","img":"https://fd2-photos.leclercdrive.fr/image.ashx?id=2867710&use=l&cat=p&typeid=i","cat":311627},{"id":165041,"n":"Diffuseur Glade avec bâtonnets Bergamote & Citronnelle - 80ml","p":6.39,"img":"https://fd2-photos.leclercdrive.fr/image.ashx?id=2867181&use=l&cat=p&typeid=i","cat":311627},{"id":165062,"n":"Gel Lubrifiant Intime Cherry Arome Cerise Durex 100ml","p":9.04,"u":"90,40 €/L","img":"https://fd2-photos.leclercdrive.fr/image.ashx?id=2960696&use=l&cat=p&typeid=i","cat":285160},{"id":165063,"n":"Gel Lubrifiant Intime Hot Durex Effet Chauffant Base Eau 100ml","p":10.01,"u":"100,10 €/L","img":"https://fd2-photos.leclercdrive.fr/image.ashx?id=2785487&use=l&cat=p&typeid=i","cat":285160},{"id":165131,"n":"Crème de cassis d'Anjou  Giffard 16% - 50cl","p":5.5,"pp":4.95,"u":"9,90 €/L","img":"https://fd2-photos.leclercdrive.fr/image.ashx?id=2219150&use=l&cat=p&typeid=i","cat":286032},{"id":165138,"n":"Crème de fleur de sureau  Giffard 16% - 50cl","p":5.5,"pp":4.95,"u":"9,90 €/L","img":"https://fd2-photos.leclercdrive.fr/image.ashx?id=2219165&use=l&cat=p&typeid=i","cat":286032},{"id":165174,"n":"Spray aérien Puressentiel  Sommeil et détente - 75ml","p":10.89,"u":"145,20 €/L","img":"https://fd2-photos.leclercdrive.fr/image.ashx?id=2194253&use=l&cat=p&typeid=i","cat":298633},{"id":165199,"n":"Pate à tartiner Bonne Maman Noisette et cacao - 360g","p":3.75,"u":"10,42 €/KG","img":"https://fd2-photos.leclercdrive.fr/image.ashx?id=2891106&use=l&cat=p&typeid=i","cat":284481},{"id":165200,"n":"Pate à tartiner Bonne Maman Noisette et cacao - 580g","p":5.94,"u":"10,24 €/KG","img":"https://fd2-photos.leclercdrive.fr/image.ashx?id=2891109&use=l&cat=p&typeid=i","cat":284481},{"id":165224,"n":"Roller Pure Heat Articulations& Muscles - 75ml","p":9.49,"u":"126,53 €/L","img":"https://fd2-photos.leclercdrive.fr/image.ashx?id=2243620&use=l&cat=p&typeid=i","cat":284630},{"id":165225,"n":"Novanuit Triple action x30","p":9.99,"u":"222,00 €/KG","img":"https://fd2-photos.leclercdrive.fr/image.ashx?id=2237202&use=l&cat=p&typeid=i","cat":301265},{"id":165605,"n":"Tenders de poulet Coté Croc  - 600g","p":6.23,"u":"10,38 €/KG","img":"https://fd2-photos.leclercdrive.fr/image.ashx?id=2974819&use=l&cat=p&typeid=i","cat":319780},{"id":165656,"n":"Diffuseur Glade avec bâtonnets Lavandin & Santal - 80ml","p":6.39,"u":"79,88 €/L","img":"https://fd2-photos.leclercdrive.fr/image.ashx?id=2266083&use=l&cat=p&typeid=i","cat":311627},{"id":165661,"n":"Brosse à dent Dentamyl Tête rechargeable souple - x1","p":1.17,"img":"https://fd2-photos.leclercdrive.fr/image.ashx?id=2198432&use=l&cat=p&typeid=i","cat":284614},{"id":165667,"n":"Brosse à dent Dentamyl Tête rechargeable médium - x1","p":1.17,"img":"https://fd2-photos.leclercdrive.fr/image.ashx?id=2198532&use=l&cat=p&typeid=i","cat":284614},{"id":165671,"n":"Tête de recharge Dentamyl Brosse à dent dure - x3","p":1.0,"u":"0,33 €/P","img":"https://fd2-photos.leclercdrive.fr/image.ashx?id=2791021&use=l&cat=p&typeid=i","cat":284614},{"id":165678,"n":"Crème Whisky Baileys Caramel salé 17% vol - 70cl","p":12.57,"u":"17,96 €/L","img":"https://fd2-photos.leclercdrive.fr/image.ashx?id=2351475&use=l&cat=p&typeid=i","cat":286032},{"id":165769,"n":"After Eight Chocolat Noël Saveur fraise - 400g","p":8.21,"u":"20,53 €/KG","img":"https://fd2-photos.leclercdrive.fr/image.ashx?id=2451489&use=l&cat=p&typeid=i","cat":327595},{"id":165801,"n":"Sauce bolognaise Eco+ 420g","p":1.13,"u":"2,69 €/KG","img":"https://fd2-photos.leclercdrive.fr/image.ashx?id=2634845&use=l&cat=p&typeid=i","cat":287599},{"id":166221,"n":"Acide citrique Biovie 350g","p":5.18,"u":"14,80 €/KG","img":"https://fd2-photos.leclercdrive.fr/image.ashx?id=2997007&use=l&cat=p&typeid=i","cat":325365},{"id":166399,"n":"AOC Jurançon blanc Matayac Petit et Gros Manseng - 75cl","p":7.9,"pp":5.53,"u":"7,37 €/L","img":"https://fd2-photos.leclercdrive.fr/image.ashx?id=2792324&use=l&cat=p&typeid=i","cat":289557},{"id":166403,"n":"Lessive eco-recharge Uni Vert Aloe x30 lavages - 1.05L","p":4.12,"u":"3,92 €/L","img":"https://fd2-photos.leclercdrive.fr/image.ashx?id=2669780&use=l&cat=p&typeid=i","cat":284640},{"id":166404,"n":"Lessive eco-recharge Uni Vert  Aloe Vera x42 lavages - 1.5L","p":5.91,"u":"3,94 €/L","img":"https://fd2-photos.leclercdrive.fr/image.ashx?id=2838954&use=l&cat=p&typeid=i","cat":284640},{"id":166419,"n":"Signature Patato Pops McCain Pommes de terre - 650g","p":2.62,"u":"4,03 €/KG","img":"https://fd2-photos.leclercdrive.fr/image.ashx?id=2752233&use=l&cat=p&typeid=i","cat":319792},{"id":166598,"n":"Sauce spaghetti bio Jardin Bio 510g","p":3.36,"u":"6,59 €/KG","img":"https://fd2-photos.leclercdrive.fr/image.ashx?id=2811164&use=l&cat=p&typeid=i","cat":288384},{"id":166601,"n":"Compote bio Jardin Bio Pomme banane - 680g","p":3.57,"u":"5,25 €/KG","img":"https://fd2-photos.leclercdrive.fr/image.ashx?id=2918307&use=l&cat=p&typeid=i","cat":284508},{"id":166602,"n":"Compote bio Jardin Bio Pomme fraise - 680g","p":3.52,"u":"5,18 €/KG","img":"https://fd2-photos.leclercdrive.fr/image.ashx?id=2918835&use=l&cat=p&typeid=i","cat":284508},{"id":166654,"n":"1ère Crème lavante bébé Uriage Flacon pompe - 500ml","p":9.05,"u":"18,10 €/L","img":"https://fd2-photos.leclercdrive.fr/image.ashx?id=2735455&use=l&cat=p&typeid=i","cat":290425},{"id":166655,"n":"1ère Crème lavante bébé Uriage Flacon pompe - 1L","p":10.0,"u":"10,00 €/L","img":"https://fd2-photos.leclercdrive.fr/image.ashx?id=2209531&use=l&cat=p&typeid=i","cat":290425},{"id":166656,"n":"1ère eau nettoyante bébé Uriage Flacon pompe - 500ml","p":7.0,"u":"14,00 €/L","img":"https://fd2-photos.leclercdrive.fr/image.ashx?id=2689970&use=l&cat=p&typeid=i","cat":290425},{"id":166657,"n":"1ère eau nettoyante bébé Uriage Flacon pompe - 1L","p":8.5,"u":"8,50 €/L","img":"https://fd2-photos.leclercdrive.fr/image.ashx?id=2209537&use=l&cat=p&typeid=i","cat":290425},{"id":166660,"n":"Crème hydratante La Roche Posay Hydraphase HA Légère - 50ml","p":19.31,"u":"386,20 €/L","img":"https://fd2-photos.leclercdrive.fr/image.ashx?id=2209429&use=l&cat=p&typeid=i","cat":291171},{"id":166661,"n":"Crème La Roche Posay Tolériane Dermallergo - 40ml","p":16.78,"u":"419,50 €/L","img":"https://fd2-photos.leclercdrive.fr/image.ashx?id=2813444&use=l&cat=p&typeid=i","cat":291171},{"id":166664,"n":"Baume Lipikar La Roche Posay AP M Tube Eco Responsable-200ml","p":14.99,"u":"74,95 €/L","img":"https://fd2-photos.leclercdrive.fr/image.ashx?id=2209435&use=l&cat=p&typeid=i","cat":290421},{"id":166665,"n":"Correcteur intensif SVR Sebiaclear Active Gel - 40ml","p":8.47,"u":"211,75 €/L","img":"https://fd2-photos.leclercdrive.fr/image.ashx?id=2965139&use=l&cat=p&typeid=i","cat":291166},{"id":166666,"n":"Gel lavant Topialyse SVR Apaisant hydratant 24h - 1L","p":7.49,"pp":5.62,"u":"5,62 €/L","img":"https://fd2-photos.leclercdrive.fr/image.ashx?id=2971655&use=l&cat=p&typeid=i","cat":301591},{"id":166667,"n":"Huile lavante Topialyse SVR 1L","p":13.99,"pp":10.49,"u":"10,49 €/L","img":"https://fd2-photos.leclercdrive.fr/image.ashx?id=2971185&use=l&cat=p&typeid=i","cat":301591},{"id":166674,"n":"Confiture Douceur du Verger Fraise - 750g","p":2.15,"u":"2,87 €/KG","img":"https://fd2-photos.leclercdrive.fr/image.ashx?id=2965545&use=l&cat=p&typeid=i","cat":284480},{"id":166675,"n":"Confiture Douceur du Verger Abricot - 370g","p":1.27,"u":"3,43 €/KG","img":"https://fd2-photos.leclercdrive.fr/image.ashx?id=2965572&use=l&cat=p&typeid=i","cat":284480},{"id":166686,"n":"Yaourt protéiné Hipro  Coco 0%mg - 2x160g","p":2.01,"u":"6,28 €/KG","img":"https://fd2-photos.leclercdrive.fr/image.ashx?id=2807423&use=l&cat=p&typeid=i","cat":315000},{"id":166687,"n":"Yaourt protéiné Hipro 0%mg  Banane beurre cacahuète -2x160g","p":2.09,"u":"6,53 €/KG","img":"https://fd2-photos.leclercdrive.fr/image.ashx?id=2807426&use=l&cat=p&typeid=i","cat":315000},{"id":166753,"n":"Apéritif Apérol Spritz 12.5% vol - 1L","p":14.37,"u":"14,37 €/L","img":"https://fd2-photos.leclercdrive.fr/image.ashx?id=2957287&use=l&cat=p&typeid=i","cat":286032},{"id":166756,"n":"Blanc de poulet Fleury Michon Sans nitrite x4 - 130g","p":1.78,"u":"13,69 €/KG","img":"https://fd2-photos.leclercdrive.fr/image.ashx?id=2954833&use=l&cat=p&typeid=i","cat":316010},{"id":166757,"n":"Filet de poulet rôti Fleury Michon sans nitrite x6 - 160g","p":2.69,"u":"16,81 €/KG","img":"https://fd2-photos.leclercdrive.fr/image.ashx?id=2954830&use=l&cat=p&typeid=i","cat":316010},{"id":166819,"n":"Sucre en poudre Tablier Blanc 1kg","p":1.53,"u":"1,53 €/KG","img":"https://fd2-photos.leclercdrive.fr/image.ashx?id=3010434&use=l&cat=p&typeid=i","cat":284502},{"id":166831,"n":"Mini batonnet surimi Pêche MSC Océan Avec mayonnaise - 210g","p":1.9,"u":"9,05 €/KG","img":"https://fd2-photos.leclercdrive.fr/image.ashx?id=2212039&use=l&cat=p&typeid=i","cat":285189},{"id":166839,"n":"Fruits de mer Hamlet Chocolat praliné - 250g","p":6.89,"pp":4.55,"u":"18,20 €/KG","img":"https://fd2-photos.leclercdrive.fr/image.ashx?id=2753247&use=l&cat=p&typeid=i","cat":327595},{"id":166893,"n":"Bonbons Trolli Pop eye 75g","p":1.8,"u":"24,00 €/KG","img":"https://fd2-photos.leclercdrive.fr/image.ashx?id=2854015&use=l&cat=p&typeid=i","cat":304250},{"id":166940,"n":"Glace Mystère Nestlé Crème brulée - 4x77g","p":5.28,"u":"17,14 €/KG","img":"https://fd2-photos.leclercdrive.fr/image.ashx?id=2878399&use=l&cat=p&typeid=i","cat":284266},{"id":167011,"n":"Pur jus de clémentine Jafaden 90cl","p":2.15,"u":"2,39 €/L","img":"https://fd2-photos.leclercdrive.fr/image.ashx?id=2723162&use=l&cat=p&typeid=i","cat":285435},{"id":167177,"n":"Praliné crème The belgian 200g","p":7.49,"pp":4.94,"u":"24,70 €/KG","img":"https://fd2-photos.leclercdrive.fr/image.ashx?id=2214141&use=l&cat=p&typeid=i","cat":327595},{"id":167178,"n":"Praliné tiramisu The belgian 200g","p":7.49,"pp":4.94,"u":"24,70 €/KG","img":"https://fd2-photos.leclercdrive.fr/image.ashx?id=2214144&use=l&cat=p&typeid=i","cat":327595},{"id":167219,"n":"Calendrier de l'Avent After Eight Chocolat Noël 199g","p":11.67,"u":"58,64 €/KG","img":"https://fd2-photos.leclercdrive.fr/image.ashx?id=2764613&use=l&cat=p&typeid=i","cat":336112},{"id":167240,"n":"Festif rochers Revillon Noir 70% & lait - 370g","p":11.47,"u":"31,00 €/KG","img":"https://fd2-photos.leclercdrive.fr/image.ashx?id=2661661&use=l&cat=p&typeid=i","cat":327597},{"id":167243,"n":"Papillotes Révillon Noir 70% Féerique- 360g","p":11.28,"u":"31,33 €/KG","img":"https://fd2-photos.leclercdrive.fr/image.ashx?id=2863272&use=l&cat=p&typeid=i","cat":327597},{"id":167244,"n":"Papillotes Revillon Lait   Féerique - 360g","p":10.99,"u":"30,53 €/KG","img":"https://fd2-photos.leclercdrive.fr/image.ashx?id=2863269&use=l&cat=p&typeid=i","cat":327597},{"id":167246,"n":"Papillotes Revillon Noir Lait Féerique - 360g","p":11.28,"u":"31,33 €/KG","img":"https://fd2-photos.leclercdrive.fr/image.ashx?id=2863275&use=l&cat=p&typeid=i","cat":327597},{"id":167304,"n":"Lait demi-écrémé Lactel 10x1L","p":9.99,"u":"1,00 €/L","img":"https://fd2-photos.leclercdrive.fr/image.ashx?id=2614146&use=l&cat=p&typeid=i","cat":284377},{"id":167306,"n":"Soupe Déshydratée Oignon KNORR 4 portions - 94g","p":1.18,"u":"12,55 €/KG","img":"https://fd2-photos.leclercdrive.fr/image.ashx?id=2780088&use=l&cat=p&typeid=i","cat":284463},{"id":167331,"n":"Cookies Mini Granola Pépites de chocolat - 110g","p":2.19,"u":"19,91 €/KG","img":"https://fd2-photos.leclercdrive.fr/image.ashx?id=2983489&use=l&cat=p&typeid=i","cat":325066},{"id":167375,"n":"Pois chiches d'aucy Bien Cultivés - 250g","p":1.9,"u":"7,60 €/KG","img":"https://fd2-photos.leclercdrive.fr/image.ashx?id=2800764&use=l&cat=p&typeid=i","cat":312609},{"id":167378,"n":"Haricots verts d'aucy  Bien Cultivés - 58cl","p":2.37,"u":"4,09 €/L","img":"https://fd2-photos.leclercdrive.fr/image.ashx?id=2800770&use=l&cat=p&typeid=i","cat":312606},{"id":167382,"n":"Pois carottes d'aucy  Bien Cultivés - 250g","p":1.86,"u":"7,44 €/KG","img":"https://fd2-photos.leclercdrive.fr/image.ashx?id=2835259&use=l&cat=p&typeid=i","cat":312607},{"id":167389,"n":"Pur jus d'orange Jafaden Sans pulpe - 90cl","p":2.15,"u":"2,39 €/L","img":"https://fd2-photos.leclercdrive.fr/image.ashx?id=2723159&use=l&cat=p&typeid=i","cat":285435},{"id":167390,"n":"Pur jus de pamplemousse Jafaden Avec pulpe - 90cl","p":1.88,"u":"2,09 €/L","img":"https://fd2-photos.leclercdrive.fr/image.ashx?id=2819639&use=l&cat=p&typeid=i","cat":285435},{"id":167391,"n":"Jus de pomme Jafaden 90cl","p":1.91,"u":"2,12 €/L","img":"https://fd2-photos.leclercdrive.fr/image.ashx?id=2723171&use=l&cat=p&typeid=i","cat":285435},{"id":167397,"n":"Pur jus d'orange Jafaden Avec pulpe - 90cl","p":2.21,"u":"2,46 €/L","img":"https://fd2-photos.leclercdrive.fr/image.ashx?id=2723156&use=l&cat=p&typeid=i","cat":285435},{"id":167416,"n":"Gel douche Le Petit Marseillais Noix de coco - 250ml","p":1.49,"u":"5,96 €/L","img":"https://fd2-photos.leclercdrive.fr/image.ashx?id=2681856&use=l&cat=p&typeid=i","cat":284594},{"id":167420,"n":"Compote bébé Blédina 6 mois  Pomme mangue - 4x130g","p":2.66,"u":"5,12 €/KG","img":"https://fd2-photos.leclercdrive.fr/image.ashx?id=2901656&use=l&cat=p&typeid=i","cat":312387},{"id":167529,"n":"Lait bébé en poudre Gallia Calisma 1er âge 0-6 mois 830g","p":15.45,"u":"18,61 €/KG","img":"https://fd2-photos.leclercdrive.fr/image.ashx?id=2456201&use=l&cat=p&typeid=i","cat":284726},{"id":167530,"n":"Lait bébé en poudre Gallia Calisma 2e âge 6-12 mois 830g","p":14.95,"u":"18,01 €/KG","img":"https://fd2-photos.leclercdrive.fr/image.ashx?id=2479730&use=l&cat=p&typeid=i","cat":284727},{"id":167533,"n":"Tagliatelle Lustucru Selection  360g","p":1.41,"u":"3,92 €/KG","img":"https://fd2-photos.leclercdrive.fr/image.ashx?id=2885351&use=l&cat=p&typeid=i","cat":333682},{"id":167534,"n":"Tagliatelle Lustucru Selection  Maxi 600g","p":2.22,"u":"3,70 €/KG","img":"https://fd2-photos.leclercdrive.fr/image.ashx?id=2792399&use=l&cat=p&typeid=i","cat":333682},{"id":167535,"n":"Fettucini Lustucru Selection  350g","p":1.81,"u":"5,17 €/KG","img":"https://fd2-photos.leclercdrive.fr/image.ashx?id=2792402&use=l&cat=p&typeid=i","cat":333682},{"id":167549,"n":"Découpe de canard  La Nouvelle Agriculture - 200g","p":6.35,"u":"31,75 €/KG","img":"https://fd2-photos.leclercdrive.fr/image.ashx?id=2364285&use=l&cat=p&typeid=i","cat":284339},{"id":167559,"n":"Viande hachée charolaise 5%MG Socopa Délice du chef  - 300g","p":4.96,"u":"16,53 €/KG","img":"https://fd2-photos.leclercdrive.fr/image.ashx?id=2456198&use=l&cat=p&typeid=i","cat":284332},{"id":167561,"n":"Brique pur jus Jafaden Multifruits - 1,5L","p":2.82,"u":"1,88 €/L","img":"https://fd2-photos.leclercdrive.fr/image.ashx?id=2916722&use=l&cat=p&typeid=i","cat":285435},{"id":167612,"n":"Lessive Epsil Perfect Tri Doses Pure fraîcheur x20 - 490ml","p":4.99,"u":"10,18 €/L","img":"https://fd2-photos.leclercdrive.fr/image.ashx?id=2450122&use=l&cat=p&typeid=i","cat":284641},{"id":167646,"n":"Rhum Havana Club Cuban Spiced 35% vol - 70cl","p":20.24,"u":"28,91 €/L","img":"https://fd2-photos.leclercdrive.fr/image.ashx?id=2839415&use=l&cat=p&typeid=i","cat":284550},{"id":167783,"n":"Tarte en Or feuilletée Herta Sans huile de palme - 230g","p":1.76,"u":"7,65 €/KG","img":"https://fd2-photos.leclercdrive.fr/image.ashx?id=2907938&use=l&cat=p&typeid=i","cat":333681},{"id":168093,"n":"Bière aromatisée GrimbergenRoug Rouge 5,5° - 12x25cl","p":10.1,"u":"3,37 €/L","img":"https://fd2-photos.leclercdrive.fr/image.ashx?id=2873324&use=l&cat=p&typeid=i","cat":334878},{"id":168168,"n":"Huile d'olive Cauvin Vierge Extra - 75cl","p":9.48,"u":"12,64 €/L","img":"https://fd2-photos.leclercdrive.fr/image.ashx?id=2498353&use=l&cat=p&typeid=i","cat":284453},{"id":168207,"n":"Foie gras de canard Jean Larnaudie - 170g","p":29.9,"u":"175,88 €/KG","img":"https://fd2-photos.leclercdrive.fr/image.ashx?id=2228594&use=l&cat=p&typeid=i","cat":316008},{"id":168248,"n":"Mini Gaufrettes Knoppers Lait Noisettes - 200g","p":3.05,"u":"15,25 €/KG","img":"https://fd2-photos.leclercdrive.fr/image.ashx?id=2457425&use=l&cat=p&typeid=i","cat":284488},{"id":168249,"n":"Gaufrettes Knoppers Lait Noisettes - 3x25g","p":1.33,"u":"17,73 €/KG","img":"https://fd2-photos.leclercdrive.fr/image.ashx?id=2659094&use=l&cat=p&typeid=i","cat":284488},{"id":168301,"n":"Skyr Yoplait  Nature 0%Mg - 850g","p":2.99,"u":"3,52 €/KG","img":"https://fd2-photos.leclercdrive.fr/image.ashx?id=2884444&use=l&cat=p&typeid=i","cat":315000},{"id":168307,"n":"Poulet émincé Isla Délice Spécial Kebab's - 400g","p":5.97,"u":"14,93 €/KG","img":"https://fd2-photos.leclercdrive.fr/image.ashx?id=2226457&use=l&cat=p&typeid=i","cat":319780},{"id":168313,"n":"Les 3 Légumes Bonduelle Précuit vapeur - 750g","p":3.26,"u":"4,35 €/KG","img":"https://fd2-photos.leclercdrive.fr/image.ashx?id=2876167&use=l&cat=p&typeid=i","cat":319805},{"id":168316,"n":"Steaks hachés Charal Pur Bœuf 5% MG 4x100g - 400g","p":8.36,"u":"20,90 €/KG","img":"https://fd2-photos.leclercdrive.fr/image.ashx?id=2741994&use=l&cat=p&typeid=i","cat":319778},{"id":168391,"n":"Jus de pomme désucré Jafaden 1L","p":1.39,"u":"1,39 €/L","img":"https://fd2-photos.leclercdrive.fr/image.ashx?id=2227035&use=l&cat=p&typeid=i","cat":284522},{"id":168569,"n":"Boulettes au bœuf Charal x30 - 900g","p":8.41,"u":"9,34 €/KG","img":"https://fd2-photos.leclercdrive.fr/image.ashx?id=2901845&use=l&cat=p&typeid=i","cat":319779},{"id":168656,"n":"Schoko-bons white Kinder Chocolat - 300g","p":6.72,"u":"22,40 €/KG","img":"https://fd2-photos.leclercdrive.fr/image.ashx?id=2918071&use=l&cat=p&typeid=i","cat":327592},{"id":168676,"n":"Compotes Pom'Potes Gourdes  Multivariétés Inédits - 20x90g","p":8.11,"u":"4,51 €/KG","img":"https://fd2-photos.leclercdrive.fr/image.ashx?id=2870179&use=l&cat=p&typeid=i","cat":284508},{"id":168678,"n":"Compotes Pom'Potes Gourdes  Pomme Fraise - 4x90g","p":2.19,"u":"6,08 €/KG","img":"https://fd2-photos.leclercdrive.fr/image.ashx?id=2400615&use=l&cat=p&typeid=i","cat":284508},{"id":168990,"n":"Burgers Eco+ x10 - 1kg","p":6.53,"u":"6,53 €/KG","img":"https://fd2-photos.leclercdrive.fr/image.ashx?id=2966523&use=l&cat=p&typeid=i","cat":319778},{"id":168992,"n":"Nuggets de volaille Eco+ 500g","p":2.18,"u":"4,36 €/KG","img":"https://fd2-photos.leclercdrive.fr/image.ashx?id=2233397&use=l&cat=p&typeid=i","cat":319780},{"id":168993,"n":"Viande hachée Eco+  800g","p":9.49,"u":"11,86 €/KG","img":"https://fd2-photos.leclercdrive.fr/image.ashx?id=2966526&use=l&cat=p&typeid=i","cat":319779},{"id":168994,"n":"Yaourt Enfant Petits Filous Tubs Aromatisés - x15","p":2.92,"u":"5,26 €/KG","img":"https://fd2-photos.leclercdrive.fr/image.ashx?id=2811038&use=l&cat=p&typeid=i","cat":284415},{"id":168995,"n":"Yaourt brassé Perle de Lait Vanille - 4x125g","p":1.85,"u":"3,70 €/KG","img":"https://fd2-photos.leclercdrive.fr/image.ashx?id=2939715&use=l&cat=p&typeid=i","cat":314999},{"id":169003,"n":"Yaourt brassé Perle de Lait Nature - 4x125g","p":1.72,"u":"3,44 €/KG","img":"https://fd2-photos.leclercdrive.fr/image.ashx?id=2939706&use=l&cat=p&typeid=i","cat":314999},{"id":169026,"n":"Pané de colin d'Alaska Eco+ x5 - 800g","p":4.49,"u":"5,61 €/KG","img":"https://fd2-photos.leclercdrive.fr/image.ashx?id=2804323&use=l&cat=p&typeid=i","cat":319788},{"id":169057,"n":"Pizza Margherita Eco+ x3 - 900g","p":2.62,"u":"2,91 €/KG","img":"https://fd2-photos.leclercdrive.fr/image.ashx?id=2781176&use=l&cat=p&typeid=i","cat":284256},{"id":169342,"n":"Lardons fumés Herta 200g","p":2.16,"u":"10,80 €/KG","img":"https://fd2-photos.leclercdrive.fr/image.ashx?id=2939307&use=l&cat=p&typeid=i","cat":316011},{"id":169344,"n":"Lardons fumés Herta Sans nitrite - 2x75g","p":1.8,"u":"12,00 €/KG","img":"https://fd2-photos.leclercdrive.fr/image.ashx?id=2731369&use=l&cat=p&typeid=i","cat":316011},{"id":169345,"n":"Lardons nature Herta 200g","p":2.16,"u":"10,80 €/KG","img":"https://fd2-photos.leclercdrive.fr/image.ashx?id=2731357&use=l&cat=p&typeid=i","cat":316011},{"id":169346,"n":"Allumettes fumées Herta Sans nitrite - 2x75g","p":1.75,"u":"11,67 €/KG","img":"https://fd2-photos.leclercdrive.fr/image.ashx?id=2868903&use=l&cat=p&typeid=i","cat":316011},{"id":169347,"n":"Allumettes nature Herta Sans nitrite - 2x75g","p":1.83,"u":"12,20 €/KG","img":"https://fd2-photos.leclercdrive.fr/image.ashx?id=2868906&use=l&cat=p&typeid=i","cat":316011},{"id":169351,"n":"Allumettes fumées Herta 200g","p":1.87,"u":"9,35 €/KG","img":"https://fd2-photos.leclercdrive.fr/image.ashx?id=2817458&use=l&cat=p&typeid=i","cat":316011},{"id":169353,"n":"Pâte feuilletée Herta Tarte en Or - 230g","p":0.94,"u":"4,09 €/KG","img":"https://fd2-photos.leclercdrive.fr/image.ashx?id=2918658&use=l&cat=p&typeid=i","cat":333681},{"id":169354,"n":"Pâte brisée Herta Tarte en Or - 230g","p":0.97,"u":"4,22 €/KG","img":"https://fd2-photos.leclercdrive.fr/image.ashx?id=2739189&use=l&cat=p&typeid=i","cat":333681},{"id":169429,"n":"Tendres Effilés en Gelée Felix Selection poissons 12x85g","p":4.91,"u":"4,81 €/KG","img":"https://fd2-photos.leclercdrive.fr/image.ashx?id=2995439&use=l&cat=p&typeid=i","cat":285286},{"id":169430,"n":"Tendres Effilés en Gelée Felix Selection campagne 12x85g","p":4.85,"u":"4,75 €/KG","img":"https://fd2-photos.leclercdrive.fr/image.ashx?id=2957668&use=l&cat=p&typeid=i","cat":285286},{"id":169432,"n":"Tendres Effilés en Gelée Felix Selection mixte - 24x85g","p":8.87,"u":"4,35 €/KG","img":"https://fd2-photos.leclercdrive.fr/image.ashx?id=2869651&use=l&cat=p&typeid=i","cat":285286},{"id":169443,"n":"Tendres Effilés Gelée 44x85g","p":16.34,"u":"4,37 €/KG","img":"https://fd2-photos.leclercdrive.fr/image.ashx?id=2957674&use=l&cat=p&typeid=i","cat":285286},{"id":169445,"n":"Duos en gelée Felix Selection campagne - 44x85g","p":16.67,"u":"4,46 €/KG","img":"https://fd2-photos.leclercdrive.fr/image.ashx?id=2976857&use=l&cat=p&typeid=i","cat":285286},{"id":169447,"n":"Emincés En Gelée Felix Selection mixte - 12x85g","p":4.17,"u":"4,09 €/KG","img":"https://fd2-photos.leclercdrive.fr/image.ashx?id=2869657&use=l&cat=p&typeid=i","cat":285286},{"id":169448,"n":"Emincés En Gelée  Felix Volaille légumes - 12x85g","p":4.06,"u":"3,98 €/KG","img":"https://fd2-photos.leclercdrive.fr/image.ashx?id=2909212&use=l&cat=p&typeid=i","cat":285286},{"id":169511,"n":"Margarine Oméga 3 Fruit d'Or Sans huile de palme - 450g","p":2.88,"u":"6,40 €/KG","img":"https://fd2-photos.leclercdrive.fr/image.ashx?id=2887329&use=l&cat=p&typeid=i","cat":315229},{"id":169559,"n":"Père Noël Smarties Bleu - 85g","p":2.96,"u":"34,82 €/KG","img":"https://fd2-photos.leclercdrive.fr/image.ashx?id=2265626&use=l&cat=p&typeid=i","cat":327592},{"id":169723,"n":"Farce de volaille Maitre Coq Marrons et raisins - 400g","p":3.65,"u":"9,13 €/KG","img":"https://fd2-photos.leclercdrive.fr/image.ashx?id=2242119&use=l&cat=p&typeid=i","cat":284332},{"id":169732,"n":"Plateau Saveurs de Terroirs 5 fromages - 300g","p":5.0,"u":"16,67 €/KG","img":"https://fd2-photos.leclercdrive.fr/image.ashx?id=2580122&use=l&cat=p&typeid=i","cat":314036},{"id":170322,"n":"Sauce à la truffe blanche d'été Charal - 120g","p":1.79,"pp":1.49,"u":"12,42 €/KG","img":"https://fd2-photos.leclercdrive.fr/image.ashx?id=2245508&use=l&cat=p&typeid=i","cat":327293},{"id":170434,"n":"Matelote de thon D'Aucy Petits légumes 300g","p":2.91,"u":"9,70 €/KG","img":"https://fd2-photos.leclercdrive.fr/image.ashx?id=2247538&use=l&cat=p&typeid=i","cat":284953},{"id":170561,"n":"Friandises chien Tous mes Amis Sticks au Boeuf - 3x11g","p":0.5,"u":"15,15 €/KG","img":"https://fd2-photos.leclercdrive.fr/image.ashx?id=2302265&use=l&cat=p&typeid=i","cat":294527},{"id":170778,"n":"Bloc de foie gras Jean Larnaudie - 230g","p":24.97,"u":"108,57 €/KG","img":"https://fd2-photos.leclercdrive.fr/image.ashx?id=2915811&use=l&cat=p&typeid=i","cat":316008},{"id":170935,"n":"Rhum Havana Club 3 ans 37,5% vol - 1L","p":22.09,"u":"22,09 €/L","img":"https://fd2-photos.leclercdrive.fr/image.ashx?id=2953992&use=l&cat=p&typeid=i","cat":284550},{"id":171004,"n":"Ramen nouilles Tanoshi Soja Caramel - 360g","p":2.83,"u":"7,86 €/KG","img":"https://fd2-photos.leclercdrive.fr/image.ashx?id=2922971&use=l&cat=p&typeid=i","cat":288992},{"id":171010,"n":"Foie gras de canard IGP Nos Régions ont du Talent 125g","p":13.5,"u":"108,00 €/KG","img":"https://fd2-photos.leclercdrive.fr/image.ashx?id=2743912&use=l&cat=p&typeid=i","cat":316008},{"id":171068,"n":"Gel douche So Bio Etic Fleur d'oranger bio - 450ml","p":5.4,"u":"12,00 €/L","img":"https://fd2-photos.leclercdrive.fr/image.ashx?id=2794487&use=l&cat=p&typeid=i","cat":284594},{"id":171070,"n":"Gel douche So Bio Etic Abricot bio - 450ml","p":5.36,"u":"11,91 €/L","img":"https://fd2-photos.leclercdrive.fr/image.ashx?id=2793629&use=l&cat=p&typeid=i","cat":284594},{"id":171187,"n":"Barres glacées Snickers  Caramel & Cacahuètes x12 - 547g","p":4.47,"u":"8,17 €/KG","img":"https://fd2-photos.leclercdrive.fr/image.ashx?id=2295505&use=l&cat=p&typeid=i","cat":284264},{"id":171188,"n":"Glace Barre Glacée Snickers  Caramel & Cacahuètes x6 - 274g","p":3.55,"u":"12,96 €/KG","img":"https://fd2-photos.leclercdrive.fr/image.ashx?id=2295508&use=l&cat=p&typeid=i","cat":284264},{"id":171191,"n":"Barre glacée Mars  Caramel x6 - 240g","p":3.14,"img":"https://fd2-photos.leclercdrive.fr/image.ashx?id=2295924&use=l&cat=p&typeid=i","cat":284264},{"id":171409,"n":"Sac poubelle Elembal 50L - x40","p":5.99,"u":"0,15 €/P","img":"https://fd2-photos.leclercdrive.fr/image.ashx?id=2793311&use=l&cat=p&typeid=i","cat":285168},{"id":171470,"n":"Shampooing Klorane Grenade Cheveux colorés - 400ml","p":10.49,"u":"26,23 €/L","img":"https://fd2-photos.leclercdrive.fr/image.ashx?id=2878960&use=l&cat=p&typeid=i","cat":290400},{"id":171494,"n":"Shampooing Pivoine bio Klorane Apaisant anti-irritant - 400ml","p":9.49,"u":"23,73 €/L","img":"https://fd2-photos.leclercdrive.fr/image.ashx?id=2968250&use=l&cat=p&typeid=i","cat":290400},{"id":171501,"n":"Soin après-shampooing Klorane Avoine - 200ml","p":9.8,"u":"49,00 €/L","img":"https://fd2-photos.leclercdrive.fr/image.ashx?id=2788604&use=l&cat=p&typeid=i","cat":290400},{"id":171527,"n":"Shampooing volume Klorane aux fibres de lin - 400ml","p":10.49,"u":"26,23 €/L","img":"https://fd2-photos.leclercdrive.fr/image.ashx?id=2878969&use=l&cat=p&typeid=i","cat":290400},{"id":171544,"n":"Emulsion Keracny PP+ Ducray Traitante purifiante - 30ml","p":12.89,"u":"429,67 €/L","img":"https://fd2-photos.leclercdrive.fr/image.ashx?id=2968241&use=l&cat=p&typeid=i","cat":291166},{"id":171548,"n":"Gel moussant Keracnyl Ducray Nettoyant purifiant - 400ml","p":9.89,"u":"24,73 €/L","img":"https://fd2-photos.leclercdrive.fr/image.ashx?id=2733127&use=l&cat=p&typeid=i","cat":291166},{"id":171550,"n":"Emulsion Keracnyl Ducray Glycolic - 30ml","p":11.89,"u":"396,33 €/L","img":"https://fd2-photos.leclercdrive.fr/image.ashx?id=2968244&use=l&cat=p&typeid=i","cat":291166},{"id":171566,"n":"Lait démaquillant A-Derma hydra nettoyant bio - 400ml","p":14.89,"u":"37,23 €/L","img":"https://fd2-photos.leclercdrive.fr/image.ashx?id=2374165&use=l&cat=p&typeid=i","cat":301587},{"id":171569,"n":"Eau micellaire A-Derma Biology nettoyante bio - 400ml","p":10.25,"u":"25,63 €/L","img":"https://fd2-photos.leclercdrive.fr/image.ashx?id=2290065&use=l&cat=p&typeid=i","cat":301587},{"id":171570,"n":"Crème riche A-Derma Biology Hydratante bio - 40ml","p":13.98,"u":"349,50 €/L","img":"https://fd2-photos.leclercdrive.fr/image.ashx?id=2377196&use=l&cat=p&typeid=i","cat":291171},{"id":171571,"n":"Crème légère A-Derma Biology hydratante bio - 40ml","p":13.98,"u":"349,50 €/L","img":"https://fd2-photos.leclercdrive.fr/image.ashx?id=2377199&use=l&cat=p&typeid=i","cat":291171},{"id":171575,"n":"Soin dermatologique A-Derma Biology Anti-rougeurs bio -40ml","p":14.35,"u":"358,75 €/L","img":"https://fd2-photos.leclercdrive.fr/image.ashx?id=2377205&use=l&cat=p&typeid=i","cat":291171},{"id":171674,"n":"Shampooing Kertyol PSO Ducray Anti-démangeaison - 200ml","p":11.89,"u":"59,45 €/L","img":"https://fd2-photos.leclercdrive.fr/image.ashx?id=2394807&use=l&cat=p&typeid=i","cat":290400},{"id":171680,"n":"Crème Densitium SVR 50ml","p":35.49,"u":"709,80 €/L","img":"https://fd2-photos.leclercdrive.fr/image.ashx?id=2971661&use=l&cat=p&typeid=i","cat":291171},{"id":171719,"n":"Lessive Epsil Perfect Tri-Doses Fleurie x20 - 490ml","p":4.49,"u":"9,16 €/L","img":"https://fd2-photos.leclercdrive.fr/image.ashx?id=2450119&use=l&cat=p&typeid=i","cat":284641},{"id":171836,"n":"Céréales Trésor Kellogg's Chocolat au lait - 620g","p":4.39,"u":"7,08 €/KG","img":"https://fd2-photos.leclercdrive.fr/image.ashx?id=2598334&use=l&cat=p&typeid=i","cat":309513},{"id":172592,"n":"Fromage blanc 0%MG Light & Free Vanille - 4x120g","p":1.94,"u":"4,04 €/KG","img":"https://fd2-photos.leclercdrive.fr/image.ashx?id=3008005&use=l&cat=p&typeid=i","cat":315000},{"id":172649,"n":"Papier toilette Renova Progress - x40","p":9.97,"u":"0,25 €/P","img":"https://fd2-photos.leclercdrive.fr/image.ashx?id=2279894&use=l&cat=p&typeid=i","cat":284634},{"id":172718,"n":"Lessive en poudre Xeor Savon de Marseille x50 - 2.5kg","p":5.99,"u":"2,40 €/KG","img":"https://fd2-photos.leclercdrive.fr/image.ashx?id=2450161&use=l&cat=p&typeid=i","cat":284642},{"id":172725,"n":"Eau aromatisée San Pellegrino Limonata - 6x33cl","p":3.72,"u":"1,88 €/L","img":"https://fd2-photos.leclercdrive.fr/image.ashx?id=2525816&use=l&cat=p&typeid=i","cat":284536},{"id":172727,"n":"Eau aromatisée San Pellegrino Melograno e arancia - 6x33cl","p":4.51,"u":"2,28 €/L","img":"https://fd2-photos.leclercdrive.fr/image.ashx?id=2551555&use=l&cat=p&typeid=i","cat":284536},{"id":172731,"n":"Tablette chocolat Milka Chocolat au lait - 3x100g","p":4.28,"u":"14,27 €/KG","img":"https://fd2-photos.leclercdrive.fr/image.ashx?id=3009137&use=l&cat=p&typeid=i","cat":284497},{"id":173326,"n":"Soupe liquide Liebig  Poissons - 2x30cl","p":2.8,"u":"4,67 €/L","img":"https://fd2-photos.leclercdrive.fr/image.ashx?id=2604452&use=l&cat=p&typeid=i","cat":287366},{"id":173443,"n":"Beurre demi-sel Tendrissime Président - 225g","p":2.95,"u":"13,11 €/KG","img":"https://fd2-photos.leclercdrive.fr/image.ashx?id=2887677&use=l&cat=p&typeid=i","cat":284379},{"id":173989,"n":"Porc au caramel Paul et Louise Et son riz - 300g","p":2.93,"u":"9,77 €/KG","img":"https://fd2-photos.leclercdrive.fr/image.ashx?id=3008464&use=l&cat=p&typeid=i","cat":284953},{"id":173998,"n":"Cylindre d'échange CO2 Sodastream - A clipser - 60L","p":9.98,"img":"https://fd2-photos.leclercdrive.fr/image.ashx?id=2650816&use=l&cat=p&typeid=i","cat":334140},{"id":174145,"n":"Confiture Douceur du Verger Cerises - 370 g","p":1.27,"u":"3,43 €/KG","img":"https://fd2-photos.leclercdrive.fr/image.ashx?id=2965599&use=l&cat=p&typeid=i","cat":284480},{"id":174147,"n":"Confiture Douceur du Verger Châtaignes/vanille - 370g","p":1.72,"u":"4,65 €/KG","img":"https://fd2-photos.leclercdrive.fr/image.ashx?id=2965593&use=l&cat=p&typeid=i","cat":284480},{"id":174148,"n":"Confiture Douceur du Verger Pêches - 370 g","p":1.6,"u":"4,32 €/KG","img":"https://fd2-photos.leclercdrive.fr/image.ashx?id=2965602&use=l&cat=p&typeid=i","cat":284480},{"id":174149,"n":"Confiture Douceur du Verger Fraises - 370 g","p":1.12,"u":"3,03 €/KG","img":"https://fd2-photos.leclercdrive.fr/image.ashx?id=2965542&use=l&cat=p&typeid=i","cat":284480},{"id":174150,"n":"Confiture Douceur du Verger Framboises - 370 g","p":1.99,"u":"5,38 €/KG","img":"https://fd2-photos.leclercdrive.fr/image.ashx?id=2965575&use=l&cat=p&typeid=i","cat":284480},{"id":174151,"n":"Confiture Douceur du Verger 4 fruits rouges - 370 g","p":1.18,"u":"3,19 €/KG","img":"https://fd2-photos.leclercdrive.fr/image.ashx?id=2965551&use=l&cat=p&typeid=i","cat":284480},{"id":174152,"n":"Sauce Tomate Provençale Panzani - 210G","p":1.18,"u":"5,62 €/KG","img":"https://fd2-photos.leclercdrive.fr/image.ashx?id=2880691&use=l&cat=p&typeid=i","cat":299047},{"id":174153,"n":"Sauce tomates cuisinées Panzani 210g","p":1.15,"u":"5,48 €/KG","img":"https://fd2-photos.leclercdrive.fr/image.ashx?id=2880688&use=l&cat=p&typeid=i","cat":299047},{"id":174154,"n":"Sauce Tomate Basilic Panzani - 210G","p":1.15,"u":"5,48 €/KG","img":"https://fd2-photos.leclercdrive.fr/image.ashx?id=2881290&use=l&cat=p&typeid=i","cat":288384},{"id":174155,"n":"Sauce tomate Panzani Provençale - 425g","p":1.39,"u":"3,27 €/KG","img":"https://fd2-photos.leclercdrive.fr/image.ashx?id=2742866&use=l&cat=p&typeid=i","cat":288384},{"id":174156,"n":"Sauce tomates cuisinées Panzani 425g","p":1.54,"u":"3,62 €/KG","img":"https://fd2-photos.leclercdrive.fr/image.ashx?id=2977276&use=l&cat=p&typeid=i","cat":288384},{"id":174157,"n":"Sauce Tomate Basilic Panzani - 400G","p":2.06,"u":"5,15 €/KG","img":"https://fd2-photos.leclercdrive.fr/image.ashx?id=2968088&use=l&cat=p&typeid=i","cat":288384},{"id":174158,"n":"Sauce Tomate Provençale Panzani - 650G","p":2.09,"u":"3,22 €/KG","img":"https://fd2-photos.leclercdrive.fr/image.ashx?id=2977942&use=l&cat=p&typeid=i","cat":299047},{"id":174159,"n":"Sauce Tomate Basilic Panzani - 650G","p":2.34,"u":"3,60 €/KG","img":"https://fd2-photos.leclercdrive.fr/image.ashx?id=2977945&use=l&cat=p&typeid=i","cat":288384},{"id":174160,"n":"Sauce tomates fraîches Panzani 3x190g","p":2.52,"u":"4,42 €/KG","img":"https://fd2-photos.leclercdrive.fr/image.ashx?id=2835274&use=l&cat=p&typeid=i","cat":288384},{"id":174176,"n":"Oeufs frais Matines x20","p":4.42,"u":"0,22 €/P","img":"https://fd2-photos.leclercdrive.fr/image.ashx?id=2432268&use=l&cat=p&typeid=i","cat":284378},{"id":174189,"n":"Beignets de calamar Eco+ 500g","p":2.46,"u":"4,92 €/KG","img":"https://fd2-photos.leclercdrive.fr/image.ashx?id=2690955&use=l&cat=p&typeid=i","cat":319788},{"id":174192,"n":"Filet de saumon de Norvège ASC  L'Atelier Poissonnerie - 600g","p":12.94,"u":"21,57 €/KG","img":"https://fd2-photos.leclercdrive.fr/image.ashx?id=3004402&use=l&cat=p&typeid=i","cat":284342},{"id":174196,"n":"Viande hachée 15% MG Férial 1kg","p":12.79,"u":"12,79 €/KG","img":"https://fd2-photos.leclercdrive.fr/image.ashx?id=2630094&use=l&cat=p&typeid=i","cat":284332},{"id":174223,"n":"Pur jus de pomme Eco  1L","p":1.47,"u":"1,47 €/L","img":"https://fd2-photos.leclercdrive.fr/image.ashx?id=2779877&use=l&cat=p&typeid=i","cat":285435},{"id":174398,"n":"Eponges grattantes Eco + x6","p":0.96,"u":"0,16 €/P","img":"https://fd2-photos.leclercdrive.fr/image.ashx?id=2761295&use=l&cat=p&typeid=i","cat":284667},{"id":174517,"n":"Pur jus multifruits Jafaden 90cl","p":1.7,"u":"1,89 €/L","img":"https://fd2-photos.leclercdrive.fr/image.ashx?id=2723153&use=l&cat=p&typeid=i","cat":285435},{"id":174569,"n":"Couscous Ferrero Grain moyen - 1kg+500g offert","p":2.27,"u":"1,51 €/KG","img":"https://fd2-photos.leclercdrive.fr/image.ashx?id=2901653&use=l&cat=p&typeid=i","cat":284429},{"id":174710,"n":"Confiture Douceur du Verger Mirabelles - 370g","p":1.64,"u":"4,43 €/KG","img":"https://fd2-photos.leclercdrive.fr/image.ashx?id=2965560&use=l&cat=p&typeid=i","cat":284480},{"id":174712,"n":"Confiture Douceur du Verger Figues - 370g","p":1.58,"u":"4,27 €/KG","img":"https://fd2-photos.leclercdrive.fr/image.ashx?id=2965587&use=l&cat=p&typeid=i","cat":284480},{"id":174815,"n":"Confiture Douceur du Verger Myrtilles - 370g","p":1.72,"u":"4,65 €/KG","img":"https://fd2-photos.leclercdrive.fr/image.ashx?id=2965590&use=l&cat=p&typeid=i","cat":284480},{"id":174816,"n":"Confiture Douceur du Verger Rhubarbe - 370g","p":1.69,"u":"4,57 €/KG","img":"https://fd2-photos.leclercdrive.fr/image.ashx?id=2965584&use=l&cat=p&typeid=i","cat":284480},{"id":174832,"n":"Saucisses de Toulouse x4 Soutenons Nos Agriculteurs 400g","p":3.98,"u":"9,95 €/KG","img":"https://fd2-photos.leclercdrive.fr/image.ashx?id=2835232&use=l&cat=p&typeid=i","cat":284334},{"id":174833,"n":"Chipolatas x6 Soutenons Nos Agriculteurs 330g","p":4.5,"u":"13,64 €/KG","img":"https://fd2-photos.leclercdrive.fr/image.ashx?id=2716018&use=l&cat=p&typeid=i","cat":284334},{"id":174834,"n":"Chair à saucisse Soutenons Nos Agriculteurs 500g","p":5.11,"u":"10,22 €/KG","img":"https://fd2-photos.leclercdrive.fr/image.ashx?id=2831305&use=l&cat=p&typeid=i","cat":284332},{"id":174835,"n":"Chipolatas aux herbes x6 Soutenons Nos Agriculteurs 330g","p":4.1,"u":"12,42 €/KG","img":"https://fd2-photos.leclercdrive.fr/image.ashx?id=2835235&use=l&cat=p&typeid=i","cat":284334},{"id":174836,"n":"Steak haché façon bouchère x2 Soutenons Nos Agriculteurs 200g","p":4.49,"u":"22,45 €/KG","img":"https://fd2-photos.leclercdrive.fr/image.ashx?id=2930561&use=l&cat=p&typeid=i","cat":284332},{"id":174881,"n":"Carottes râpées Bonduelle Au Citron de Sicile - 320g","p":1.31,"u":"4,09 €/KG","img":"https://fd2-photos.leclercdrive.fr/image.ashx?id=2894194&use=l&cat=p&typeid=i","cat":333657},{"id":174887,"n":"Concombre Bonduelle Au Fromage blanc - 320g","p":1.98,"u":"6,19 €/KG","img":"https://fd2-photos.leclercdrive.fr/image.ashx?id=2905309&use=l&cat=p&typeid=i","cat":333657},{"id":174927,"n":"Viande hachée 15% MG Soutenons Nos Agriculteurs 300g","p":5.59,"u":"18,63 €/KG","img":"https://fd2-photos.leclercdrive.fr/image.ashx?id=2930558&use=l&cat=p&typeid=i","cat":284332},{"id":174931,"n":"Steak haché façon bouchère x4 Soutenons Nos Agriculteurs 400g","p":6.39,"u":"15,98 €/KG","img":"https://fd2-photos.leclercdrive.fr/image.ashx?id=2968070&use=l&cat=p&typeid=i","cat":319778},{"id":174941,"n":"Fromage blanc Engagé Soutenons Nos Agriculteurs 1kg","p":2.09,"u":"2,09 €/KG","img":"https://fd2-photos.leclercdrive.fr/image.ashx?id=2987175&use=l&cat=p&typeid=i","cat":284409},{"id":174998,"n":"Jambon supérieur 6 tranches Soutenons Nos Agriculteurs 210g","p":3.89,"u":"18,52 €/KG","img":"https://fd2-photos.leclercdrive.fr/image.ashx?id=2943710&use=l&cat=p&typeid=i","cat":316009},{"id":174999,"n":"Jambon superieur 4 tranches Soutenons Nos Agriculteurs 140g","p":2.66,"u":"19,00 €/KG","img":"https://fd2-photos.leclercdrive.fr/image.ashx?id=2943707&use=l&cat=p&typeid=i","cat":316009},{"id":175058,"n":"Pois chiches Bonduelle Cuits Dans Très Peu De Jus 265g","p":1.17,"u":"4,42 €/KG","img":"https://fd2-photos.leclercdrive.fr/image.ashx?id=2926272&use=l&cat=p&typeid=i","cat":312609},{"id":175125,"n":"Sauce Deluxe AMORA 250ml","p":1.89,"u":"7,56 €/L","img":"https://fd2-photos.leclercdrive.fr/image.ashx?id=3009266&use=l&cat=p&typeid=i","cat":318431},{"id":175420,"n":"Citron à jus Filière Panier du Primeur Sachet 1kg","p":2.45,"u":"2,45 €/KG","img":"https://fd2-photos.leclercdrive.fr/image.ashx?id=2627667&use=l&cat=p&typeid=i","cat":284356},{"id":175423,"n":"Mandarines Panier du Primeur Filet 1.5kg","p":3.99,"u":"2,66 €/KG","img":"https://fd2-photos.leclercdrive.fr/image.ashx?id=2922433&use=l&cat=p&typeid=i","cat":284356},{"id":175557,"n":"Crème Visage Jour Nivea Matifiante Peaux Mixtes - 50ml","p":3.79,"u":"75,80 €/L","img":"https://fd2-photos.leclercdrive.fr/image.ashx?id=2659139&use=l&cat=p&typeid=i","cat":325345},{"id":175572,"n":"Thé noir Earl Grey Bio Village Bio - x20 - 36g","p":1.09,"u":"30,28 €/KG","img":"https://fd2-photos.leclercdrive.fr/image.ashx?id=2897913&use=l&cat=p&typeid=i","cat":293233},{"id":175574,"n":"Sauce bolognaise Panzani Extra riche - 400g","p":2.58,"u":"6,45 €/KG","img":"https://fd2-photos.leclercdrive.fr/image.ashx?id=2887527&use=l&cat=p&typeid=i","cat":299047},{"id":175586,"n":"Lentilles vertes Vivien Paille 1kg","p":3.6,"pp":2.38,"u":"2,38 €/KG","img":"https://fd2-photos.leclercdrive.fr/image.ashx?id=2285093&use=l&cat=p&typeid=i","cat":284430},{"id":175603,"n":"Thé vert bio Bio Village Menthe x20 - 36g","p":1.65,"u":"45,83 €/KG","img":"https://fd2-photos.leclercdrive.fr/image.ashx?id=2961722&use=l&cat=p&typeid=i","cat":293233},{"id":175763,"n":"Chocolat noir Novi Aux noisettes - 130g","p":2.95,"u":"22,69 €/KG","img":"https://fd2-photos.leclercdrive.fr/image.ashx?id=2294516&use=l&cat=p&typeid=i","cat":284956},{"id":175764,"n":"Chocolat blanc Novi Aux noisettes - 130g","p":3.03,"u":"23,31 €/KG","img":"https://fd2-photos.leclercdrive.fr/image.ashx?id=2294519&use=l&cat=p&typeid=i","cat":284957},{"id":175790,"n":"Sachet fraicheur chat Sheba Filets au poulet - 60g","p":1.08,"u":"18,00 €/KG","img":"https://fd2-photos.leclercdrive.fr/image.ashx?id=2287523&use=l&cat=p&typeid=i","cat":285286},{"id":175954,"n":"Sauce Bolognaise Panzani Extra riche - 200g","p":1.52,"u":"7,60 €/KG","img":"https://fd2-photos.leclercdrive.fr/image.ashx?id=2918574&use=l&cat=p&typeid=i","cat":287599},{"id":175984,"n":"Auto-bronzant Ambre Solaire  Brume corps - 150ml","p":9.65,"u":"64,33 €/L","img":"https://fd2-photos.leclercdrive.fr/image.ashx?id=2530630&use=l&cat=p&typeid=i","cat":325355},{"id":175986,"n":"Crème change bio Love & Green 100ml","p":6.67,"u":"66,70 €/L","img":"https://fd2-photos.leclercdrive.fr/image.ashx?id=2289267&use=l&cat=p&typeid=i","cat":284741},{"id":176027,"n":"Frites Classiques McCain Just Au Four - 700g","p":2.49,"u":"3,56 €/KG","img":"https://fd2-photos.leclercdrive.fr/image.ashx?id=2997340&use=l&cat=p&typeid=i","cat":319791},{"id":176029,"n":"Frites Classiques McCain Just Au Four - 1,69kg","p":5.02,"u":"2,97 €/KG","img":"https://fd2-photos.leclercdrive.fr/image.ashx?id=2771319&use=l&cat=p&typeid=i","cat":319791},{"id":176030,"n":"Frites Allumettes McCain Just Au Four - 700g","p":2.54,"u":"3,63 €/KG","img":"https://fd2-photos.leclercdrive.fr/image.ashx?id=2772491&use=l&cat=p&typeid=i","cat":319791},{"id":176031,"n":"Frites Allumettes McCain Just Au Four - 1,69kg","p":5.19,"u":"3,07 €/KG","img":"https://fd2-photos.leclercdrive.fr/image.ashx?id=2997343&use=l&cat=p&typeid=i","cat":319791},{"id":176033,"n":"Frites Steakhouse McCain Just Au Four - 700g","p":2.69,"u":"3,84 €/KG","img":"https://fd2-photos.leclercdrive.fr/image.ashx?id=2737921&use=l&cat=p&typeid=i","cat":319791},{"id":176034,"n":"Frites Express McCain Just Au Four - 600g","p":3.08,"u":"5,13 €/KG","img":"https://fd2-photos.leclercdrive.fr/image.ashx?id=2997337&use=l&cat=p&typeid=i","cat":319791},{"id":176036,"n":"Frites friteuse McCain Tradition - 1,080kg","p":2.78,"u":"2,57 €/KG","img":"https://fd2-photos.leclercdrive.fr/image.ashx?id=2737930&use=l&cat=p&typeid=i","cat":319791},{"id":176040,"n":"Frites friteuse McCain Golden Allumette - 1,080kg","p":2.89,"u":"2,68 €/KG","img":"https://fd2-photos.leclercdrive.fr/image.ashx?id=2737939&use=l&cat=p&typeid=i","cat":319791},{"id":176043,"n":"La Frite Belge McCain 1.080kg","p":2.96,"u":"2,74 €/KG","img":"https://fd2-photos.leclercdrive.fr/image.ashx?id=2737942&use=l&cat=p&typeid=i","cat":319791},{"id":176239,"n":"Gnocchi Lustucru Selection  390g","p":1.62,"u":"4,15 €/KG","img":"https://fd2-photos.leclercdrive.fr/image.ashx?id=2965999&use=l&cat=p&typeid=i","cat":333682},{"id":176295,"n":"Bonbons Ricola  Eucalyptus - 70g","p":1.65,"u":"23,57 €/KG","img":"https://fd2-photos.leclercdrive.fr/image.ashx?id=2647853&use=l&cat=p&typeid=i","cat":304252},{"id":176299,"n":"Biscottes Cracotte LU Fibre - 250g","p":2.15,"u":"8,60 €/KG","img":"https://fd2-photos.leclercdrive.fr/image.ashx?id=2871154&use=l&cat=p&typeid=i","cat":284479},{"id":176400,"n":"Gnocchi à poeler Lustucru  Lot de 2 + 1 offert - 900g","p":3.09,"u":"3,43 €/KG","img":"https://fd2-photos.leclercdrive.fr/image.ashx?id=2446671&use=l&cat=p&typeid=i","cat":333682},{"id":176535,"n":"Beurre bio Bio Village  Demi-sel - 80% MG - 250g","p":2.99,"u":"11,96 €/KG","img":"https://fd2-photos.leclercdrive.fr/image.ashx?id=2961719&use=l&cat=p&typeid=i","cat":284379},{"id":176604,"n":"Bière Blonde du Démon 12° - boite 50cl","p":1.82,"u":"3,64 €/L","img":"https://fd2-photos.leclercdrive.fr/image.ashx?id=2295400&use=l&cat=p&typeid=i","cat":334853},{"id":176614,"n":"Compotes Pom'Potes Gourdes  Explorateurs Les Incas - 12x90g","p":5.79,"u":"5,36 €/KG","img":"https://fd2-photos.leclercdrive.fr/image.ashx?id=2900740&use=l&cat=p&typeid=i","cat":284508},{"id":176615,"n":"Compotes Pom'Potes Gourdes  Battle Multivariétés - 12x90g","p":5.49,"u":"5,08 €/KG","img":"https://fd2-photos.leclercdrive.fr/image.ashx?id=2919745&use=l&cat=p&typeid=i","cat":284508},{"id":176643,"n":"Ananas en tranches Rochefontaine - 340g","p":2.46,"u":"7,24 €/KG","img":"https://fd2-photos.leclercdrive.fr/image.ashx?id=2624275&use=l&cat=p&typeid=i","cat":284507},{"id":176846,"n":"Knacki Original Herta x6 - 210g","p":1.5,"u":"7,14 €/KG","img":"https://fd2-photos.leclercdrive.fr/image.ashx?id=2299070&use=l&cat=p&typeid=i","cat":316012},{"id":176847,"n":"Knacki Original Herta x10 - 350g","p":1.65,"u":"4,71 €/KG","img":"https://fd2-photos.leclercdrive.fr/image.ashx?id=2304111&use=l&cat=p&typeid=i","cat":316012},{"id":176848,"n":"Knacki Original Herta Sans nitrite x6 - 210g","p":2.22,"u":"10,57 €/KG","img":"https://fd2-photos.leclercdrive.fr/image.ashx?id=2299073&use=l&cat=p&typeid=i","cat":316012},{"id":176929,"n":"Burger Moelleux Férial x2 - 220g","p":3.09,"u":"14,05 €/KG","img":"https://fd2-photos.leclercdrive.fr/image.ashx?id=2888407&use=l&cat=p&typeid=i","cat":284332},{"id":176930,"n":"Burger Moelleux Férial x4 - 440g","p":5.12,"u":"11,64 €/KG","img":"https://fd2-photos.leclercdrive.fr/image.ashx?id=2888410&use=l&cat=p&typeid=i","cat":284332},{"id":176940,"n":"Cuisse de canard 275g","p":3.61,"u":"13,13 €/KG","img":"https://fd2-photos.leclercdrive.fr/image.ashx?id=2415332&use=l&cat=p&typeid=i","cat":284339},{"id":176974,"n":"Tablette de chocolat noir Lindt Corsé 70% - 100g","p":2.48,"u":"24,80 €/KG","img":"https://fd2-photos.leclercdrive.fr/image.ashx?id=2299696&use=l&cat=p&typeid=i","cat":284956},{"id":176988,"n":"Bonbon à sucer Ricola Menthol Stévia - 50g","p":1.38,"u":"27,60 €/KG","img":"https://fd2-photos.leclercdrive.fr/image.ashx?id=2382201&use=l&cat=p&typeid=i","cat":304252},{"id":176990,"n":"Bonbon à sucer Ricola Citron melisse stévia - 50g","p":1.38,"u":"27,60 €/KG","img":"https://fd2-photos.leclercdrive.fr/image.ashx?id=2382207&use=l&cat=p&typeid=i","cat":304252},{"id":177003,"n":"Tiramisu au spéculoos Equador 2x100g","p":2.25,"u":"11,25 €/KG","img":"https://fd2-photos.leclercdrive.fr/image.ashx?id=2566691&use=l&cat=p&typeid=i","cat":284419},{"id":177217,"n":"Sorbet Plein Fruit L'Angélys Citron vert - 500g","p":5.18,"u":"10,36 €/KG","img":"https://fd2-photos.leclercdrive.fr/image.ashx?id=2963607&use=l&cat=p&typeid=i","cat":284263},{"id":177234,"n":"Sorbet Plein Fruit L'Angélys Mangue - 500g","p":5.18,"u":"10,36 €/KG","img":"https://fd2-photos.leclercdrive.fr/image.ashx?id=2963616&use=l&cat=p&typeid=i","cat":284263},{"id":177237,"n":"Sorbet Plein Fruit L'Angélys Poire - 500g","p":5.13,"u":"10,26 €/KG","img":"https://fd2-photos.leclercdrive.fr/image.ashx?id=2963637&use=l&cat=p&typeid=i","cat":284263},{"id":177260,"n":"Bâtonnets Manger Main Bio Yooji Haricots Pois Semoule 225g","p":3.57,"u":"15,87 €/KG","img":"https://fd2-photos.leclercdrive.fr/image.ashx?id=2529039&use=l&cat=p&typeid=i","cat":290631},{"id":177262,"n":"Bâtonnets Manger Main Bio Yooji Butternut Quinoa blanc - 225g","p":4.19,"u":"18,62 €/KG","img":"https://fd2-photos.leclercdrive.fr/image.ashx?id=2529036&use=l&cat=p&typeid=i","cat":290631},{"id":177366,"n":"Feuille de chêne verte  Bonduelle - 175g","p":1.93,"u":"11,03 €/KG","img":"https://fd2-photos.leclercdrive.fr/image.ashx?id=2894203&use=l&cat=p&typeid=i","cat":284353},{"id":177369,"n":"Feuille de chêne rouge Bonduelle - 125g","p":1.58,"u":"12,64 €/KG","img":"https://fd2-photos.leclercdrive.fr/image.ashx?id=2939268&use=l&cat=p&typeid=i","cat":284353},{"id":177381,"n":"Bière blonde Ch'ti 6.8% vol. - 75cl","p":2.87,"u":"3,83 €/L","img":"https://fd2-photos.leclercdrive.fr/image.ashx?id=2840169&use=l&cat=p&typeid=i","cat":334852},{"id":177431,"n":"Sirop Carambar Caramel - 75cl","p":3.64,"u":"4,85 €/L","img":"https://fd2-photos.leclercdrive.fr/image.ashx?id=2388550&use=l&cat=p&typeid=i","cat":295020},{"id":177434,"n":"Sirop Carambar Fraise - 75cl","p":3.37,"u":"4,49 €/L","img":"https://fd2-photos.leclercdrive.fr/image.ashx?id=2398913&use=l&cat=p&typeid=i","cat":295020},{"id":177480,"n":"Saucisses de Toulouse Férial Label Rouge - X4 - 400g","p":4.09,"u":"10,23 €/KG","img":"https://fd2-photos.leclercdrive.fr/image.ashx?id=2835241&use=l&cat=p&typeid=i","cat":284334},{"id":177652,"n":"Jambon Label Rouge Fleury Michon sans nitrite x4- 160g","p":3.79,"u":"23,69 €/KG","img":"https://fd2-photos.leclercdrive.fr/image.ashx?id=2923957&use=l&cat=p&typeid=i","cat":316009},{"id":177653,"n":"Blanc de poulet Fleury Michon Doré au Four x4 - 160g","p":1.57,"u":"9,81 €/KG","img":"https://fd2-photos.leclercdrive.fr/image.ashx?id=3008386&use=l&cat=p&typeid=i","cat":316010},{"id":177655,"n":"Blanc de poulet Fleury Michon Doré au Four x6 - 190g","p":1.83,"u":"9,63 €/KG","img":"https://fd2-photos.leclercdrive.fr/image.ashx?id=3004972&use=l&cat=p&typeid=i","cat":316010},{"id":177657,"n":"Blanc de dinde Fleury Michon Doré au Four x4 - 160g","p":2.17,"u":"13,56 €/KG","img":"https://fd2-photos.leclercdrive.fr/image.ashx?id=2816868&use=l&cat=p&typeid=i","cat":316010},{"id":177670,"n":"Crème fraîche entière Yoplait 30%MG - 450g","p":2.02,"u":"4,49 €/KG","img":"https://fd2-photos.leclercdrive.fr/image.ashx?id=2811044&use=l&cat=p&typeid=i","cat":284381},{"id":177672,"n":"Crème fraîche entière Yoplait 30%MG - 190g","p":0.93,"u":"4,89 €/KG","img":"https://fd2-photos.leclercdrive.fr/image.ashx?id=2811041&use=l&cat=p&typeid=i","cat":284381},{"id":177676,"n":"Skyr Yoplait  Nature 0%MG - 8x100G","p":3.4,"u":"4,25 €/KG","img":"https://fd2-photos.leclercdrive.fr/image.ashx?id=2884450&use=l&cat=p&typeid=i","cat":315000},{"id":177677,"n":"Skyr Yoplait  Lit Fruits Rouges 0%MG - 8x100G","p":3.35,"u":"4,19 €/KG","img":"https://fd2-photos.leclercdrive.fr/image.ashx?id=2884453&use=l&cat=p&typeid=i","cat":315000},{"id":177698,"n":"Knacki Original Herta Sans nitrite x4 - 140g","p":1.97,"u":"14,07 €/KG","img":"https://fd2-photos.leclercdrive.fr/image.ashx?id=2309423&use=l&cat=p&typeid=i","cat":316012},{"id":177704,"n":"Knacki Original Herta 100% Porc - 210g","p":2.27,"u":"10,81 €/KG","img":"https://fd2-photos.leclercdrive.fr/image.ashx?id=2309417&use=l&cat=p&typeid=i","cat":316012},{"id":177721,"n":"Crème Visage Nuit Nivea Anti-taches Luminous - 50ml","p":23.01,"u":"460,20 €/L","img":"https://fd2-photos.leclercdrive.fr/image.ashx?id=3000345&use=l&cat=p&typeid=i","cat":325345},{"id":177849,"n":"Lessive Sanytol désinfectante fraicheur florale - 1,70L","p":9.73,"u":"5,72 €/L","img":"https://fd2-photos.leclercdrive.fr/image.ashx?id=2902978&use=l&cat=p&typeid=i","cat":284640},{"id":177941,"n":"Courgettes Bio Bio Village Filet - 750g","p":3.99,"u":"5,32 €/KG","img":"https://fd2-photos.leclercdrive.fr/image.ashx?id=2625698&use=l&cat=p&typeid=i","cat":284352},{"id":178074,"n":"Aubergine Bio Bio Village x2","p":2.99,"u":"1,50 €/P","img":"https://fd2-photos.leclercdrive.fr/image.ashx?id=2928333&use=l&cat=p&typeid=i","cat":284352},{"id":178108,"n":"Burrata de vache Casa Azzurra 125g","p":2.84,"u":"22,72 €/KG","img":"https://fd2-photos.leclercdrive.fr/image.ashx?id=2927549&use=l&cat=p&typeid=i","cat":314026},{"id":178110,"n":"Pizza Dr.Oetker Ristorante Thon - 355g","p":2.6,"u":"7,32 €/KG","img":"https://fd2-photos.leclercdrive.fr/image.ashx?id=2993056&use=l&cat=p&typeid=i","cat":284256},{"id":178111,"n":"Pizza Dr.Oetker Ristorante 4 fromages - 340g","p":2.47,"u":"7,26 €/KG","img":"https://fd2-photos.leclercdrive.fr/image.ashx?id=2993050&use=l&cat=p&typeid=i","cat":284256},{"id":178112,"n":"Pizza Dr.Oetker Ristorante Mozzarella - 335g","p":2.61,"u":"7,79 €/KG","img":"https://fd2-photos.leclercdrive.fr/image.ashx?id=2993062&use=l&cat=p&typeid=i","cat":284256},{"id":178113,"n":"Pizza Dr.Oetker Ristorante  Vegetale aux légumes - 385g","p":2.78,"u":"7,22 €/KG","img":"https://fd2-photos.leclercdrive.fr/image.ashx?id=2993068&use=l&cat=p&typeid=i","cat":284256},{"id":178114,"n":"Pizza Ristorante Dr Oetker Royale - 350g","p":2.79,"u":"7,97 €/KG","img":"https://fd2-photos.leclercdrive.fr/image.ashx?id=2993044&use=l&cat=p&typeid=i","cat":284256},{"id":178127,"n":"Sablé salé Michel et Augustin Coppa corse - 90g","p":2.49,"u":"27,67 €/KG","img":"https://fd2-photos.leclercdrive.fr/image.ashx?id=2315422&use=l&cat=p&typeid=i","cat":297000},{"id":178144,"n":"Thé glacé MayTea Saveur Pêche - 1,2L","p":1.91,"u":"1,59 €/L","img":"https://fd2-photos.leclercdrive.fr/image.ashx?id=2648661&use=l&cat=p&typeid=i","cat":295019},{"id":178147,"n":"Céréales Trésor Kellogg's Chocolat noisettes - 620g","p":4.37,"u":"7,05 €/KG","img":"https://fd2-photos.leclercdrive.fr/image.ashx?id=2598331&use=l&cat=p&typeid=i","cat":309513},{"id":178163,"n":"Thé glacé MayTea Saveur Menthe - 1,2L","p":1.9,"u":"1,58 €/L","img":"https://fd2-photos.leclercdrive.fr/image.ashx?id=2648664&use=l&cat=p&typeid=i","cat":295019},{"id":178251,"n":"Brocoli Eco+ 400g","p":0.99,"u":"2,48 €/KG","img":"https://fd2-photos.leclercdrive.fr/image.ashx?id=2953398&use=l&cat=p&typeid=i","cat":284352},{"id":178253,"n":"Yaourt aux fruits Eco+ Panaché - 12x125g","p":2.47,"u":"1,65 €/KG","img":"https://fd2-photos.leclercdrive.fr/image.ashx?id=2849635&use=l&cat=p&typeid=i","cat":284410},{"id":178260,"n":"Truite fumée Eco+ 100g","p":2.33,"u":"23,30 €/KG","img":"https://fd2-photos.leclercdrive.fr/image.ashx?id=2973505&use=l&cat=p&typeid=i","cat":285188},{"id":178346,"n":"Thé glacé MayTea Saveur Framboise - 1,2L","p":1.95,"u":"1,63 €/L","img":"https://fd2-photos.leclercdrive.fr/image.ashx?id=2643863&use=l&cat=p&typeid=i","cat":295019},{"id":178355,"n":"Hachis Parmentier Fleury Michon à l'Emmental - 300g","p":3.05,"u":"10,17 €/KG","img":"https://fd2-photos.leclercdrive.fr/image.ashx?id=3003248&use=l&cat=p&typeid=i","cat":333665},{"id":178357,"n":"Salade Piémontaise  L'Atelier Traiteur - 300g","p":2.81,"u":"9,37 €/KG","img":"https://fd2-photos.leclercdrive.fr/image.ashx?id=2345649&use=l&cat=p&typeid=i","cat":333657},{"id":178370,"n":"Salade cervelas vinaigrette L'Atelier Traiteur VPF -  300g","p":3.39,"u":"11,30 €/KG","img":"https://fd2-photos.leclercdrive.fr/image.ashx?id=2946472&use=l&cat=p&typeid=i","cat":333657},{"id":178572,"n":"Patchs Chauffants Primoplast X2","p":4.99,"u":"2,50 €/P","img":"https://fd2-photos.leclercdrive.fr/image.ashx?id=2856600&use=l&cat=p&typeid=i","cat":284630},{"id":178625,"n":"Recharge gel douche Sanex Zéro% Tous types de peaux - 500ml","p":2.95,"u":"5,90 €/L","img":"https://fd2-photos.leclercdrive.fr/image.ashx?id=2859986&use=l&cat=p&typeid=i","cat":284594},{"id":178642,"n":"Culotte Feel Natural menstruelles noires T38/40","p":11.34,"u":"3,78 €/P","img":"https://fd2-photos.leclercdrive.fr/image.ashx?id=2795234&use=l&cat=p&typeid=i","cat":291524},{"id":178645,"n":"Culotte Feel Natural Menstruelles noires T40/42","p":11.23,"u":"3,74 €/P","img":"https://fd2-photos.leclercdrive.fr/image.ashx?id=2795237&use=l&cat=p&typeid=i","cat":291524},{"id":178685,"n":"Tourtel Twist citron 6X33cl","p":4.34,"u":"2,19 €/L","img":"https://fd2-photos.leclercdrive.fr/image.ashx?id=2864369&use=l&cat=p&typeid=i","cat":334877},{"id":178686,"n":"Tourtel Twist framboise 6X33cl","p":4.76,"u":"2,40 €/L","img":"https://fd2-photos.leclercdrive.fr/image.ashx?id=2864372&use=l&cat=p&typeid=i","cat":334877},{"id":178777,"n":"Taboulé poulet  L'Atelier Traiteur - 300g","p":2.85,"u":"9,50 €/KG","img":"https://fd2-photos.leclercdrive.fr/image.ashx?id=2861881&use=l&cat=p&typeid=i","cat":333657},{"id":178785,"n":"Salade Caesar L'Atelier Traiteur - 300g","p":3.19,"u":"10,63 €/KG","img":"https://fd2-photos.leclercdrive.fr/image.ashx?id=2323255&use=l&cat=p&typeid=i","cat":333657},{"id":178791,"n":"Huile d'olive Terra Delyssa Bio - 75cl","p":10.05,"u":"13,40 €/L","img":"https://fd2-photos.leclercdrive.fr/image.ashx?id=2736847&use=l&cat=p&typeid=i","cat":284453},{"id":178793,"n":"Salade Strasbourgeoise L'Atelier Traiteur - 300g","p":2.99,"u":"9,97 €/KG","img":"https://fd2-photos.leclercdrive.fr/image.ashx?id=2680560&use=l&cat=p&typeid=i","cat":333657},{"id":178799,"n":"Mini penne Thon MSC Tomates L'Atelier Traiteur - 300g","p":3.49,"u":"11,63 €/KG","img":"https://fd2-photos.leclercdrive.fr/image.ashx?id=2345643&use=l&cat=p&typeid=i","cat":333657},{"id":178800,"n":"Trio Chou Jambon Comté L'Atelier Traiteur - 300g","p":3.49,"u":"11,63 €/KG","img":"https://fd2-photos.leclercdrive.fr/image.ashx?id=2345646&use=l&cat=p&typeid=i","cat":333657},{"id":178811,"n":"Compote Andros Pomme Poire - 8x100g","p":2.51,"u":"3,14 €/KG","img":"https://fd2-photos.leclercdrive.fr/image.ashx?id=2320654&use=l&cat=p&typeid=i","cat":284416},{"id":178813,"n":"Compote Andros Pomme Fraise - 8x100g","p":2.51,"u":"3,14 €/KG","img":"https://fd2-photos.leclercdrive.fr/image.ashx?id=2320660&use=l&cat=p&typeid=i","cat":284416},{"id":178845,"n":"Tampons Tampax Compak  Avec applicateur - Super+ - x22","p":3.01,"u":"0,14 €/P","img":"https://fd2-photos.leclercdrive.fr/image.ashx?id=2850405&use=l&cat=p&typeid=i","cat":284626},{"id":178862,"n":"Déodorant l'Arbre vert  Peaux sensibles - 50ml","p":3.31,"u":"66,20 €/L","img":"https://fd2-photos.leclercdrive.fr/image.ashx?id=2320737&use=l&cat=p&typeid=i","cat":284595},{"id":178897,"n":"Bière rouge Kwak 8% - 75cl","p":4.6,"u":"6,13 €/L","img":"https://fd2-photos.leclercdrive.fr/image.ashx?id=2548318&use=l&cat=p&typeid=i","cat":334872},{"id":178948,"n":"Gâteau Savane Brossard Tout chocolat pocket x7 210g","p":2.36,"u":"11,24 €/KG","img":"https://fd2-photos.leclercdrive.fr/image.ashx?id=2870728&use=l&cat=p&typeid=i","cat":294776},{"id":178949,"n":"Gâteau Savane Brossard Max Barr' Pocket x7 - 210g","p":2.23,"u":"10,62 €/KG","img":"https://fd2-photos.leclercdrive.fr/image.ashx?id=2870731&use=l&cat=p&typeid=i","cat":294776},{"id":178950,"n":"Eponge Spontex  Flash - x2","p":2.25,"u":"75,00 €/KG","img":"https://fd2-photos.leclercdrive.fr/image.ashx?id=2657781&use=l&cat=p&typeid=i","cat":284667},{"id":178954,"n":"Mouchoirs Family Kleenex® Boîte x128","p":1.72,"u":"0,01 €/P","img":"https://fd2-photos.leclercdrive.fr/image.ashx?id=3009017&use=l&cat=p&typeid=i","cat":284638},{"id":178974,"n":"Mouchoirs Balsam Kleenex® Boîte x64","p":1.73,"u":"0,03 €/P","img":"https://fd2-photos.leclercdrive.fr/image.ashx?id=2853353&use=l&cat=p&typeid=i","cat":284638},{"id":178979,"n":"Beurre Bridel Demi-sel - 60% MG - 250g","p":2.25,"u":"9,00 €/KG","img":"https://fd2-photos.leclercdrive.fr/image.ashx?id=2658665&use=l&cat=p&typeid=i","cat":284379},{"id":178985,"n":"Diffuseur électrique Febreze 3volution Linge frais -20ml","p":7.81,"u":"390,50 €/L","img":"https://fd2-photos.leclercdrive.fr/image.ashx?id=2737519&use=l&cat=p&typeid=i","cat":311629},{"id":179028,"n":"Gel douche Sanex zéro 0% Peaux normales - 725ml","p":4.37,"u":"6,03 €/L","img":"https://fd2-photos.leclercdrive.fr/image.ashx?id=2685540&use=l&cat=p&typeid=i","cat":284594},{"id":179056,"n":"Dentifrice Signal Integral 8  Fraîcheur et détox -75ml","p":2.0,"u":"26,67 €/L","img":"https://fd2-photos.leclercdrive.fr/image.ashx?id=2960228&use=l&cat=p&typeid=i","cat":284612},{"id":179075,"n":"Smoothie Yellow True Fruits 75cl","p":4.94,"pp":3.7,"u":"4,93 €/L","img":"https://fd2-photos.leclercdrive.fr/image.ashx?id=2871082&use=l&cat=p&typeid=i","cat":285435},{"id":179076,"n":"Smoothie Pink True Fruits 75cl","p":4.93,"pp":3.7,"u":"4,93 €/L","img":"https://fd2-photos.leclercdrive.fr/image.ashx?id=2871085&use=l&cat=p&typeid=i","cat":285435},{"id":179087,"n":"Liquide Vaisselle Paic Citron - 750ml","p":1.67,"u":"2,23 €/L","img":"https://fd2-photos.leclercdrive.fr/image.ashx?id=2322835&use=l&cat=p&typeid=i","cat":284655},{"id":179088,"n":"Liquide Vaisselle Paic Citron Vert - 750ml","p":1.82,"u":"2,43 €/L","img":"https://fd2-photos.leclercdrive.fr/image.ashx?id=2322838&use=l&cat=p&typeid=i","cat":284655},{"id":179256,"n":"Jus Ocean Spray Classic  Cranberry - 1L","p":1.98,"u":"1,98 €/L","img":"https://fd2-photos.leclercdrive.fr/image.ashx?id=2324021&use=l&cat=p&typeid=i","cat":284915},{"id":179263,"n":"Sérum de nuit L'Oréal Paris Age Perfect anti-âge - 30ml","p":11.97,"pp":7.9,"u":"263,33 €/L","img":"https://fd2-photos.leclercdrive.fr/image.ashx?id=2867536&use=l&cat=p&typeid=i","cat":325345},{"id":179264,"n":"Sérum repulpant L'Oréal Paris Revitalift anti-rides - 20ml","p":13.98,"u":"699,00 €/L","img":"https://fd2-photos.leclercdrive.fr/image.ashx?id=2867539&use=l&cat=p&typeid=i","cat":325345},{"id":179299,"n":"Lait bébé Candia Baby  croissance 3ème âge - 6x1L","p":11.09,"u":"1,85 €/L","img":"https://fd2-photos.leclercdrive.fr/image.ashx?id=2963349&use=l&cat=p&typeid=i","cat":284728},{"id":179326,"n":"Gel douche Sanex Zéro 0% Peaux sèches - 475ml","p":3.17,"u":"6,67 €/L","img":"https://fd2-photos.leclercdrive.fr/image.ashx?id=2692857&use=l&cat=p&typeid=i","cat":284594},{"id":179374,"n":"Champagne Germain Président Rosé - 75cl","p":28.8,"u":"38,40 €/L","img":"https://fd2-photos.leclercdrive.fr/image.ashx?id=2999255&use=l&cat=p&typeid=i","cat":284542},{"id":179382,"n":"Crème nutritive SO'BiO étic bio Argan Peaux matures - 50ml","p":14.12,"u":"282,40 €/L","img":"https://fd2-photos.leclercdrive.fr/image.ashx?id=2775628&use=l&cat=p&typeid=i","cat":325345},{"id":179383,"n":"Sérum SO'BiO étic rose éclat Argan Peaux matures bio - 30ml","p":13.86,"u":"462,00 €/L","img":"https://fd2-photos.leclercdrive.fr/image.ashx?id=2493526&use=l&cat=p&typeid=i","cat":325345},{"id":179384,"n":"Pâte à tartiner Eco+ 750g - aux noissettes","p":2.47,"u":"3,29 €/KG","img":"https://fd2-photos.leclercdrive.fr/image.ashx?id=2841148&use=l&cat=p&typeid=i","cat":284481},{"id":179403,"n":"Eau gazeuse Vichy Célestins 6x1,15L","p":3.63,"u":"0,53 €/L","img":"https://fd2-photos.leclercdrive.fr/image.ashx?id=2376542&use=l&cat=p&typeid=i","cat":284536},{"id":179422,"n":"Spray désodorisant Airwick Neutralisateur Coton - 237ml","p":3.39,"u":"14,30 €/L","img":"https://fd2-photos.leclercdrive.fr/image.ashx?id=2792822&use=l&cat=p&typeid=i","cat":311626},{"id":179431,"n":"Brioche Pitch Chocolat x8 - 300g","p":1.81,"u":"6,03 €/KG","img":"https://fd2-photos.leclercdrive.fr/image.ashx?id=2452119&use=l&cat=p&typeid=i","cat":293505},{"id":179432,"n":"Brioches Pitch Fraise x8 - 300g","p":1.84,"u":"6,13 €/KG","img":"https://fd2-photos.leclercdrive.fr/image.ashx?id=2452116&use=l&cat=p&typeid=i","cat":293505},{"id":179433,"n":"Brioche Pitch Chocolat au lait x8 - 300g","p":2.15,"u":"7,17 €/KG","img":"https://fd2-photos.leclercdrive.fr/image.ashx?id=2452113&use=l&cat=p&typeid=i","cat":293505},{"id":179437,"n":"Brioches Pitch Pépites chocolat x8 - 300g","p":2.0,"u":"6,67 €/KG","img":"https://fd2-photos.leclercdrive.fr/image.ashx?id=2452107&use=l&cat=p&typeid=i","cat":293505},{"id":179438,"n":"Brioche Pitch Pépites de chocolat x12 - 450g","p":2.91,"u":"6,47 €/KG","img":"https://fd2-photos.leclercdrive.fr/image.ashx?id=2452104&use=l&cat=p&typeid=i","cat":293505},{"id":179440,"n":"Brioches Pitch  Choco barre lait x8 - 300g","p":2.28,"u":"7,60 €/KG","img":"https://fd2-photos.leclercdrive.fr/image.ashx?id=2454115&use=l&cat=p&typeid=i","cat":293505},{"id":179443,"n":"Brioches Pitch Crousti x8 - 300g","p":2.58,"u":"8,60 €/KG","img":"https://fd2-photos.leclercdrive.fr/image.ashx?id=2454109&use=l&cat=p&typeid=i","cat":293505},{"id":179487,"n":"Gel douche Sanex Zéro 0% Peaux sèches - 2x475ml","p":6.3,"u":"6,63 €/L","img":"https://fd2-photos.leclercdrive.fr/image.ashx?id=2676921&use=l&cat=p&typeid=i","cat":284594},{"id":179488,"n":"Gel douche Sanex Zéro 0% Peaux normales - 2x475ml","p":6.3,"u":"6,63 €/L","img":"https://fd2-photos.leclercdrive.fr/image.ashx?id=2676924&use=l&cat=p&typeid=i","cat":284594},{"id":179530,"n":"Vin pétillant Very Zest Blanc citron vert - 6x25cl","p":6.46,"u":"4,31 €/L","img":"https://fd2-photos.leclercdrive.fr/image.ashx?id=2326799&use=l&cat=p&typeid=i","cat":304569},{"id":179533,"n":"Soda Fanta citron  bouteille - 1.25L","p":1.63,"u":"1,30 €/L","img":"https://fd2-photos.leclercdrive.fr/image.ashx?id=2659394&use=l&cat=p&typeid=i","cat":284532},{"id":179833,"n":"Bâtonnets Manger Main Bio Yooji Maïs et semoule - 225g","p":2.85,"u":"12,67 €/KG","img":"https://fd2-photos.leclercdrive.fr/image.ashx?id=2529033&use=l&cat=p&typeid=i","cat":290631},{"id":179860,"n":"Glaces Kinder Bueno noisettes chocolat lait x4 248g","p":3.92,"u":"15,81 €/KG","img":"https://fd2-photos.leclercdrive.fr/image.ashx?id=2759068&use=l&cat=p&typeid=i","cat":284264},{"id":179934,"n":"Chips bio Jardin Bio Nature - 125g","p":2.34,"u":"18,72 €/KG","img":"https://fd2-photos.leclercdrive.fr/image.ashx?id=2792642&use=l&cat=p&typeid=i","cat":284447},{"id":179939,"n":"Bâtonnets Trium vanille choco blanc fruits rouges x4 - 274g","p":2.69,"u":"9,82 €/KG","img":"https://fd2-photos.leclercdrive.fr/image.ashx?id=2758312&use=l&cat=p&typeid=i","cat":284265},{"id":179975,"n":"Whisky Monkey Shoulder Smokey 40% - 70cl","p":30.11,"u":"43,01 €/L","img":"https://fd2-photos.leclercdrive.fr/image.ashx?id=2883714&use=l&cat=p&typeid=i","cat":284547},{"id":180024,"n":"Tablette de chocolat noir Lindt Noisette caramel - 100g","p":2.33,"u":"23,30 €/KG","img":"https://fd2-photos.leclercdrive.fr/image.ashx?id=2881296&use=l&cat=p&typeid=i","cat":284956},{"id":180030,"n":"Sauce Crudités Bénédicta Nature - 735g","p":3.5,"u":"4,76 €/KG","img":"https://fd2-photos.leclercdrive.fr/image.ashx?id=2549777&use=l&cat=p&typeid=i","cat":284456},{"id":180041,"n":"Chips Tuiles Pringles Paprika - 175g","p":1.71,"u":"9,77 €/KG","img":"https://fd2-photos.leclercdrive.fr/image.ashx?id=2902301&use=l&cat=p&typeid=i","cat":287899},{"id":180061,"n":"Thé vert bio Bio village  36g","p":1.33,"u":"36,94 €/KG","img":"https://fd2-photos.leclercdrive.fr/image.ashx?id=2897910&use=l&cat=p&typeid=i","cat":293233},{"id":180065,"n":"Rillettes de thon Petit Navire 125g","p":1.88,"u":"15,04 €/KG","img":"https://fd2-photos.leclercdrive.fr/image.ashx?id=2533388&use=l&cat=p&typeid=i","cat":303867},{"id":180069,"n":"Rillettes au saumon  Petit Navire - 125g","p":1.73,"u":"13,84 €/KG","img":"https://fd2-photos.leclercdrive.fr/image.ashx?id=2533391&use=l&cat=p&typeid=i","cat":305147},{"id":180079,"n":"Biscuits chocolats Kinder Duo Chocolat blanc et lait - 150g","p":2.06,"u":"13,73 €/KG","img":"https://fd2-photos.leclercdrive.fr/image.ashx?id=2959127&use=l&cat=p&typeid=i","cat":284488},{"id":180118,"n":"Mais d'aucy  Bio - 2x140g","p":2.09,"u":"7,46 €/KG","img":"https://fd2-photos.leclercdrive.fr/image.ashx?id=2651825&use=l&cat=p&typeid=i","cat":312611},{"id":180121,"n":"Riz curry et poulet individuel William Saurin - 300g","p":3.24,"u":"10,80 €/KG","img":"https://fd2-photos.leclercdrive.fr/image.ashx?id=2335184&use=l&cat=p&typeid=i","cat":284953},{"id":180155,"n":"Chewing-gum Freedent White Fraise 5x10 dragées - 70g","p":2.89,"u":"41,29 €/KG","img":"https://fd2-photos.leclercdrive.fr/image.ashx?id=2330359&use=l&cat=p&typeid=i","cat":304251},{"id":180173,"n":"Pâté de foie Hénaff supérieur  sel de Guérande - 3x78g","p":2.24,"u":"9,57 €/KG","img":"https://fd2-photos.leclercdrive.fr/image.ashx?id=2582132&use=l&cat=p&typeid=i","cat":305149},{"id":180180,"n":"Ramen Tanoshi saveur boeuf nouilles japonaises - 360g","p":2.83,"u":"7,86 €/KG","img":"https://fd2-photos.leclercdrive.fr/image.ashx?id=2922974&use=l&cat=p&typeid=i","cat":288992},{"id":180181,"n":"Sardines à l'huile d'olive Connétable - 135g","p":2.96,"u":"21,93 €/KG","img":"https://fd2-photos.leclercdrive.fr/image.ashx?id=2762115&use=l&cat=p&typeid=i","cat":305146},{"id":180187,"n":"Sauce Pesto Tomates Basilic Panzani - 200G","p":1.65,"u":"8,25 €/KG","img":"https://fd2-photos.leclercdrive.fr/image.ashx?id=2977930&use=l&cat=p&typeid=i","cat":287599},{"id":180193,"n":"Soupe déshydratée Knorr Cèpes  champignons  - 75cl","p":1.82,"u":"20,00 €/KG","img":"https://fd2-photos.leclercdrive.fr/image.ashx?id=2790318&use=l&cat=p&typeid=i","cat":284463},{"id":180196,"n":"Brioches Pitch  Pomme poire - x8 - 300g","p":2.54,"u":"8,47 €/KG","img":"https://fd2-photos.leclercdrive.fr/image.ashx?id=2454100&use=l&cat=p&typeid=i","cat":293505},{"id":180201,"n":"Thé Earl Grey Twinings 50 sachets - 100g","p":3.97,"u":"39,70 €/KG","img":"https://fd2-photos.leclercdrive.fr/image.ashx?id=2893018&use=l&cat=p&typeid=i","cat":293233},{"id":180208,"n":"Quinoa bio Happy Bio - 500g","p":4.9,"u":"9,80 €/KG","img":"https://fd2-photos.leclercdrive.fr/image.ashx?id=2685018&use=l&cat=p&typeid=i","cat":284429},{"id":180218,"n":"Pâté de campagne Hénaff sel de Guérande - 3x78g","p":2.28,"u":"9,74 €/KG","img":"https://fd2-photos.leclercdrive.fr/image.ashx?id=2663878&use=l&cat=p&typeid=i","cat":305149},{"id":180233,"n":"Crème de marrons vanille  Douceur du Verger - 500g","p":2.12,"u":"4,24 €/KG","img":"https://fd2-photos.leclercdrive.fr/image.ashx?id=2691471&use=l&cat=p&typeid=i","cat":284506},{"id":180247,"n":"Double concentré de tomates  Eco+ - 440g","p":1.31,"u":"2,98 €/KG","img":"https://fd2-photos.leclercdrive.fr/image.ashx?id=3012370&use=l&cat=p&typeid=i","cat":288384},{"id":180301,"n":"Complément alimentaire Juvamine Thé vert Guarana - x30","p":4.26,"u":"0,14 €/P","img":"https://fd2-photos.leclercdrive.fr/image.ashx?id=2578079&use=l&cat=p&typeid=i","cat":284632},{"id":180302,"n":"Biscuits Palmier St Michel  au beurre - 87g","p":1.18,"u":"13,56 €/KG","img":"https://fd2-photos.leclercdrive.fr/image.ashx?id=2555379&use=l&cat=p&typeid=i","cat":284487},{"id":180304,"n":"Semoule de couscous moyen Eco+ - 1kg","p":1.05,"u":"1,05 €/KG","img":"https://fd2-photos.leclercdrive.fr/image.ashx?id=2690823&use=l&cat=p&typeid=i","cat":284429},{"id":180307,"n":"Patée pour chat Eco+ boeuf et à la carotte - 410g","p":0.96,"u":"2,34 €/KG","img":"https://fd2-photos.leclercdrive.fr/image.ashx?id=2949233&use=l&cat=p&typeid=i","cat":285601},{"id":180311,"n":"Double concentré de tomates  Eco+ - 200g","p":1.22,"u":"6,10 €/KG","img":"https://fd2-photos.leclercdrive.fr/image.ashx?id=3012376&use=l&cat=p&typeid=i","cat":288384},{"id":180327,"n":"Pâtée pour chats Eco+ poisson et à la carotte - 410g","p":0.7,"u":"1,71 €/KG","img":"https://fd2-photos.leclercdrive.fr/image.ashx?id=2690847&use=l&cat=p&typeid=i","cat":285601},{"id":180344,"n":"Fromage enfant Mini Babybel 6 portions goûter - 132g","p":2.25,"u":"17,05 €/KG","img":"https://fd2-photos.leclercdrive.fr/image.ashx?id=2970822&use=l&cat=p&typeid=i","cat":314030},{"id":180345,"n":"Fromage enfant Mini Babybel 12 portions goûter - 264g","p":4.29,"u":"16,25 €/KG","img":"https://fd2-photos.leclercdrive.fr/image.ashx?id=2970825&use=l&cat=p&typeid=i","cat":314030},{"id":180376,"n":"Chocolat au lait Bio Village Patissier Bio - 200g","p":3.71,"u":"18,55 €/KG","img":"https://fd2-photos.leclercdrive.fr/image.ashx?id=2776517&use=l&cat=p&typeid=i","cat":285562},{"id":180397,"n":"Barres Chocolatées KINDER BUENO  Chocolat au Lait x3 - 129g","p":2.23,"u":"17,29 €/KG","img":"https://fd2-photos.leclercdrive.fr/image.ashx?id=2762295&use=l&cat=p&typeid=i","cat":284498},{"id":180401,"n":"Mayonnaise Bénédicta Nature - 255g","p":1.76,"u":"6,90 €/KG","img":"https://fd2-photos.leclercdrive.fr/image.ashx?id=2658734&use=l&cat=p&typeid=i","cat":298295},{"id":180405,"n":"Thon au Naturel Petit Navire 2x112g","p":3.79,"u":"16,92 €/KG","img":"https://fd2-photos.leclercdrive.fr/image.ashx?id=2944618&use=l&cat=p&typeid=i","cat":303867},{"id":180414,"n":"Chips Tuiles Pringles Pizza - 175g","p":2.48,"u":"14,17 €/KG","img":"https://fd2-photos.leclercdrive.fr/image.ashx?id=2661748&use=l&cat=p&typeid=i","cat":287899},{"id":180420,"n":"Café moulu Malongo  Goût italien - 250g","p":4.25,"u":"17,00 €/KG","img":"https://fd2-photos.leclercdrive.fr/image.ashx?id=2331384&use=l&cat=p&typeid=i","cat":284750},{"id":180432,"n":"Thé noir Twinings vanille x20 - 32g","p":2.67,"u":"83,44 €/KG","img":"https://fd2-photos.leclercdrive.fr/image.ashx?id=2893057&use=l&cat=p&typeid=i","cat":293233},{"id":180453,"n":"Thé glacé Fuze Tea  Pêche Intense - 6x33cl","p":3.55,"u":"1,79 €/L","img":"https://fd2-photos.leclercdrive.fr/image.ashx?id=2940405&use=l&cat=p&typeid=i","cat":295019},{"id":180458,"n":"Amandes en poudre Vahiné 125g","p":2.97,"u":"23,76 €/KG","img":"https://fd2-photos.leclercdrive.fr/image.ashx?id=2785934&use=l&cat=p&typeid=i","cat":284504},{"id":180498,"n":"Chips ancienne nature Lay's Sel - 155g","p":1.25,"u":"8,06 €/KG","img":"https://fd2-photos.leclercdrive.fr/image.ashx?id=2996596&use=l&cat=p&typeid=i","cat":284447},{"id":180518,"n":"Bière aromatisée Corona Sunset 5,9% -12x33cl","p":18.66,"u":"4,71 €/L","img":"https://fd2-photos.leclercdrive.fr/image.ashx?id=2511462&use=l&cat=p&typeid=i","cat":334878},{"id":180519,"n":"Bière aromatisée Corona Sunset 5,9% - 6x33cl","p":9.06,"u":"4,58 €/L","img":"https://fd2-photos.leclercdrive.fr/image.ashx?id=2564749&use=l&cat=p&typeid=i","cat":334878},{"id":180546,"n":"Serviettes Ultra Régulier+ Nana Deo Ailettes Flux modéré - x14","p":2.17,"u":"0,16 €/P","img":"https://fd2-photos.leclercdrive.fr/image.ashx?id=2767225&use=l&cat=p&typeid=i","cat":284624},{"id":180550,"n":"Serviettes hygiéniques Nana Ultra - Spécial Nuit - x10","p":1.83,"u":"0,18 €/P","img":"https://fd2-photos.leclercdrive.fr/image.ashx?id=2944990&use=l&cat=p&typeid=i","cat":284624},{"id":180551,"n":"Serviettes hygiéniques Nana Ultra - Spécial Nuit - x20","p":2.92,"u":"0,15 €/P","img":"https://fd2-photos.leclercdrive.fr/image.ashx?id=2756401&use=l&cat=p&typeid=i","cat":284624},{"id":180552,"n":"Soda à l'orange Orangina 6x25cl verre","p":5.0,"u":"3,33 €/L","img":"https://fd2-photos.leclercdrive.fr/image.ashx?id=2476431&use=l&cat=p&typeid=i","cat":284532},{"id":180563,"n":"Viande des Grisons Aoste 10 Tranches - 70g","p":4.3,"u":"61,43 €/KG","img":"https://fd2-photos.leclercdrive.fr/image.ashx?id=2939838&use=l&cat=p&typeid=i","cat":316007},{"id":180797,"n":"Mouchoirs UltraSoft Kleenex® Boîte x64","p":1.6,"img":"https://fd2-photos.leclercdrive.fr/image.ashx?id=2853350&use=l&cat=p&typeid=i","cat":284638},{"id":180872,"n":"Miettes de thon huile d'olive 2x160g","p":6.33,"u":"19,78 €/KG","img":"https://fd2-photos.leclercdrive.fr/image.ashx?id=2340509&use=l&cat=p&typeid=i","cat":303867},{"id":181761,"n":"Shampoing Le Petit Marseillais  Bio pomme & aloe vera - 250ml","p":4.17,"u":"17,38 €/L","img":"https://fd2-photos.leclercdrive.fr/image.ashx?id=2684194&use=l&cat=p&typeid=i","cat":284606},{"id":182013,"n":"Café Moulu  Espresso - Méo - 1kg","p":15.25,"u":"15,25 €/KG","img":"https://fd2-photos.leclercdrive.fr/image.ashx?id=2571293&use=l&cat=p&typeid=i","cat":284750},{"id":182158,"n":"Galettes Normandes NRT Caramel - 100g","p":1.69,"u":"16,90 €/KG","img":"https://fd2-photos.leclercdrive.fr/image.ashx?id=2704915&use=l&cat=p&typeid=i","cat":284487},{"id":182180,"n":"Sirop de Grenadine Bio Village Bio - 50cl","p":2.45,"u":"4,90 €/L","img":"https://fd2-photos.leclercdrive.fr/image.ashx?id=2931947&use=l&cat=p&typeid=i","cat":295020},{"id":182218,"n":"Chips paysanne nature Lay's Sel - 155g","p":1.22,"u":"7,87 €/KG","img":"https://fd2-photos.leclercdrive.fr/image.ashx?id=2818602&use=l&cat=p&typeid=i","cat":284447},{"id":182259,"n":"Chips ancienne nature Lay's Sel format familial - 295g","p":2.23,"u":"7,56 €/KG","img":"https://fd2-photos.leclercdrive.fr/image.ashx?id=2999243&use=l&cat=p&typeid=i","cat":284447},{"id":182260,"n":"Chips paysanne nature Lay's Sel format familial - 295g","p":2.25,"u":"7,63 €/KG","img":"https://fd2-photos.leclercdrive.fr/image.ashx?id=2848716&use=l&cat=p&typeid=i","cat":284447},{"id":182266,"n":"Shampooing sec Batiste Original - 200ml","p":3.24,"u":"16,20 €/L","img":"https://fd2-photos.leclercdrive.fr/image.ashx?id=2344046&use=l&cat=p&typeid=i","cat":289143},{"id":182267,"n":"Shampooing sec Batiste Blush - 200ml","p":3.29,"u":"16,45 €/L","img":"https://fd2-photos.leclercdrive.fr/image.ashx?id=2630454&use=l&cat=p&typeid=i","cat":289143},{"id":182340,"n":"Lait en poudre Guigoz Optipro 2ème âge - 6-12 mois - 830g","p":15.25,"u":"18,37 €/KG","img":"https://fd2-photos.leclercdrive.fr/image.ashx?id=2737747&use=l&cat=p&typeid=i","cat":284727},{"id":182373,"n":"Skyr Siggi's  Mangue Passion - 2x140g","p":2.05,"u":"7,32 €/KG","img":"https://fd2-photos.leclercdrive.fr/image.ashx?id=2792027&use=l&cat=p&typeid=i","cat":315000},{"id":182465,"n":"Bière sans alcool Tourtel Twist Ananas 0,0° - 6x27,5cl","p":4.56,"u":"2,76 €/L","img":"https://fd2-photos.leclercdrive.fr/image.ashx?id=2684925&use=l&cat=p&typeid=i","cat":334877},{"id":182480,"n":"Lait bébé en poudre Guigoz Gest 1er âge - 0-6 mois - 830g","p":18.43,"u":"22,20 €/KG","img":"https://fd2-photos.leclercdrive.fr/image.ashx?id=2895047&use=l&cat=p&typeid=i","cat":284726},{"id":182507,"n":"Chocolat noir Bio Ethiquable  100% Pérou - 100g","p":3.17,"u":"31,70 €/KG","img":"https://fd2-photos.leclercdrive.fr/image.ashx?id=2870971&use=l&cat=p&typeid=i","cat":284956},{"id":182524,"n":"Brioch' Bagel La Fournée Dorée x4 - 300g","p":2.28,"u":"7,60 €/KG","img":"https://fd2-photos.leclercdrive.fr/image.ashx?id=2479300&use=l&cat=p&typeid=i","cat":284985},{"id":182792,"n":"Croquettes Ultima Junior Petit chien - 1.35kg","p":5.1,"u":"3,78 €/KG","img":"https://fd2-photos.leclercdrive.fr/image.ashx?id=2928903&use=l&cat=p&typeid=i","cat":294526},{"id":182799,"n":"Cumin Moulu Ducros 40g","p":2.64,"u":"66,00 €/KG","img":"https://fd2-photos.leclercdrive.fr/image.ashx?id=2983222&use=l&cat=p&typeid=i","cat":298297},{"id":182823,"n":"Jambon de Vendée IGP Petitgas  2 tranches épaisses - 180g","p":3.55,"u":"19,72 €/KG","img":"https://fd2-photos.leclercdrive.fr/image.ashx?id=2732956&use=l&cat=p&typeid=i","cat":316007},{"id":182833,"n":"Biscuits sablés Guet Apens LU Chocolat noisette - 105g","p":1.97,"u":"18,76 €/KG","img":"https://fd2-photos.leclercdrive.fr/image.ashx?id=3002219&use=l&cat=p&typeid=i","cat":284487},{"id":182887,"n":"Fromage à tartiner Boursin Ail & fines herbes - 150g","p":2.16,"u":"14,40 €/KG","img":"https://fd2-photos.leclercdrive.fr/image.ashx?id=2964449&use=l&cat=p&typeid=i","cat":314029},{"id":182888,"n":"Lait bébé poudre Guigoz Optipro 1er âge - 0-6mois - 830g","p":16.34,"u":"19,69 €/KG","img":"https://fd2-photos.leclercdrive.fr/image.ashx?id=2806423&use=l&cat=p&typeid=i","cat":284726},{"id":182912,"n":"Yakisoba Céréal Bio   Bio légumes repas express 240g","p":2.87,"u":"11,96 €/KG","img":"https://fd2-photos.leclercdrive.fr/image.ashx?id=2665628&use=l&cat=p&typeid=i","cat":287600},{"id":182920,"n":"Pâtes Al Bronzo Barilla Spaghettoni - 400g","p":1.91,"u":"4,78 €/KG","img":"https://fd2-photos.leclercdrive.fr/image.ashx?id=2414466&use=l&cat=p&typeid=i","cat":284427},{"id":182925,"n":"Pâtes Collezione Barilla Bucatini Grandi -  500g","p":2.11,"u":"4,22 €/KG","img":"https://fd2-photos.leclercdrive.fr/image.ashx?id=2726521&use=l&cat=p&typeid=i","cat":284427},{"id":182938,"n":"Sauce crudités Caesar Amora 380ml","p":2.87,"u":"7,55 €/L","img":"https://fd2-photos.leclercdrive.fr/image.ashx?id=2655223&use=l&cat=p&typeid=i","cat":284456},{"id":182939,"n":"Chips Tuiles Pringles Barbecue - 175g","p":2.03,"u":"11,60 €/KG","img":"https://fd2-photos.leclercdrive.fr/image.ashx?id=2662502&use=l&cat=p&typeid=i","cat":287899},{"id":182966,"n":"Mini bâtonnets Trium Vanille Caramel beurre salé x8 - 294g","p":2.99,"u":"10,17 €/KG","img":"https://fd2-photos.leclercdrive.fr/image.ashx?id=2791347&use=l&cat=p&typeid=i","cat":284265},{"id":182997,"n":"AOC Côtes du Jura Chardonnay Les caves du vieux mont - 75cl","p":9.58,"u":"12,77 €/L","img":"https://fd2-photos.leclercdrive.fr/image.ashx?id=2351460&use=l&cat=p&typeid=i","cat":289557},{"id":183105,"n":"Eau gazeuse San Pellegrino Essenza citron - 6x33cL","p":3.42,"u":"1,73 €/L","img":"https://fd2-photos.leclercdrive.fr/image.ashx?id=2864203&use=l&cat=p&typeid=i","cat":284536},{"id":183106,"n":"Eau gazeuse San Pellegrino Essenza sanguine - 6x33cl","p":3.37,"u":"1,70 €/L","img":"https://fd2-photos.leclercdrive.fr/image.ashx?id=2852010&use=l&cat=p&typeid=i","cat":284536},{"id":183128,"n":"Epinards hachés à la crème  Findus légume - 500g","p":2.33,"u":"4,66 €/KG","img":"https://fd2-photos.leclercdrive.fr/image.ashx?id=3008767&use=l&cat=p&typeid=i","cat":319805},{"id":183129,"n":"Epinards Légumes Findus branches à la crème - 480g","p":2.64,"u":"5,50 €/KG","img":"https://fd2-photos.leclercdrive.fr/image.ashx?id=2937349&use=l&cat=p&typeid=i","cat":319805},{"id":183130,"n":"Epinards hachés Findus À la crème fraîche - 900g","p":3.36,"u":"3,73 €/KG","img":"https://fd2-photos.leclercdrive.fr/image.ashx?id=2904245&use=l&cat=p&typeid=i","cat":319805},{"id":183212,"n":"Madeleines longues Le Ster Sucre - 4x250g","p":4.84,"u":"4,84 €/KG","img":"https://fd2-photos.leclercdrive.fr/image.ashx?id=2827221&use=l&cat=p&typeid=i","cat":284492},{"id":183213,"n":"Eau Micellaire Garnier Tout en 1 Vitamine C - 400mL","p":4.83,"u":"12,08 €/L","img":"https://fd2-photos.leclercdrive.fr/image.ashx?id=2353782&use=l&cat=p&typeid=i","cat":284603},{"id":183357,"n":"Cœurs de Palmiers Rochefontaine - 220g","p":3.36,"u":"15,27 €/KG","img":"https://fd2-photos.leclercdrive.fr/image.ashx?id=2650513&use=l&cat=p&typeid=i","cat":312611},{"id":183395,"n":"Huile d'olive Puget 75cl","p":8.95,"u":"11,93 €/L","img":"https://fd2-photos.leclercdrive.fr/image.ashx?id=2460925&use=l&cat=p&typeid=i","cat":284453},{"id":183496,"n":"Brocolis fleurette Notre Jardin 900g","p":1.99,"u":"2,21 €/KG","img":"https://fd2-photos.leclercdrive.fr/image.ashx?id=2873162&use=l&cat=p&typeid=i","cat":319805},{"id":183810,"n":"Whisky breton Armorik Sherry Single malt Bio - 70cl","p":33.56,"u":"47,94 €/L","img":"https://fd2-photos.leclercdrive.fr/image.ashx?id=2359129&use=l&cat=p&typeid=i","cat":284547},{"id":183839,"n":"Mélange à l'espagnole Ducros 48g","p":1.98,"u":"41,25 €/KG","img":"https://fd2-photos.leclercdrive.fr/image.ashx?id=2559508&use=l&cat=p&typeid=i","cat":298297},{"id":183840,"n":"Curcuma moulu Ducros 45g","p":2.19,"u":"48,67 €/KG","img":"https://fd2-photos.leclercdrive.fr/image.ashx?id=2486644&use=l&cat=p&typeid=i","cat":298297},{"id":183854,"n":"Déodorant Rexona Men anti transpirant Cobalt Dry - 200ml","p":3.31,"u":"16,55 €/L","img":"https://fd2-photos.leclercdrive.fr/image.ashx?id=2858711&use=l&cat=p&typeid=i","cat":284618},{"id":183857,"n":"Gel Douche Le Petit Marseillais  Lait d'amande douce - 650ml","p":3.21,"u":"4,94 €/L","img":"https://fd2-photos.leclercdrive.fr/image.ashx?id=2684197&use=l&cat=p&typeid=i","cat":284594},{"id":183862,"n":"Bloc WC Bref Brilliant Gel Toilettes propres - 42g x1","p":2.18,"u":"51,90 €/KG","img":"https://fd2-photos.leclercdrive.fr/image.ashx?id=2976782&use=l&cat=p&typeid=i","cat":284662},{"id":183866,"n":"Dentifrice blancheur Colgate Max white one - 75ml","p":1.95,"u":"26,00 €/L","img":"https://fd2-photos.leclercdrive.fr/image.ashx?id=2767255&use=l&cat=p&typeid=i","cat":284612},{"id":183888,"n":"Bière blonde Corona Cero 0,0% - 6x33cl","p":7.67,"u":"3,87 €/L","img":"https://fd2-photos.leclercdrive.fr/image.ashx?id=2526496&use=l&cat=p&typeid=i","cat":334877},{"id":183907,"n":"Dentifrice blancheur Colgate Max white optic - 75ml","p":2.28,"u":"30,40 €/L","img":"https://fd2-photos.leclercdrive.fr/image.ashx?id=2738395&use=l&cat=p&typeid=i","cat":284612},{"id":184005,"n":"Gel Douche Le Petit Marseillais  Fleur d'oranger - 650ml","p":3.38,"u":"5,20 €/L","img":"https://fd2-photos.leclercdrive.fr/image.ashx?id=2684533&use=l&cat=p&typeid=i","cat":284594},{"id":184009,"n":"Gel WC Canard Forêt Aquatique - 750ml","p":2.52,"u":"3,36 €/L","img":"https://fd2-photos.leclercdrive.fr/image.ashx?id=2746313&use=l&cat=p&typeid=i","cat":284662},{"id":184096,"n":"Barre de céréales Trésor Stix Chocolat noisettes - 5x20,5g","p":2.44,"u":"23,92 €/KG","img":"https://fd2-photos.leclercdrive.fr/image.ashx?id=2358647&use=l&cat=p&typeid=i","cat":284488},{"id":184145,"n":"Galettes bretonnes sarrasin NRT 100g","p":1.89,"u":"18,90 €/KG","img":"https://fd2-photos.leclercdrive.fr/image.ashx?id=2909431&use=l&cat=p&typeid=i","cat":284487},{"id":184148,"n":"Biscuits croquants Délichoc Chocolat au lait - 150g","p":1.84,"u":"12,27 €/KG","img":"https://fd2-photos.leclercdrive.fr/image.ashx?id=2867365&use=l&cat=p&typeid=i","cat":284488},{"id":184181,"n":"Purée mangue bébé Good Goût bio - 120g - dès 4 mois","p":1.61,"u":"13,42 €/KG","img":"https://fd2-photos.leclercdrive.fr/image.ashx?id=2640707&use=l&cat=p&typeid=i","cat":312387},{"id":184182,"n":"Purée poire bébé Good Goût bio - 120g - dès 4 mois","p":1.53,"u":"12,75 €/L","img":"https://fd2-photos.leclercdrive.fr/image.ashx?id=2640043&use=l&cat=p&typeid=i","cat":312387},{"id":184185,"n":"AOP Médoc Maucaillou - 75cl","p":22.72,"u":"30,29 €/L","img":"https://fd2-photos.leclercdrive.fr/image.ashx?id=2360839&use=l&cat=p&typeid=i","cat":289556},{"id":184192,"n":"Purée fraise banane bébé Good Goût bio - 120g - dès 4 mois","p":1.53,"u":"12,75 €/KG","img":"https://fd2-photos.leclercdrive.fr/image.ashx?id=2640046&use=l&cat=p&typeid=i","cat":312387},{"id":184195,"n":"Complément alimentaire sommeil Mélatonine Valériane - x30","p":5.94,"u":"0,20 €/P","img":"https://fd2-photos.leclercdrive.fr/image.ashx?id=2369466&use=l&cat=p&typeid=i","cat":313217},{"id":184198,"n":"Complément alimentaire Vitea Multi'Vit énergie - x30","p":4.65,"u":"0,16 €/P","img":"https://fd2-photos.leclercdrive.fr/image.ashx?id=2369472&use=l&cat=p&typeid=i","cat":284632},{"id":184208,"n":"Echalote Ducros  1ère Saveur - 10g","p":3.32,"u":"332,00 €/KG","img":"https://fd2-photos.leclercdrive.fr/image.ashx?id=2490506&use=l&cat=p&typeid=i","cat":298297},{"id":184305,"n":"Carré de porc sans os L'Atelier Boucherie x10 - 440g","p":4.94,"u":"11,23 €/KG","img":"https://fd2-photos.leclercdrive.fr/image.ashx?id=2932701&use=l&cat=p&typeid=i","cat":284331},{"id":184307,"n":"Côtes de porc première L'Atelier Boucherie x2 - 300g","p":2.7,"u":"9,00 €/KG","img":"https://fd2-photos.leclercdrive.fr/image.ashx?id=2930552&use=l&cat=p&typeid=i","cat":284331},{"id":184308,"n":"Côtes de porc échine L'Atelier Boucherie x4 - 680g","p":5.14,"u":"7,56 €/KG","img":"https://fd2-photos.leclercdrive.fr/image.ashx?id=2930555&use=l&cat=p&typeid=i","cat":284331},{"id":184310,"n":"Entrecôte de boeuf*** L'Atelier Boucherie x1 - 200g","p":5.98,"u":"29,90 €/KG","img":"https://fd2-photos.leclercdrive.fr/image.ashx?id=2913781&use=l&cat=p&typeid=i","cat":284328},{"id":184312,"n":"Faux-filet de boeuf*** L'Atelier Boucherie x1 - 180g","p":5.12,"u":"28,44 €/KG","img":"https://fd2-photos.leclercdrive.fr/image.ashx?id=2913784&use=l&cat=p&typeid=i","cat":284328},{"id":184315,"n":"Steak de boeuf** L'Atelier Boucherie x2 - 260g","p":4.76,"u":"18,31 €/KG","img":"https://fd2-photos.leclercdrive.fr/image.ashx?id=2930582&use=l&cat=p&typeid=i","cat":284328},{"id":184316,"n":"Bavette d'Aloyau*** L'Atelier Boucherie x1 - 150g","p":4.95,"u":"33,00 €/KG","img":"https://fd2-photos.leclercdrive.fr/image.ashx?id=2930585&use=l&cat=p&typeid=i","cat":284328},{"id":184317,"n":"Rumsteck en tournedos*** L'Atelier Boucherie x2 - 280g","p":7.19,"u":"25,68 €/KG","img":"https://fd2-photos.leclercdrive.fr/image.ashx?id=2930588&use=l&cat=p&typeid=i","cat":284328},{"id":184318,"n":"Rôti de boeuf*** L'Atelier Boucherie - 600g","p":14.39,"u":"23,98 €/KG","img":"https://fd2-photos.leclercdrive.fr/image.ashx?id=2930591&use=l&cat=p&typeid=i","cat":284328},{"id":184319,"n":"Pièce à fondue / Brochette L'Atelier Boucherie - 500g","p":12.99,"u":"25,98 €/KG","img":"https://fd2-photos.leclercdrive.fr/image.ashx?id=2930594&use=l&cat=p&typeid=i","cat":284328},{"id":184320,"n":"Rôti de porc L'Atelier Boucherie - 600g","p":6.59,"u":"10,98 €/KG","img":"https://fd2-photos.leclercdrive.fr/image.ashx?id=2953749&use=l&cat=p&typeid=i","cat":284331},{"id":184321,"n":"Filet mignon de porc L'Atelier Boucherie x2 - 990g","p":13.59,"u":"13,73 €/KG","img":"https://fd2-photos.leclercdrive.fr/image.ashx?id=2932704&use=l&cat=p&typeid=i","cat":284331},{"id":184322,"n":"Escalope de veau*** L'Atelier Boucherie x2 - 260g","p":6.99,"u":"26,88 €/KG","img":"https://fd2-photos.leclercdrive.fr/image.ashx?id=2930597&use=l&cat=p&typeid=i","cat":284329},{"id":184323,"n":"Sauté de veau*** à mijoter L'Atelier Boucherie - 500g","p":9.99,"u":"19,98 €/KG","img":"https://fd2-photos.leclercdrive.fr/image.ashx?id=2930600&use=l&cat=p&typeid=i","cat":284329},{"id":184355,"n":"Boisson énergisante Red Bull  Goût Fruit du Dragon, 250ml","p":1.19,"u":"4,76 €/L","img":"https://fd2-photos.leclercdrive.fr/image.ashx?id=3011992&use=l&cat=p&typeid=i","cat":284533},{"id":184393,"n":"Gousses de vanille Vahiné En poudre sucrées - 8g","p":5.49,"u":"686,25 €/KG","img":"https://fd2-photos.leclercdrive.fr/image.ashx?id=2490587&use=l&cat=p&typeid=i","cat":284504},{"id":184396,"n":"Vanille en poudre Vahiné - 5g","p":7.57,"img":"https://fd2-photos.leclercdrive.fr/image.ashx?id=2559856&use=l&cat=p&typeid=i","cat":284504},{"id":184406,"n":"Romarin de Provence Ducros - 18g","p":2.37,"u":"131,67 €/KG","img":"https://fd2-photos.leclercdrive.fr/image.ashx?id=2486614&use=l&cat=p&typeid=i","cat":298297},{"id":184551,"n":"Lessive en poudre Xeor fraîcheur x50 - 2.5kg","p":5.99,"u":"2,40 €/KG","img":"https://fd2-photos.leclercdrive.fr/image.ashx?id=2450101&use=l&cat=p&typeid=i","cat":284642},{"id":184553,"n":"Blocs WC Syphon fraîcheur marine x2 - 110g","p":2.0,"u":"18,18 €/KG","img":"https://fd2-photos.leclercdrive.fr/image.ashx?id=2670359&use=l&cat=p&typeid=i","cat":284662},{"id":184561,"n":"Glaces Kinder Bueno x4 noisettes chocolat blanc - 248g","p":3.86,"u":"15,56 €/KG","img":"https://fd2-photos.leclercdrive.fr/image.ashx?id=2759071&use=l&cat=p&typeid=i","cat":284264},{"id":184568,"n":"Muesli croustillant Bio village Bio Chocolat quinoa - 500g","p":4.2,"u":"8,40 €/KG","img":"https://fd2-photos.leclercdrive.fr/image.ashx?id=2720196&use=l&cat=p&typeid=i","cat":309512},{"id":184569,"n":"Muesli croustillant Bio Village Bio Chocolat - 500g","p":3.72,"u":"7,44 €/KG","img":"https://fd2-photos.leclercdrive.fr/image.ashx?id=2559984&use=l&cat=p&typeid=i","cat":309512},{"id":184571,"n":"Sauce barbecue Amora 285g","p":1.59,"u":"5,58 €/KG","img":"https://fd2-photos.leclercdrive.fr/image.ashx?id=3004447&use=l&cat=p&typeid=i","cat":318431},{"id":184828,"n":"Persillade Ducros Première saveur 19g","p":3.61,"u":"190,00 €/KG","img":"https://fd2-photos.leclercdrive.fr/image.ashx?id=2559502&use=l&cat=p&typeid=i","cat":298297},{"id":184829,"n":"Fines herbes Ducros Première saveur - 16g","p":2.99,"u":"186,88 €/KG","img":"https://fd2-photos.leclercdrive.fr/image.ashx?id=2486626&use=l&cat=p&typeid=i","cat":298297},{"id":184830,"n":"Persillade provençale Ducros Première saveur 19g","p":3.51,"u":"184,74 €/KG","img":"https://fd2-photos.leclercdrive.fr/image.ashx?id=2486629&use=l&cat=p&typeid=i","cat":298297},{"id":184837,"n":"Compotes Pom'Potes Gourdes  Pomme Banane - 4x90g","p":2.23,"u":"6,19 €/KG","img":"https://fd2-photos.leclercdrive.fr/image.ashx?id=2978637&use=l&cat=p&typeid=i","cat":284508},{"id":184838,"n":"Compotes Pom'Potes Gourdes  Pomme Framboise - 4x90g","p":2.23,"u":"6,19 €/KG","img":"https://fd2-photos.leclercdrive.fr/image.ashx?id=3010900&use=l&cat=p&typeid=i","cat":284508},{"id":184917,"n":"Saucisses cocktail Madrange Classique x30 - 225g","p":2.88,"u":"12,80 €/KG","img":"https://fd2-photos.leclercdrive.fr/image.ashx?id=2941562&use=l&cat=p&typeid=i","cat":316012},{"id":184928,"n":"Sauce Tradizioni d'Italia Arrabbiata - 340g","p":1.86,"u":"5,47 €/KG","img":"https://fd2-photos.leclercdrive.fr/image.ashx?id=2840031&use=l&cat=p&typeid=i","cat":288384},{"id":184997,"n":"Infusion bio Elephant Detox - x20","p":1.81,"u":"53,24 €/KG","img":"https://fd2-photos.leclercdrive.fr/image.ashx?id=2507566&use=l&cat=p&typeid=i","cat":293234},{"id":184998,"n":"Infusion Bio Elephant Gingembre Citron - 20 Sachets","p":1.83,"u":"53,82 €/KG","img":"https://fd2-photos.leclercdrive.fr/image.ashx?id=2507575&use=l&cat=p&typeid=i","cat":293234},{"id":184999,"n":"Infusion bio Elephant Relax - x20","p":2.17,"u":"83,46 €/KG","img":"https://fd2-photos.leclercdrive.fr/image.ashx?id=2507572&use=l&cat=p&typeid=i","cat":293234},{"id":185000,"n":"Infusion Bio Eléphant Menthe Thym - x20 sachets","p":2.25,"u":"86,54 €/KG","img":"https://fd2-photos.leclercdrive.fr/image.ashx?id=2507563&use=l&cat=p&typeid=i","cat":293234},{"id":185031,"n":"Dentifrice blancheur Colgate Max White Optic - 2x75ml","p":3.87,"u":"25,80 €/L","img":"https://fd2-photos.leclercdrive.fr/image.ashx?id=2369246&use=l&cat=p&typeid=i","cat":284612},{"id":185165,"n":"Skyr Yoplait  Coco 1%Mg - 4x100g","p":1.85,"u":"4,63 €/KG","img":"https://fd2-photos.leclercdrive.fr/image.ashx?id=2884459&use=l&cat=p&typeid=i","cat":315000},{"id":185166,"n":"Skyr Yoplait  Vanille 0%MG - 4x100G","p":1.85,"u":"4,63 €/KG","img":"https://fd2-photos.leclercdrive.fr/image.ashx?id=2884456&use=l&cat=p&typeid=i","cat":315000},{"id":185268,"n":"Carottes râpées Pierre Martinet à l'huile d'olive - 850g","p":4.34,"u":"5,11 €/KG","img":"https://fd2-photos.leclercdrive.fr/image.ashx?id=2461956&use=l&cat=p&typeid=i","cat":333657},{"id":185276,"n":"Soufflés Donuts Curly Cacahuètes caramélisées - 160g","p":1.74,"u":"10,88 €/KG","img":"https://fd2-photos.leclercdrive.fr/image.ashx?id=2373125&use=l&cat=p&typeid=i","cat":284449},{"id":185443,"n":"Thé vert citron Yate x25 - 37,5g","p":0.79,"u":"20,79 €/KG","img":"https://fd2-photos.leclercdrive.fr/image.ashx?id=2646008&use=l&cat=p&typeid=i","cat":293233},{"id":185459,"n":"Crème dessert La Laitière  Frais Fondant chocolat - 4x115g","p":2.11,"u":"4,59 €/KG","img":"https://fd2-photos.leclercdrive.fr/image.ashx?id=2904062&use=l&cat=p&typeid=i","cat":285041},{"id":185460,"n":"Crème dessert La Laitière  Frais Fondant vanille - 4x115g","p":2.11,"u":"4,59 €/KG","img":"https://fd2-photos.leclercdrive.fr/image.ashx?id=2674548&use=l&cat=p&typeid=i","cat":285041},{"id":185461,"n":"Crème dessert La Laitière  Frais Fondant caramel - 4x115g","p":2.11,"u":"4,59 €/KG","img":"https://fd2-photos.leclercdrive.fr/image.ashx?id=2742794&use=l&cat=p&typeid=i","cat":285041},{"id":185494,"n":"Herbes de provence Ducros 35g","p":3.18,"u":"90,86 €/KG","img":"https://fd2-photos.leclercdrive.fr/image.ashx?id=2559505&use=l&cat=p&typeid=i","cat":298297},{"id":185495,"n":"Persillade de France Ducros 25g","p":2.33,"u":"93,20 €/KG","img":"https://fd2-photos.leclercdrive.fr/image.ashx?id=2374713&use=l&cat=p&typeid=i","cat":298297},{"id":185567,"n":"Liniment oléo-calcaire Biolane  700 ml","p":7.21,"u":"10,30 €/L","img":"https://fd2-photos.leclercdrive.fr/image.ashx?id=2586864&use=l&cat=p&typeid=i","cat":284741},{"id":185568,"n":"Gel Lavant Biolane Corps et cheveux 750 ml","p":5.49,"u":"7,32 €/L","img":"https://fd2-photos.leclercdrive.fr/image.ashx?id=2586867&use=l&cat=p&typeid=i","cat":284740},{"id":185571,"n":"Eau pure H2O Biolane 750 ml","p":5.3,"u":"7,07 €/L","img":"https://fd2-photos.leclercdrive.fr/image.ashx?id=2733247&use=l&cat=p&typeid=i","cat":284741},{"id":185649,"n":"AOP Coteaux Varois Rosé Révélation Bio - 75cl","p":7.99,"u":"10,65 €/L","img":"https://fd2-photos.leclercdrive.fr/image.ashx?id=2871874&use=l&cat=p&typeid=i","cat":289558},{"id":185864,"n":"Oeufs frais plein air La Nouvelle Agriculture - x6","p":1.93,"u":"0,32 €/P","img":"https://fd2-photos.leclercdrive.fr/image.ashx?id=2465559&use=l&cat=p&typeid=i","cat":284378},{"id":185884,"n":"Tartinade Hénaff  Truite et petits légumes - 90g","p":2.57,"u":"28,56 €/KG","img":"https://fd2-photos.leclercdrive.fr/image.ashx?id=3008674&use=l&cat=p&typeid=i","cat":284451},{"id":185885,"n":"Tartinade Hénaff  Thon germon et tomate - 90g","p":2.57,"u":"28,56 €/KG","img":"https://fd2-photos.leclercdrive.fr/image.ashx?id=2838374&use=l&cat=p&typeid=i","cat":284451},{"id":185999,"n":"Boisson végétale Bio Village Riz nature bio - 1l","p":1.65,"u":"1,65 €/L","img":"https://fd2-photos.leclercdrive.fr/image.ashx?id=2601016&use=l&cat=p&typeid=i","cat":316067},{"id":186002,"n":"Porto blanc Dorrao 18%vol - 75cl","p":6.07,"u":"8,09 €/L","img":"https://fd2-photos.leclercdrive.fr/image.ashx?id=2869880&use=l&cat=p&typeid=i","cat":284913},{"id":186043,"n":"Lardons Nature Herta  Sans nitrite - 2x75g","p":1.91,"u":"12,73 €/KG","img":"https://fd2-photos.leclercdrive.fr/image.ashx?id=2785802&use=l&cat=p&typeid=i","cat":316011},{"id":186051,"n":"Gel WC Désinfectant Canard Action Intense Marine - 750ml","p":1.29,"u":"1,72 €/L","img":"https://fd2-photos.leclercdrive.fr/image.ashx?id=2929473&use=l&cat=p&typeid=i","cat":284662},{"id":186055,"n":"Boisson énergisante Red Bull Goût Pastèque, 250ml","p":1.2,"u":"4,80 €/L","img":"https://fd2-photos.leclercdrive.fr/image.ashx?id=2471655&use=l&cat=p&typeid=i","cat":284533},{"id":186056,"n":"Boisson énergisante Red Bull Goût Coco-Acaï, 250ml","p":1.21,"u":"4,84 €/L","img":"https://fd2-photos.leclercdrive.fr/image.ashx?id=2471658&use=l&cat=p&typeid=i","cat":284533},{"id":186070,"n":"Mousse à raser Avène 200ml","p":9.99,"u":"49,95 €/L","img":"https://fd2-photos.leclercdrive.fr/image.ashx?id=2382833&use=l&cat=p&typeid=i","cat":291167},{"id":186072,"n":"Fluide solaire SPF 50+ Avène  50ml","p":12.9,"u":"258,00 €/L","img":"https://fd2-photos.leclercdrive.fr/image.ashx?id=2382836&use=l&cat=p&typeid=i","cat":290396},{"id":186073,"n":"Fluide solaire SPF 50+ Avène Sans parfum - 50ml","p":13.2,"u":"264,00 €/L","img":"https://fd2-photos.leclercdrive.fr/image.ashx?id=2382839&use=l&cat=p&typeid=i","cat":290396},{"id":186074,"n":"Crème solaire SPF 50+ Avène 50ml","p":11.99,"u":"239,80 €/L","img":"https://fd2-photos.leclercdrive.fr/image.ashx?id=2382845&use=l&cat=p&typeid=i","cat":290396},{"id":186075,"n":"Crème solaire SPF 50+ Avène Sans parfum - 50ml","p":11.99,"u":"239,80 €/L","img":"https://fd2-photos.leclercdrive.fr/image.ashx?id=2382848&use=l&cat=p&typeid=i","cat":290396},{"id":186076,"n":"Crème solaire SPF 50+ Avène Teintée - 50ml","p":11.99,"u":"239,80 €/L","img":"https://fd2-photos.leclercdrive.fr/image.ashx?id=2382851&use=l&cat=p&typeid=i","cat":290396},{"id":186077,"n":"Crème émolliente A-Derma Exomega Control - 400ml","p":18.77,"u":"46,93 €/L","img":"https://fd2-photos.leclercdrive.fr/image.ashx?id=2382857&use=l&cat=p&typeid=i","cat":290421},{"id":186080,"n":"Lait émollient A-Derma Exomega Control - 400ml","p":17.8,"u":"44,50 €/L","img":"https://fd2-photos.leclercdrive.fr/image.ashx?id=2382863&use=l&cat=p&typeid=i","cat":290421},{"id":186081,"n":"Baume émollient A-Derma Exomega Allergo - 200ml","p":14.99,"u":"74,95 €/L","img":"https://fd2-photos.leclercdrive.fr/image.ashx?id=2382866&use=l&cat=p&typeid=i","cat":290421},{"id":186085,"n":"Fluide hydratant Avène Tolerance Hydra-10 - 40ml","p":15.95,"u":"398,75 €/L","img":"https://fd2-photos.leclercdrive.fr/image.ashx?id=2382875&use=l&cat=p&typeid=i","cat":291171},{"id":186087,"n":"Crème hydratante Avène Tolerance Hydra-10 - 40ml","p":14.5,"u":"362,50 €/L","img":"https://fd2-photos.leclercdrive.fr/image.ashx?id=2382878&use=l&cat=p&typeid=i","cat":291171},{"id":186113,"n":"Shampoing illuminateur Klorane Camomille - 400ml","p":10.49,"u":"26,23 €/L","img":"https://fd2-photos.leclercdrive.fr/image.ashx?id=2878972&use=l&cat=p&typeid=i","cat":290400},{"id":186115,"n":"Shampoing assainissant Klorane Cédrat - 400ml","p":9.49,"u":"23,73 €/L","img":"https://fd2-photos.leclercdrive.fr/image.ashx?id=2788613&use=l&cat=p&typeid=i","cat":290400},{"id":186124,"n":"Crème Sensifine AR SVR Anti-rougeurs - 40ml","p":12.64,"u":"316,00 €/KG","img":"https://fd2-photos.leclercdrive.fr/image.ashx?id=2966035&use=l&cat=p&typeid=i","cat":291171},{"id":186130,"n":"Acérola Vitamine C Herbesan Goût cerise - 90 comprimés","p":11.79,"pp":8.25,"u":"0,09 €/P","img":"https://fd2-photos.leclercdrive.fr/image.ashx?id=2382896&use=l&cat=p&typeid=i","cat":301264},{"id":186140,"n":"Huile de Massage Vergetures Weleda - 2x100ml","p":23.98,"u":"119,90 €/L","img":"https://fd2-photos.leclercdrive.fr/image.ashx?id=2505615&use=l&cat=p&typeid=i","cat":290422},{"id":186164,"n":"Ampoule vitamine C SVR 30ml","p":32.59,"img":"https://fd2-photos.leclercdrive.fr/image.ashx?id=2971649&use=l&cat=p&typeid=i","cat":291171},{"id":186165,"n":"Ampoule vitamine B3 SVR 30ml","p":23.99,"u":"799,67 €/L","img":"https://fd2-photos.leclercdrive.fr/image.ashx?id=2971179&use=l&cat=p&typeid=i","cat":291171},{"id":186171,"n":"Baume réparateur Eucerin Aquaphor - 40ml","p":7.49,"u":"187,25 €/L","img":"https://fd2-photos.leclercdrive.fr/image.ashx?id=2383176&use=l&cat=p&typeid=i","cat":290421},{"id":186172,"n":"Emollient 10% d'Urée Eucerin UreaRepair Plus - 400ml","p":16.99,"u":"42,48 €/L","img":"https://fd2-photos.leclercdrive.fr/image.ashx?id=2736217&use=l&cat=p&typeid=i","cat":290421},{"id":186173,"n":"Crème mains 5% d'Urée Eucerin UreaRepair Plus - 75ml","p":4.07,"u":"54,27 €/L","img":"https://fd2-photos.leclercdrive.fr/image.ashx?id=2832311&use=l&cat=p&typeid=i","cat":290424},{"id":186177,"n":"Crème pieds 10% d'Urée Eucerin UreaRepair Plus - 100ml","p":6.49,"u":"64,90 €/L","img":"https://fd2-photos.leclercdrive.fr/image.ashx?id=2736223&use=l&cat=p&typeid=i","cat":290424},{"id":186181,"n":"Baume réparateur Eucerin Aquaphore - 198g","p":14.08,"u":"71,11 €/KG","img":"https://fd2-photos.leclercdrive.fr/image.ashx?id=2383197&use=l&cat=p&typeid=i","cat":290421},{"id":186184,"n":"Soin de nuit Eucerin Hyaluron-Filler - 50ml","p":26.89,"u":"537,80 €/L","img":"https://fd2-photos.leclercdrive.fr/image.ashx?id=2926813&use=l&cat=p&typeid=i","cat":291168},{"id":186207,"n":"Soin de jour peau sèche Eucerin Hyaluron-Filler - 50ml","p":26.89,"u":"537,80 €/L","img":"https://fd2-photos.leclercdrive.fr/image.ashx?id=2926810&use=l&cat=p&typeid=i","cat":291168},{"id":186209,"n":"Compresses non-tissées douces Elastoplat - 10 pièces","p":1.49,"u":"0,15 €/P","img":"https://fd2-photos.leclercdrive.fr/image.ashx?id=2383221&use=l&cat=p&typeid=i","cat":291163},{"id":186214,"n":"Gel-crème Après soleil Bioderma Photoderm - 200ml","p":8.5,"u":"42,50 €/L","img":"https://fd2-photos.leclercdrive.fr/image.ashx?id=2956520&use=l&cat=p&typeid=i","cat":290394},{"id":186238,"n":"Crème blur mousse SPF50 SVR 50ml","p":11.99,"u":"239,80 €/L","img":"https://fd2-photos.leclercdrive.fr/image.ashx?id=2971191&use=l&cat=p&typeid=i","cat":290396},{"id":186246,"n":"Sérum anti-imperfections SVR SEBIACLEAR - 30ml","p":12.48,"u":"416,00 €/L","img":"https://fd2-photos.leclercdrive.fr/image.ashx?id=2965136&use=l&cat=p&typeid=i","cat":291166},{"id":186258,"n":"Lessive Capsules Tout-en-1 Skip Fraîcheur Intense x26 Capsules","p":11.47,"u":"20,82 €/KG","img":"https://fd2-photos.leclercdrive.fr/image.ashx?id=2978934&use=l&cat=p&typeid=i","cat":284641},{"id":186260,"n":"Lessive Capsules Skip Tout-en-1 Active Clean x26","p":9.71,"u":"17,62 €/KG","img":"https://fd2-photos.leclercdrive.fr/image.ashx?id=2940651&use=l&cat=p&typeid=i","cat":284641},{"id":186263,"n":"Lessive Capsules Tout-en-1 Skip Fraîcheur Intense 38 Lavages","p":13.45,"u":"16,69 €/KG","img":"https://fd2-photos.leclercdrive.fr/image.ashx?id=2929236&use=l&cat=p&typeid=i","cat":284641},{"id":186267,"n":"Lingettes bébé visage et mains Biolane - 64 lingettes","p":2.34,"u":"0,04 €/P","img":"https://fd2-photos.leclercdrive.fr/image.ashx?id=2876539&use=l&cat=p&typeid=i","cat":284738},{"id":186296,"n":"Lessive Capsules Skip Tout-en-1 Active Clean x38","p":13.34,"u":"16,55 €/KG","img":"https://fd2-photos.leclercdrive.fr/image.ashx?id=2757114&use=l&cat=p&typeid=i","cat":284641},{"id":186306,"n":"Liniment oléo-calcaire Biolane 300ml","p":3.61,"u":"12,03 €/L","img":"https://fd2-photos.leclercdrive.fr/image.ashx?id=2586861&use=l&cat=p&typeid=i","cat":284741},{"id":186319,"n":"Spray désodorisant Airwick Neutralisateur Jasmin -237ml","p":3.54,"u":"14,94 €/L","img":"https://fd2-photos.leclercdrive.fr/image.ashx?id=2689019&use=l&cat=p&typeid=i","cat":311626},{"id":186323,"n":"Sous-vêtements de nuit Ninjamas Fille 8-12 ans - x9","p":9.7,"u":"1,08 €/P","img":"https://fd2-photos.leclercdrive.fr/image.ashx?id=2479541&use=l&cat=p&typeid=i","cat":290633},{"id":186461,"n":"Ail lyophilisé Ducros 19g","p":4.04,"u":"212,63 €/KG","img":"https://fd2-photos.leclercdrive.fr/image.ashx?id=2486617&use=l&cat=p&typeid=i","cat":298297},{"id":186462,"n":"Ciboulette lyophilisée Ducros 3g","p":2.72,"u":"906,67 €/KG","img":"https://fd2-photos.leclercdrive.fr/image.ashx?id=2486620&use=l&cat=p&typeid=i","cat":298297},{"id":186486,"n":"Ananas en morceaux au jus Rochefontaine - 340g","p":2.36,"u":"6,94 €/KG","img":"https://fd2-photos.leclercdrive.fr/image.ashx?id=2624278&use=l&cat=p&typeid=i","cat":284507},{"id":186496,"n":"Capsules café L'Or Espresso Saveur Vanille x10","p":3.64,"u":"70,00 €/KG","img":"https://fd2-photos.leclercdrive.fr/image.ashx?id=2387046&use=l&cat=p&typeid=i","cat":293241},{"id":186497,"n":"Capsules café L'Or Espresso Saveur Caramel x10","p":3.59,"u":"69,04 €/KG","img":"https://fd2-photos.leclercdrive.fr/image.ashx?id=2387049&use=l&cat=p&typeid=i","cat":293241},{"id":186531,"n":"Lot de 3 culottes menstruelles  Feel Natural - x1","p":14.28,"img":"https://fd2-photos.leclercdrive.fr/image.ashx?id=2608250&use=l&cat=p&typeid=i","cat":284624},{"id":186548,"n":"Bougie Floral 30h Bien Air","p":2.34,"img":"https://fd2-photos.leclercdrive.fr/image.ashx?id=2939091&use=l&cat=p&typeid=i","cat":284666},{"id":186566,"n":"Smoothie Purple True Fruits - 75cl","p":4.51,"pp":3.38,"u":"4,51 €/L","img":"https://fd2-photos.leclercdrive.fr/image.ashx?id=3008996&use=l&cat=p&typeid=i","cat":285435},{"id":186568,"n":"Smoothie Green True Fruits - 75cl","p":4.97,"pp":3.73,"u":"4,97 €/L","img":"https://fd2-photos.leclercdrive.fr/image.ashx?id=3008999&use=l&cat=p&typeid=i","cat":285435},{"id":186613,"n":"Mouchoirs Balsam - Kleenex 2x64p","p":3.19,"pp":2.23,"u":"0,02 €/P","img":"https://fd2-photos.leclercdrive.fr/image.ashx?id=2736550&use=l&cat=p&typeid=i","cat":284638},{"id":186657,"n":"Crème dessert Delisse Chocolat - 6x125g","p":1.42,"u":"1,89 €/KG","img":"https://fd2-photos.leclercdrive.fr/image.ashx?id=2441492&use=l&cat=p&typeid=i","cat":285041},{"id":186659,"n":"Crème dessert Delisse Vanille - 6x125g","p":1.33,"u":"1,77 €/KG","img":"https://fd2-photos.leclercdrive.fr/image.ashx?id=2441498&use=l&cat=p&typeid=i","cat":285041},{"id":186661,"n":"Crème dessert Delisse Caramel - 6x125g","p":1.39,"u":"1,85 €/KG","img":"https://fd2-photos.leclercdrive.fr/image.ashx?id=2441504&use=l&cat=p&typeid=i","cat":285041},{"id":186686,"n":"Déodorant stick Homme Mennen Marine Sans Alcool - 60ml","p":3.17,"u":"52,83 €/L","img":"https://fd2-photos.leclercdrive.fr/image.ashx?id=2869107&use=l&cat=p&typeid=i","cat":284618},{"id":186688,"n":"Déodorant stick Homme Mennen Sans Alcool Anti-Traces - 60ml","p":3.17,"u":"52,83 €/L","img":"https://fd2-photos.leclercdrive.fr/image.ashx?id=2869110&use=l&cat=p&typeid=i","cat":284618},{"id":186758,"n":"Tablette Chocolat Noir Lindt Noisettes Caramel Lot 2x100g","p":4.48,"u":"22,40 €/KG","img":"https://fd2-photos.leclercdrive.fr/image.ashx?id=2388487&use=l&cat=p&typeid=i","cat":284956},{"id":186920,"n":"Tuiles Monster Munch Crazy Original - 150g","p":1.9,"u":"12,67 €/KG","img":"https://fd2-photos.leclercdrive.fr/image.ashx?id=2921735&use=l&cat=p&typeid=i","cat":287899},{"id":186923,"n":"Tuiles Monster Munch  Crazy crème oignon - 150g","p":1.9,"u":"12,67 €/KG","img":"https://fd2-photos.leclercdrive.fr/image.ashx?id=2916881&use=l&cat=p&typeid=i","cat":287899},{"id":186926,"n":"Tuiles Monster Munch Crazy paprika - 150g","p":1.9,"u":"12,67 €/KG","img":"https://fd2-photos.leclercdrive.fr/image.ashx?id=2955339&use=l&cat=p&typeid=i","cat":287899},{"id":186931,"n":"Soin ultra-hydratant Saforelle Le flacon de 500ml","p":10.49,"u":"20,98 €/L","img":"https://fd2-photos.leclercdrive.fr/image.ashx?id=2583434&use=l&cat=p&typeid=i","cat":301348},{"id":186967,"n":"Dentifrice blancheur Colgate Max White Charbon Actif - 75ml","p":3.01,"u":"40,13 €/L","img":"https://fd2-photos.leclercdrive.fr/image.ashx?id=2829024&use=l&cat=p&typeid=i","cat":284612},{"id":187028,"n":"Crème de change bébé bio Mots d'enfants - 75ml","p":2.5,"u":"33,33 €/L","img":"https://fd2-photos.leclercdrive.fr/image.ashx?id=3014308&use=l&cat=p&typeid=i","cat":284741},{"id":187029,"n":"Coton-tiges ouatés Inell Boîte - x300 bâtonnets","p":0.73,"img":"https://fd2-photos.leclercdrive.fr/image.ashx?id=2824301&use=l&cat=p&typeid=i","cat":284636},{"id":187059,"n":"Champignon Émincé Bonduelle Sans Sulfite, Sans Additif 230g","p":1.2,"u":"5,22 €/KG","img":"https://fd2-photos.leclercdrive.fr/image.ashx?id=2913118&use=l&cat=p&typeid=i","cat":312610},{"id":187061,"n":"Chips Bret's Pesto Mozzarella 125g","p":1.35,"u":"10,80 €/KG","img":"https://fd2-photos.leclercdrive.fr/image.ashx?id=2629115&use=l&cat=p&typeid=i","cat":284447},{"id":187062,"n":"Chips Bret's Moutarde Miel 125g","p":1.65,"u":"13,20 €/KG","img":"https://fd2-photos.leclercdrive.fr/image.ashx?id=2393257&use=l&cat=p&typeid=i","cat":284447},{"id":187126,"n":"Crunch Chocolat Noël Moulage Renne - 88g","p":2.96,"u":"33,64 €/KG","img":"https://fd2-photos.leclercdrive.fr/image.ashx?id=2394096&use=l&cat=p&typeid=i","cat":327592},{"id":187160,"n":"Assortiment Novi pralinés chocolat 250g","p":8.49,"pp":5.6,"u":"22,40 €/KG","img":"https://fd2-photos.leclercdrive.fr/image.ashx?id=2615152&use=l&cat=p&typeid=i","cat":327595},{"id":187161,"n":"Pralinés Gianduiotto Novi 250g","p":8.49,"pp":5.6,"u":"22,40 €/KG","img":"https://fd2-photos.leclercdrive.fr/image.ashx?id=2615164&use=l&cat=p&typeid=i","cat":327595},{"id":187168,"n":"Assortiment Cuadro Novi 250g","p":8.49,"pp":5.6,"u":"22,40 €/KG","img":"https://fd2-photos.leclercdrive.fr/image.ashx?id=2615173&use=l&cat=p&typeid=i","cat":327595},{"id":187172,"n":"Bouchées Chocolat Noël Nestlé L'Atelier Lait Noisettes - 262g","p":9.89,"u":"37,75 €/KG","img":"https://fd2-photos.leclercdrive.fr/image.ashx?id=2938244&use=l&cat=p&typeid=i","cat":327595},{"id":187173,"n":"Bouchées Chocolat Noël Nestlé L'Atelier Noir Feves Cacao 262g","p":9.89,"u":"37,75 €/KG","img":"https://fd2-photos.leclercdrive.fr/image.ashx?id=2938247&use=l&cat=p&typeid=i","cat":327595},{"id":187176,"n":"After Eight Chocolat Noël Saveur Cerise - 400g","p":8.21,"u":"20,53 €/KG","img":"https://fd2-photos.leclercdrive.fr/image.ashx?id=2394315&use=l&cat=p&typeid=i","cat":327595},{"id":187210,"n":"Porto Rose Dorrao 18%vol - 75cl","p":7.05,"u":"9,40 €/L","img":"https://fd2-photos.leclercdrive.fr/image.ashx?id=2869865&use=l&cat=p&typeid=i","cat":284913},{"id":187241,"n":"Savon Le Petit Marseillais  Solide amande douce - 2x100g","p":1.76,"u":"8,80 €/KG","img":"https://fd2-photos.leclercdrive.fr/image.ashx?id=2684203&use=l&cat=p&typeid=i","cat":284597},{"id":187247,"n":"Serviettes hygiéniques Always Cotton Protection Long - x9","p":3.06,"u":"0,34 €/P","img":"https://fd2-photos.leclercdrive.fr/image.ashx?id=2910225&use=l&cat=p&typeid=i","cat":284624},{"id":187277,"n":"Biscuits familial Oreo x2 - 440g","p":5.97,"u":"6,78 €/KG","img":"https://fd2-photos.leclercdrive.fr/image.ashx?id=2601214&use=l&cat=p&typeid=i","cat":284488},{"id":187280,"n":"Biscuits Oréo pocket 3x246g","p":6.5,"u":"8,81 €/KG","img":"https://fd2-photos.leclercdrive.fr/image.ashx?id=2601217&use=l&cat=p&typeid=i","cat":284488},{"id":187282,"n":"Biscuits Oreo  3x246g","p":6.58,"u":"8,92 €/KG","img":"https://fd2-photos.leclercdrive.fr/image.ashx?id=2525735&use=l&cat=p&typeid=i","cat":284488},{"id":187287,"n":"Desserts Lactés P'TIT BRASSE Banane pêche 6M+ - 4x90g","p":2.03,"u":"5,64 €/KG","img":"https://fd2-photos.leclercdrive.fr/image.ashx?id=2616252&use=l&cat=p&typeid=i","cat":312392},{"id":187288,"n":"Desserts Lactés P'TIT BRASSE Poire SSA 6M+ - 4x90g","p":2.16,"u":"6,00 €/KG","img":"https://fd2-photos.leclercdrive.fr/image.ashx?id=2593050&use=l&cat=p&typeid=i","cat":312392},{"id":187309,"n":"Biscuits chocolat lait Delichoc Lot de 12x150g","p":19.95,"u":"11,08 €/KG","img":"https://fd2-photos.leclercdrive.fr/image.ashx?id=2674077&use=l&cat=p&typeid=i","cat":284488},{"id":187347,"n":"Bûchettes Pilpa Les délices Pistache Chocolat Café x6 348g","p":3.24,"u":"9,31 €/KG","img":"https://fd2-photos.leclercdrive.fr/image.ashx?id=2395921&use=l&cat=p&typeid=i","cat":284266},{"id":187348,"n":"Bûchettes Pilpa Les Délices Fraise Vanille Chocolat x6 354g","p":3.24,"u":"9,15 €/KG","img":"https://fd2-photos.leclercdrive.fr/image.ashx?id=2395930&use=l&cat=p&typeid=i","cat":284266},{"id":187352,"n":"Bûche Pilpa Caprices des Îles - 564g","p":5.27,"u":"9,34 €/KG","img":"https://fd2-photos.leclercdrive.fr/image.ashx?id=2749961&use=l&cat=p&typeid=i","cat":284266},{"id":187353,"n":"Bûchettes Pilpa Les Délices Chocolat x6 - 360g","p":3.24,"u":"9,00 €/KG","img":"https://fd2-photos.leclercdrive.fr/image.ashx?id=2395924&use=l&cat=p&typeid=i","cat":284266},{"id":187369,"n":"Escargots de Bourgogne Escal x60 - 336g","p":18.9,"u":"56,25 €/KG","img":"https://fd2-photos.leclercdrive.fr/image.ashx?id=2913241&use=l&cat=p&typeid=i","cat":319775},{"id":187403,"n":"Feuilletés Jambon Fromage Eco+ x10 - 650g","p":2.63,"u":"4,05 €/KG","img":"https://fd2-photos.leclercdrive.fr/image.ashx?id=2814851&use=l&cat=p&typeid=i","cat":319776},{"id":187411,"n":"Sélection de gambas sauvages Pescanova - 800g","p":24.87,"pp":16.41,"u":"20,51 €/KG","img":"https://fd2-photos.leclercdrive.fr/image.ashx?id=2395948&use=l&cat=p&typeid=i","cat":319787},{"id":187426,"n":"Troussepinette épines noires Distillerie Vrignaud - 75cl","p":9.0,"u":"12,00 €/L","img":"https://fd2-photos.leclercdrive.fr/image.ashx?id=2763340&use=l&cat=p&typeid=i","cat":286032},{"id":187448,"n":"Frites ondulées McCain Côté Burger - 650g","p":2.69,"u":"4,14 €/KG","img":"https://fd2-photos.leclercdrive.fr/image.ashx?id=2920027&use=l&cat=p&typeid=i","cat":319791},{"id":187460,"n":"Sous-vêtements de nuit Ninjamas Fille - T7 - x10","p":9.57,"u":"0,96 €/P","img":"https://fd2-photos.leclercdrive.fr/image.ashx?id=2507212&use=l&cat=p&typeid=i","cat":290633},{"id":187476,"n":"Bûchettes glacées Pilpa Duo de vanilles - 333g","p":3.24,"u":"9,73 €/KG","img":"https://fd2-photos.leclercdrive.fr/image.ashx?id=2397370&use=l&cat=p&typeid=i","cat":284266},{"id":187478,"n":"Cordon bleu de poulet Eco+ 200g","p":1.45,"u":"7,25 €/KG","img":"https://fd2-photos.leclercdrive.fr/image.ashx?id=2758294&use=l&cat=p&typeid=i","cat":333683},{"id":187488,"n":"Compote de fruits Materne Multi saveurs - 16x100g","p":6.19,"u":"3,87 €/KG","img":"https://fd2-photos.leclercdrive.fr/image.ashx?id=2729623&use=l&cat=p&typeid=i","cat":284508},{"id":187547,"n":"Moutarde Fine & Forte AMORA Flacon Souple - 460g","p":2.29,"u":"4,98 €/KG","img":"https://fd2-photos.leclercdrive.fr/image.ashx?id=2877271&use=l&cat=p&typeid=i","cat":288850},{"id":187549,"n":"Sérum antichute et croissance Neoptide Ducray - 2x50ml","p":43.89,"u":"438,90 €/L","img":"https://fd2-photos.leclercdrive.fr/image.ashx?id=2977393&use=l&cat=p&typeid=i","cat":290399},{"id":187602,"n":"Gousses de vanille Vahiné x4 -","p":10.44,"u":"2,61 €/P","img":"https://fd2-photos.leclercdrive.fr/image.ashx?id=2569428&use=l&cat=p&typeid=i","cat":284504},{"id":187603,"n":"Pepites de chocolats Vahiné  3 chocolats - 180g","p":5.07,"u":"28,17 €/KG","img":"https://fd2-photos.leclercdrive.fr/image.ashx?id=2397863&use=l&cat=p&typeid=i","cat":284504},{"id":187729,"n":"Bière Blonde Peroni  6x33cl - 5%vol","p":6.99,"u":"3,53 €/L","img":"https://fd2-photos.leclercdrive.fr/image.ashx?id=2399727&use=l&cat=p&typeid=i","cat":334872},{"id":187768,"n":"Brosse à dents électrique Oral-B Pro 3 Cross Action Noir","p":59.7,"img":"https://fd2-photos.leclercdrive.fr/image.ashx?id=2544940&use=l&cat=p&typeid=i","cat":297133},{"id":187808,"n":"Haricots rouges D'aucy  2x125g","p":1.69,"u":"6,76 €/KG","img":"https://fd2-photos.leclercdrive.fr/image.ashx?id=2861933&use=l&cat=p&typeid=i","cat":312606},{"id":187931,"n":"Nouilles Sautées Yakisoba Curry - 93g","p":1.97,"u":"21,18 €/KG","img":"https://fd2-photos.leclercdrive.fr/image.ashx?id=2536146&use=l&cat=p&typeid=i","cat":288992},{"id":187986,"n":"Déodorant stick Mennen  Homme intraçable 72h - 60ml","p":3.88,"u":"64,67 €/L","img":"https://fd2-photos.leclercdrive.fr/image.ashx?id=2402346&use=l&cat=p&typeid=i","cat":284618},{"id":187987,"n":"Déodorant stick Homme Mennen 24H Musk Sans Alcool - 60ml","p":3.17,"u":"52,83 €/L","img":"https://fd2-photos.leclercdrive.fr/image.ashx?id=2869113&use=l&cat=p&typeid=i","cat":284618},{"id":187989,"n":"Lait corps hydratant Mixa Raffermissant  - 250ml","p":3.89,"u":"15,56 €/L","img":"https://fd2-photos.leclercdrive.fr/image.ashx?id=2402358&use=l&cat=p&typeid=i","cat":325349},{"id":187990,"n":"Lait Corps Réparateur Mixa Peau abîmée desséchée - 300ml","p":3.67,"u":"12,23 €/L","img":"https://fd2-photos.leclercdrive.fr/image.ashx?id=2908186&use=l&cat=p&typeid=i","cat":325349},{"id":187999,"n":"Lait Corps réparateur Mixa Peaux desséchées - 300ml","p":3.47,"u":"11,57 €/L","img":"https://fd2-photos.leclercdrive.fr/image.ashx?id=2402394&use=l&cat=p&typeid=i","cat":325349},{"id":188001,"n":"Gel coiffant Vivelle DOP Fixation Extrême - 190ml","p":3.75,"u":"19,74 €/L","img":"https://fd2-photos.leclercdrive.fr/image.ashx?id=2402403&use=l&cat=p&typeid=i","cat":284609},{"id":188003,"n":"Gel Coiffant Béton Dop Vivelle Fixation 24h - 190ml","p":3.74,"u":"19,68 €/L","img":"https://fd2-photos.leclercdrive.fr/image.ashx?id=2402406&use=l&cat=p&typeid=i","cat":284609},{"id":188011,"n":"Tablette de chocolat Lindt Lait noisettes - 2x100g","p":5.77,"u":"28,85 €/KG","img":"https://fd2-photos.leclercdrive.fr/image.ashx?id=2654614&use=l&cat=p&typeid=i","cat":284497},{"id":188013,"n":"Tablette de chocolat Lindt Lait extra fin - 3x100g","p":5.77,"u":"19,23 €/KG","img":"https://fd2-photos.leclercdrive.fr/image.ashx?id=2655853&use=l&cat=p&typeid=i","cat":284497},{"id":188168,"n":"Féta AOP Salakis Fromage brebis et chèvre - 150g","p":2.87,"u":"19,13 €/KG","img":"https://fd2-photos.leclercdrive.fr/image.ashx?id=2879128&use=l&cat=p&typeid=i","cat":314026},{"id":188287,"n":"Haché de dinde Maître Coq 350g","p":4.03,"u":"11,51 €/KG","img":"https://fd2-photos.leclercdrive.fr/image.ashx?id=2788538&use=l&cat=p&typeid=i","cat":284337},{"id":188295,"n":"Jambon Le Bon Paris Herta À l'étouffée x4 - 170g","p":2.08,"u":"12,24 €/KG","img":"https://fd2-photos.leclercdrive.fr/image.ashx?id=2731390&use=l&cat=p&typeid=i","cat":316009},{"id":188296,"n":"Jambon Le Bon Paris Herta À l'étouffée x6 - 255g","p":2.94,"u":"11,53 €/KG","img":"https://fd2-photos.leclercdrive.fr/image.ashx?id=2418720&use=l&cat=p&typeid=i","cat":316009},{"id":188297,"n":"Jambon Le Bon Paris Herta À l'étouffée x8 - 340g","p":3.73,"u":"10,97 €/KG","img":"https://fd2-photos.leclercdrive.fr/image.ashx?id=2921519&use=l&cat=p&typeid=i","cat":316009},{"id":188299,"n":"Jambon Le Bon Paris Herta À l'étouffée x10 - 425g","p":4.61,"u":"10,85 €/KG","img":"https://fd2-photos.leclercdrive.fr/image.ashx?id=2757599&use=l&cat=p&typeid=i","cat":316009},{"id":188383,"n":"Ail blanc bio Bio Village 250g","p":3.79,"u":"15,16 €/KG","img":"https://fd2-photos.leclercdrive.fr/image.ashx?id=2922457&use=l&cat=p&typeid=i","cat":284352},{"id":188704,"n":"Aubergine Eco+ 500g","p":0.99,"u":"1,98 €/KG","img":"https://fd2-photos.leclercdrive.fr/image.ashx?id=2907153&use=l&cat=p&typeid=i","cat":284352},{"id":188719,"n":"Avocat Bio Bio Village En barquette x2","p":2.99,"u":"1,50 €/P","img":"https://fd2-photos.leclercdrive.fr/image.ashx?id=2551984&use=l&cat=p&typeid=i","cat":284352},{"id":188723,"n":"Avocats mûrs à point  Panier du Primeur x2","p":3.39,"u":"1,70 €/P","img":"https://fd2-photos.leclercdrive.fr/image.ashx?id=2373012&use=l&cat=p&typeid=i","cat":284352},{"id":188740,"n":"Avocats Eco+ Filet x3","p":1.58,"u":"0,53 €/P","img":"https://fd2-photos.leclercdrive.fr/image.ashx?id=2373009&use=l&cat=p&typeid=i","cat":284352},{"id":188809,"n":"Banane Bio Max Havelaar  Bio Village x5","p":1.99,"u":"0,40 €/P","img":"https://fd2-photos.leclercdrive.fr/image.ashx?id=2323988&use=l&cat=p&typeid=i","cat":284356},{"id":189070,"n":"Carottes Eco+ Sachet de 2kg","p":1.89,"u":"0,95 €/KG","img":"https://fd2-photos.leclercdrive.fr/image.ashx?id=2922376&use=l&cat=p&typeid=i","cat":284352},{"id":189370,"n":"Champignons de Paris bruns bio Bio Village - Barquette 200g","p":2.49,"u":"12,45 €/KG","img":"https://fd2-photos.leclercdrive.fr/image.ashx?id=2960559&use=l&cat=p&typeid=i","cat":284352},{"id":189760,"n":"Citrons verts Panier du Primeur 500g","p":1.99,"u":"3,98 €/KG","img":"https://fd2-photos.leclercdrive.fr/image.ashx?id=2373018&use=l&cat=p&typeid=i","cat":284356},{"id":189769,"n":"Citron jaune Eco+  Filet 500g","p":0.99,"u":"1,98 €/KG","img":"https://fd2-photos.leclercdrive.fr/image.ashx?id=2619807&use=l&cat=p&typeid=i","cat":284356},{"id":189786,"n":"Citrons verts bio Bio Village Barquette x3","p":2.89,"u":"0,96 €/P","img":"https://fd2-photos.leclercdrive.fr/image.ashx?id=2552017&use=l&cat=p&typeid=i","cat":284356},{"id":189795,"n":"Citrons jaunes non traités Panier du Primeur Sachet x4","p":1.89,"u":"0,47 €/P","img":"https://fd2-photos.leclercdrive.fr/image.ashx?id=2930906&use=l&cat=p&typeid=i","cat":284356},{"id":189828,"n":"Clémentines à feuilles  Barquette 1kg","p":2.89,"u":"2,89 €/KG","img":"https://fd2-photos.leclercdrive.fr/image.ashx?id=1629043&use=l&cat=p&typeid=i","cat":284356},{"id":189924,"n":"Concombre 1p","p":1.79,"img":"https://fd2-photos.leclercdrive.fr/image.ashx?id=1631895&use=l&cat=p&typeid=i","cat":284352},{"id":190264,"n":"Potimarron bio Bio Village 1p","p":2.49,"img":"https://fd2-photos.leclercdrive.fr/image.ashx?id=2645765&use=l&cat=p&typeid=i","cat":284352},{"id":190272,"n":"Potimarron 1p","p":1.69,"img":"https://fd2-photos.leclercdrive.fr/image.ashx?id=1633196&use=l&cat=p&typeid=i","cat":284352},{"id":190437,"n":"Echalote traditionnelle filière Panier du Primeur Filet 250g","p":0.99,"u":"3,96 €/KG","img":"https://fd2-photos.leclercdrive.fr/image.ashx?id=2965500&use=l&cat=p&typeid=i","cat":284352},{"id":190491,"n":"Echalotes Eco+ Filet 500g","p":1.19,"u":"2,38 €/KG","img":"https://fd2-photos.leclercdrive.fr/image.ashx?id=2777946&use=l&cat=p&typeid=i","cat":284352},{"id":190557,"n":"Endive bio Bio Village Sachet 400g","p":3.99,"u":"9,98 €/KG","img":"https://fd2-photos.leclercdrive.fr/image.ashx?id=2655619&use=l&cat=p&typeid=i","cat":284352},{"id":190581,"n":"Épinards à cuire Panier Primeur 400g","p":1.99,"u":"4,98 €/KG","img":"https://fd2-photos.leclercdrive.fr/image.ashx?id=2715994&use=l&cat=p&typeid=i","cat":284353},{"id":190686,"n":"Framboises Panier du Primeur 125g","p":2.59,"u":"20,72 €/KG","img":"https://fd2-photos.leclercdrive.fr/image.ashx?id=2843800&use=l&cat=p&typeid=i","cat":284356},{"id":190899,"n":"Tomates rondes Eco+ Filet 1kg","p":1.89,"u":"1,89 €/KG","img":"https://fd2-photos.leclercdrive.fr/image.ashx?id=2769420&use=l&cat=p&typeid=i","cat":284352},{"id":190950,"n":"Tomate ronde grappe Bio Village Bio - 500g","p":2.49,"u":"4,98 €/KG","img":"https://fd2-photos.leclercdrive.fr/image.ashx?id=2551996&use=l&cat=p&typeid=i","cat":284352},{"id":191969,"n":"Pomme de terre de consommation Eco+ 5kg","p":2.99,"u":"0,60 €/KG","img":"https://fd2-photos.leclercdrive.fr/image.ashx?id=2888926&use=l&cat=p&typeid=i","cat":284352},{"id":192023,"n":"Pommes de terre pour four purée potage Panier du Primeur - 2kg","p":2.29,"u":"1,15 €/KG","img":"https://fd2-photos.leclercdrive.fr/image.ashx?id=2959641&use=l&cat=p&typeid=i","cat":284352},{"id":192024,"n":"Pomme de terre filière vapeur  sautées Panier du Primeur - 2kg","p":2.29,"u":"1,15 €/KG","img":"https://fd2-photos.leclercdrive.fr/image.ashx?id=2959644&use=l&cat=p&typeid=i","cat":284352},{"id":192160,"n":"Pommes de terre Eco+ 1.5kg","p":0.99,"u":"0,66 €/KG","img":"https://fd2-photos.leclercdrive.fr/image.ashx?id=2282349&use=l&cat=p&typeid=i","cat":284352},{"id":192751,"n":"Pommes jaunes Eco+ Sachet 2kg","p":2.99,"u":"1,50 €/KG","img":"https://fd2-photos.leclercdrive.fr/image.ashx?id=2441890&use=l&cat=p&typeid=i","cat":284356},{"id":192763,"n":"Pommes bicolores Panier Primeur HVE - Sachet 1.5kg","p":2.99,"u":"1,99 €/KG","img":"https://fd2-photos.leclercdrive.fr/image.ashx?id=2928279&use=l&cat=p&typeid=i","cat":284356},{"id":192885,"n":"Pomelos Eco+ Filet x3","p":1.79,"u":"0,60 €/P","img":"https://fd2-photos.leclercdrive.fr/image.ashx?id=2680524&use=l&cat=p&typeid=i","cat":284356},{"id":193069,"n":"Poivron Bicolore bio Bio Village x2","p":2.0,"u":"1,00 €/P","img":"https://fd2-photos.leclercdrive.fr/image.ashx?id=2960541&use=l&cat=p&typeid=i","cat":284352},{"id":193080,"n":"Poivrons bicolores Eco+ x2","p":0.99,"u":"0,50 €/P","img":"https://fd2-photos.leclercdrive.fr/image.ashx?id=2709716&use=l&cat=p&typeid=i","cat":284352},{"id":193248,"n":"Poire bio Bio Village Barquette x4","p":2.99,"u":"0,75 €/P","img":"https://fd2-photos.leclercdrive.fr/image.ashx?id=2552002&use=l&cat=p&typeid=i","cat":284356},{"id":193281,"n":"Poires Panier du Primeur Mûre à point Filière x4","p":3.49,"u":"0,87 €/P","img":"https://fd2-photos.leclercdrive.fr/image.ashx?id=2955038&use=l&cat=p&typeid=i","cat":284356},{"id":193305,"n":"Poires Eco+ Barquette 1kg","p":1.99,"u":"1,99 €/KG","img":"https://fd2-photos.leclercdrive.fr/image.ashx?id=2909374&use=l&cat=p&typeid=i","cat":284356},{"id":193535,"n":"Kiwis Bio Bio Village x6","p":3.49,"u":"0,58 €/P","img":"https://fd2-photos.leclercdrive.fr/image.ashx?id=2556443&use=l&cat=p&typeid=i","cat":284356},{"id":193563,"n":"Kiwi vert 1p","p":0.65,"img":"https://fd2-photos.leclercdrive.fr/image.ashx?id=2077670&use=l&cat=p&typeid=i","cat":284356},{"id":193607,"n":"Kiwi jaune 1p","p":1.0,"img":"https://fd2-photos.leclercdrive.fr/image.ashx?id=1633952&use=l&cat=p&typeid=i","cat":284356},{"id":193756,"n":"Myrtilles Panier du Primeur 125g","p":1.99,"u":"15,92 €/KG","img":"https://fd2-photos.leclercdrive.fr/image.ashx?id=2375773&use=l&cat=p&typeid=i","cat":284356},{"id":193875,"n":"Légumes pour pot au feu Panier du Primeur - 1kg","p":1.79,"u":"1,79 €/KG","img":"https://fd2-photos.leclercdrive.fr/image.ashx?id=2958717&use=l&cat=p&typeid=i","cat":284352},{"id":194064,"n":"Jambon Le Bon Paris Herta  sans nitrite x6 - 210g","p":3.46,"u":"16,48 €/KG","img":"https://fd2-photos.leclercdrive.fr/image.ashx?id=2731396&use=l&cat=p&typeid=i","cat":316009},{"id":194071,"n":"Jambon Le Bon Paris Herta -25% de sel x2 - 70g","p":1.4,"u":"20,00 €/KG","img":"https://fd2-photos.leclercdrive.fr/image.ashx?id=2405899&use=l&cat=p&typeid=i","cat":316009},{"id":194073,"n":"Jambon Le Bon Paris Herta -25% de sel x4 - 140g","p":2.22,"u":"15,86 €/KG","img":"https://fd2-photos.leclercdrive.fr/image.ashx?id=2995067&use=l&cat=p&typeid=i","cat":316009},{"id":194075,"n":"Jambon Le Bon Paris Herta -25%  de sel sans nitrite x4 - 140g","p":2.6,"u":"18,57 €/KG","img":"https://fd2-photos.leclercdrive.fr/image.ashx?id=2910124&use=l&cat=p&typeid=i","cat":316009},{"id":194078,"n":"Jambon Le Bon Paris Herta Fumé x4 - 140g","p":2.32,"u":"16,57 €/KG","img":"https://fd2-photos.leclercdrive.fr/image.ashx?id=2918664&use=l&cat=p&typeid=i","cat":316009},{"id":194081,"n":"Jambon Le Bon Paris Fumé Herta sans nitrite x4 - 140g","p":2.56,"u":"18,29 €/KG","img":"https://fd2-photos.leclercdrive.fr/image.ashx?id=2881807&use=l&cat=p&typeid=i","cat":316009},{"id":194292,"n":"Croquette chien poulet Edgard et Cooper - 1kg","p":10.15,"u":"10,15 €/KG","img":"https://fd2-photos.leclercdrive.fr/image.ashx?id=2407964&use=l&cat=p&typeid=i","cat":284672},{"id":194293,"n":"Croquette chiot poulet Edgard et Cooper - 1kg","p":6.21,"u":"6,21 €/KG","img":"https://fd2-photos.leclercdrive.fr/image.ashx?id=2407967&use=l&cat=p&typeid=i","cat":284672},{"id":194296,"n":"Bloc de fromage Leerdammer Le Moelleux - 250g","p":3.44,"u":"13,76 €/KG","img":"https://fd2-photos.leclercdrive.fr/image.ashx?id=2421606&use=l&cat=p&typeid=i","cat":314034},{"id":194297,"n":"Tranches de fromage Leerdammer L'Original - 8 Tranches - 200g","p":2.42,"u":"12,10 €/KG","img":"https://fd2-photos.leclercdrive.fr/image.ashx?id=2489199&use=l&cat=p&typeid=i","cat":314028},{"id":194298,"n":"Tranches de fromage Leerdammer L'Original - 16 Tranches - 400g","p":4.58,"u":"11,45 €/KG","img":"https://fd2-photos.leclercdrive.fr/image.ashx?id=2489196&use=l&cat=p&typeid=i","cat":314028},{"id":194302,"n":"Tranches de fromage Leerdammer Le Moelleux - 6 Tranches - 150g","p":2.34,"u":"15,60 €/KG","img":"https://fd2-photos.leclercdrive.fr/image.ashx?id=2507590&use=l&cat=p&typeid=i","cat":314028},{"id":194310,"n":"Bonbons KINDER Schoko-Bons Chocolat blanc - 200G","p":3.85,"u":"19,25 €/KG","img":"https://fd2-photos.leclercdrive.fr/image.ashx?id=2406265&use=l&cat=p&typeid=i","cat":304238},{"id":194329,"n":"Huile végétale amande douce bio 250ml","p":19.49,"u":"77,96 €/L","img":"https://fd2-photos.leclercdrive.fr/image.ashx?id=2407646&use=l&cat=p&typeid=i","cat":290422},{"id":194333,"n":"Soin yeux Vichy Minéral Fortifiant & réparateur - 15ml","p":18.66,"img":"https://fd2-photos.leclercdrive.fr/image.ashx?id=2406043&use=l&cat=p&typeid=i","cat":291172},{"id":194334,"n":"Fluide Capital Soleil Vichy SPF50  - 40ml","p":16.49,"u":"412,25 €/L","img":"https://fd2-photos.leclercdrive.fr/image.ashx?id=3001365&use=l&cat=p&typeid=i","cat":290396},{"id":194347,"n":"Crème regénération cellulaire Avène Hyaluron Activ B3 - 50ml","p":29.99,"u":"599,80 €/L","img":"https://fd2-photos.leclercdrive.fr/image.ashx?id=2733151&use=l&cat=p&typeid=i","cat":291168},{"id":194351,"n":"Soin regard triple correction Avène - 15ml","p":27.2,"img":"https://fd2-photos.leclercdrive.fr/image.ashx?id=2636341&use=l&cat=p&typeid=i","cat":291172},{"id":194354,"n":"Crème multi-intensive nuit Avène - 40ml","p":31.99,"u":"799,75 €/L","img":"https://fd2-photos.leclercdrive.fr/image.ashx?id=2968262&use=l&cat=p&typeid=i","cat":291171},{"id":194360,"n":"Anacaps expert chute de cheveux Ducray - x90 gélules","p":25.89,"img":"https://fd2-photos.leclercdrive.fr/image.ashx?id=2556159&use=l&cat=p&typeid=i","cat":301266},{"id":194862,"n":"Betterave Notre Jardin Rouge entière - 250g","p":0.65,"u":"2,60 €/KG","img":"https://fd2-photos.leclercdrive.fr/image.ashx?id=2888389&use=l&cat=p&typeid=i","cat":284352},{"id":195919,"n":"Jambon Le Bon Paris Herta  sans nitrite x2 - 70g","p":1.68,"u":"24,00 €/KG","img":"https://fd2-photos.leclercdrive.fr/image.ashx?id=2413531&use=l&cat=p&typeid=i","cat":316009},{"id":195960,"n":"Coton-tiges bébé Mots d'Enfants Bio - x60","p":0.65,"u":"0,01 €/P","img":"https://fd2-photos.leclercdrive.fr/image.ashx?id=3015129&use=l&cat=p&typeid=i","cat":284739},{"id":195983,"n":"Liquide vaisselle Excel Paic Dégraissant actif à froid 500ml","p":1.92,"u":"3,84 €/L","img":"https://fd2-photos.leclercdrive.fr/image.ashx?id=2413182&use=l&cat=p&typeid=i","cat":284655},{"id":196116,"n":"Jambon Le Bon Paris Herta  -25% Sel x6 - 210g","p":2.78,"u":"13,24 €/KG","img":"https://fd2-photos.leclercdrive.fr/image.ashx?id=2707750&use=l&cat=p&typeid=i","cat":316009},{"id":196175,"n":"Capsules Starbucks by Nespresso  House Blend Int 8 - x18","p":6.05,"u":"58,74 €/KG","img":"https://fd2-photos.leclercdrive.fr/image.ashx?id=3009113&use=l&cat=p&typeid=i","cat":284749},{"id":196241,"n":"Jambon supérieur Eco+ Sans couenne 4 tranches - 160g","p":1.44,"u":"9,00 €/KG","img":"https://fd2-photos.leclercdrive.fr/image.ashx?id=2744407&use=l&cat=p&typeid=i","cat":316009},{"id":196266,"n":"Mousse à Raser 0% Alcool Mennen Peaux sensibles - 250ml","p":2.24,"u":"8,96 €/L","img":"https://fd2-photos.leclercdrive.fr/image.ashx?id=2661733&use=l&cat=p&typeid=i","cat":284617},{"id":196267,"n":"Mousse à Raser 0% Alcool Mennen Hypoallergénique - 250ml","p":2.24,"u":"8,96 €/L","img":"https://fd2-photos.leclercdrive.fr/image.ashx?id=2661736&use=l&cat=p&typeid=i","cat":284617},{"id":196278,"n":"Crème à récurer CIF Citron CleanBoost 101 Usages 750ml","p":2.53,"u":"3,37 €/L","img":"https://fd2-photos.leclercdrive.fr/image.ashx?id=2948540&use=l&cat=p&typeid=i","cat":325357},{"id":196280,"n":"Couches Jumbo Biolane Taille 5 - x40","p":17.4,"u":"0,44 €/P","img":"https://fd2-photos.leclercdrive.fr/image.ashx?id=2876527&use=l&cat=p&typeid=i","cat":284737},{"id":196282,"n":"Couches culottes Biolane Eco-responsables Taille 4 - x42","p":22.68,"u":"0,54 €/P","img":"https://fd2-photos.leclercdrive.fr/image.ashx?id=2876533&use=l&cat=p&typeid=i","cat":284737},{"id":196315,"n":"Assortiment Noël Delacre Biscuits tea time - 600g","p":7.31,"u":"12,18 €/KG","img":"https://fd2-photos.leclercdrive.fr/image.ashx?id=2962155&use=l&cat=p&typeid=i","cat":284490},{"id":196319,"n":"Jambon supérieur Eco+ Avec couenne 4 tranches - 160g","p":1.57,"u":"9,81 €/KG","img":"https://fd2-photos.leclercdrive.fr/image.ashx?id=2706550&use=l&cat=p&typeid=i","cat":316009},{"id":196320,"n":"Jambon supérieur Eco+ Avec couenne 6 tranches - 240g","p":2.29,"u":"9,54 €/KG","img":"https://fd2-photos.leclercdrive.fr/image.ashx?id=2706553&use=l&cat=p&typeid=i","cat":316009},{"id":196321,"n":"Jambon supérieur Eco+ Sans couenne 6 tranches - 240g","p":2.15,"u":"8,96 €/KG","img":"https://fd2-photos.leclercdrive.fr/image.ashx?id=2706556&use=l&cat=p&typeid=i","cat":316009},{"id":196378,"n":"Boîte chocolats Ferrero Rocher x16 pralines - 200g","p":5.41,"u":"27,05 €/KG","img":"https://fd2-photos.leclercdrive.fr/image.ashx?id=2963841&use=l&cat=p&typeid=i","cat":327600},{"id":196383,"n":"Assortiment Etoile Delacre Biscuits - 454g","p":12.17,"u":"26,81 €/KG","img":"https://fd2-photos.leclercdrive.fr/image.ashx?id=2946919&use=l&cat=p&typeid=i","cat":284490},{"id":196423,"n":"Mini roc Côte d'Or Mix - 195g","p":7.49,"u":"38,41 €/KG","img":"https://fd2-photos.leclercdrive.fr/image.ashx?id=2427491&use=l&cat=p&typeid=i","cat":327595},{"id":196431,"n":"Beurre Nature de Breton  Demi-sel - 80% MG - 250g","p":2.6,"u":"10,40 €/KG","img":"https://fd2-photos.leclercdrive.fr/image.ashx?id=2872042&use=l&cat=p&typeid=i","cat":284379},{"id":196439,"n":"Beurre Nature de Breton Doux - 82% MG - 250g","p":2.51,"u":"10,04 €/KG","img":"https://fd2-photos.leclercdrive.fr/image.ashx?id=2872039&use=l&cat=p&typeid=i","cat":284379},{"id":196452,"n":"Authentique Revillon  Pralinés - 360g","p":8.66,"u":"24,06 €/KG","img":"https://fd2-photos.leclercdrive.fr/image.ashx?id=2662000&use=l&cat=p&typeid=i","cat":327597},{"id":196500,"n":"Authentique Révillon Noir Lait et Blanc - 360g","p":9.69,"u":"26,92 €/KG","img":"https://fd2-photos.leclercdrive.fr/image.ashx?id=2661994&use=l&cat=p&typeid=i","cat":327597},{"id":196526,"n":"Papillotes Révillon Pâtes de   fruits de nos région - 370g","p":11.47,"u":"31,00 €/KG","img":"https://fd2-photos.leclercdrive.fr/image.ashx?id=2662122&use=l&cat=p&typeid=i","cat":327597},{"id":196566,"n":"Fromage de Chèvre Chavroux Frais Nature - 150g","p":1.95,"u":"13,00 €/KG","img":"https://fd2-photos.leclercdrive.fr/image.ashx?id=2912161&use=l&cat=p&typeid=i","cat":314031},{"id":196647,"n":"Spray dégraissant Chanteclair Universel Marseille - 600ml","p":2.33,"u":"3,88 €/L","img":"https://fd2-photos.leclercdrive.fr/image.ashx?id=2419743&use=l&cat=p&typeid=i","cat":325357},{"id":196685,"n":"Pizza Numero Uno Italpizza Margherita - 410g","p":3.29,"u":"8,02 €/KG","img":"https://fd2-photos.leclercdrive.fr/image.ashx?id=2419752&use=l&cat=p&typeid=i","cat":284256},{"id":196686,"n":"Pizza Numero Uno Italpizza Prosciutto & Funghi - 440g","p":3.33,"u":"7,57 €/KG","img":"https://fd2-photos.leclercdrive.fr/image.ashx?id=2419758&use=l&cat=p&typeid=i","cat":284256},{"id":196687,"n":"Pizza Numero Uno Italpizza 5 Fromaggi - 410g","p":3.58,"u":"8,73 €/KG","img":"https://fd2-photos.leclercdrive.fr/image.ashx?id=2419761&use=l&cat=p&typeid=i","cat":284256},{"id":196689,"n":"Pizza Numero Uno Italpizza Tonno e Cipolla - 410g","p":3.58,"u":"8,73 €/KG","img":"https://fd2-photos.leclercdrive.fr/image.ashx?id=2419764&use=l&cat=p&typeid=i","cat":284256},{"id":196800,"n":"Lait de croissance Picot 3ème âge - 850g","p":12.38,"u":"14,56 €/KG","img":"https://fd2-photos.leclercdrive.fr/image.ashx?id=2925427&use=l&cat=p&typeid=i","cat":290219},{"id":196829,"n":"Poivre rouge Sainte Lucie Kampot - 52g","p":7.55,"u":"145,19 €/KG","img":"https://fd2-photos.leclercdrive.fr/image.ashx?id=2421147&use=l&cat=p&typeid=i","cat":284457},{"id":196832,"n":"Assaisonnement  Ducros Persillade - 95g","p":2.24,"u":"23,58 €/KG","img":"https://fd2-photos.leclercdrive.fr/image.ashx?id=2421153&use=l&cat=p&typeid=i","cat":298297},{"id":196965,"n":"Liqueur de menthe Get 27 17,9° - 70cl","p":10.95,"u":"15,64 €/L","img":"https://fd2-photos.leclercdrive.fr/image.ashx?id=2835565&use=l&cat=p&typeid=i","cat":286032},{"id":196989,"n":"Assortiment compotes x Materne  Pomme Poire banane mangue 100g","p":6.19,"u":"3,87 €/KG","img":"https://fd2-photos.leclercdrive.fr/image.ashx?id=2721595&use=l&cat=p&typeid=i","cat":284508},{"id":197161,"n":"Traîneau chocolat oeuf Kinder Jaune - 75g","p":3.46,"u":"46,13 €/KG","img":"https://fd2-photos.leclercdrive.fr/image.ashx?id=2426809&use=l&cat=p&typeid=i","cat":327592},{"id":197163,"n":"Traîneau chocolat œuf Kinder Blanc - 75g","p":3.46,"u":"46,13 €/KG","img":"https://fd2-photos.leclercdrive.fr/image.ashx?id=2426812&use=l&cat=p&typeid=i","cat":327592},{"id":197164,"n":"Traîneau chocolat œuf Kinder Vert - 75g","p":3.46,"u":"46,13 €/KG","img":"https://fd2-photos.leclercdrive.fr/image.ashx?id=2426815&use=l&cat=p&typeid=i","cat":327592},{"id":197174,"n":"Colle Super glue 3 Loctite Power gel - 3x1g","p":4.45,"u":"1,48 €/P","img":"https://fd2-photos.leclercdrive.fr/image.ashx?id=2425682&use=l&cat=p&typeid=i","cat":300576},{"id":197242,"n":"Oranges à jus Panier du Primeur Filet 2kg","p":1.99,"u":"1,00 €/KG","img":"https://fd2-photos.leclercdrive.fr/image.ashx?id=2414570&use=l&cat=p&typeid=i","cat":284356},{"id":197247,"n":"Oranges à déguster Panier du Primeur Filet 2kg","p":3.19,"u":"1,60 €/KG","img":"https://fd2-photos.leclercdrive.fr/image.ashx?id=2414567&use=l&cat=p&typeid=i","cat":284356},{"id":197277,"n":"Orange à déguster bio Bio Village Sachet x4","p":2.79,"u":"0,70 €/P","img":"https://fd2-photos.leclercdrive.fr/image.ashx?id=2801061&use=l&cat=p&typeid=i","cat":284356},{"id":197444,"n":"Friandise pour chat Dentalife Chat adulte - Poulet - 140g","p":4.19,"u":"29,93 €/KG","img":"https://fd2-photos.leclercdrive.fr/image.ashx?id=2901127&use=l&cat=p&typeid=i","cat":285285},{"id":197625,"n":"Tablette de chocolat noir Lindt 3x100g","p":4.5,"u":"15,00 €/KG","img":"https://fd2-photos.leclercdrive.fr/image.ashx?id=2721422&use=l&cat=p&typeid=i","cat":284956},{"id":197697,"n":"Crème de nuit L'Oréal Paris Age perfect Anti-âge - 50ml","p":11.97,"pp":7.9,"u":"158,00 €/L","img":"https://fd2-photos.leclercdrive.fr/image.ashx?id=2428441&use=l&cat=p&typeid=i","cat":325345},{"id":197713,"n":"Fromage à Tartiner St Môret  Nature - 500g","p":5.24,"pp":4.19,"u":"8,38 €/KG","img":"https://fd2-photos.leclercdrive.fr/image.ashx?id=2427991&use=l&cat=p&typeid=i","cat":314029},{"id":197776,"n":"Truffes Chevaliers d'Argouges Fantaisies bio noir - 160g","p":7.57,"u":"47,31 €/KG","img":"https://fd2-photos.leclercdrive.fr/image.ashx?id=2429374&use=l&cat=p&typeid=i","cat":327600},{"id":197911,"n":"Bloc de foie gras de canard Jean Larnaudie - Lingot 270g","p":25.3,"u":"93,70 €/KG","img":"https://fd2-photos.leclercdrive.fr/image.ashx?id=2429791&use=l&cat=p&typeid=i","cat":316008},{"id":197913,"n":"Foie gras de canard entier IGP Jean Larnaudie - Lobe 100g","p":15.9,"u":"159,00 €/KG","img":"https://fd2-photos.leclercdrive.fr/image.ashx?id=2429788&use=l&cat=p&typeid=i","cat":316008},{"id":197930,"n":"Kiwi jaune Panier du Primeur x4","p":3.49,"u":"0,87 €/P","img":"https://fd2-photos.leclercdrive.fr/image.ashx?id=2928303&use=l&cat=p&typeid=i","cat":284356},{"id":198001,"n":"Tomate cerise Eco+ Barquette 250g","p":0.99,"u":"3,96 €/KG","img":"https://fd2-photos.leclercdrive.fr/image.ashx?id=2968067&use=l&cat=p&typeid=i","cat":284352},{"id":198193,"n":"Bière Lindemans framboise 25cl","p":1.83,"u":"7,32 €/L","img":"https://fd2-photos.leclercdrive.fr/image.ashx?id=2433458&use=l&cat=p&typeid=i","cat":334872},{"id":198195,"n":"Bière Lindemans New Pecheresse 25cl","p":1.83,"u":"7,32 €/L","img":"https://fd2-photos.leclercdrive.fr/image.ashx?id=2433461&use=l&cat=p&typeid=i","cat":334872},{"id":198268,"n":"Gin Bombay Citron Pressé 37,5° - 70cl","p":22.36,"u":"31,94 €/L","img":"https://fd2-photos.leclercdrive.fr/image.ashx?id=2842951&use=l&cat=p&typeid=i","cat":284550},{"id":198319,"n":"Boisson énergisante Monster Mango loco - 4x50cl","p":5.7,"u":"2,85 €/L","img":"https://fd2-photos.leclercdrive.fr/image.ashx?id=2983465&use=l&cat=p&typeid=i","cat":284533},{"id":198523,"n":"Desserts Lactés P'TIT ONCTUEUX Fromage blanc 6M+ - 4x90g","p":1.97,"u":"5,47 €/KG","img":"https://fd2-photos.leclercdrive.fr/image.ashx?id=2435707&use=l&cat=p&typeid=i","cat":312392},{"id":198535,"n":"Velouté Knorr Légumes français -1L","p":3.01,"u":"3,01 €/L","img":"https://fd2-photos.leclercdrive.fr/image.ashx?id=2435935&use=l&cat=p&typeid=i","cat":284462},{"id":198623,"n":"Capsules Nescafé Dolce Gusto  Double Espresso - x16","p":4.58,"u":"33,68 €/KG","img":"https://fd2-photos.leclercdrive.fr/image.ashx?id=2687245&use=l&cat=p&typeid=i","cat":293239},{"id":198669,"n":"Sugo al basilico  340g","p":1.69,"u":"4,97 €/KG","img":"https://fd2-photos.leclercdrive.fr/image.ashx?id=2840025&use=l&cat=p&typeid=i","cat":288384},{"id":198680,"n":"Bûchettes Délices Pilpa Macaron 660ml","p":3.24,"u":"4,91 €/L","img":"https://fd2-photos.leclercdrive.fr/image.ashx?id=2438768&use=l&cat=p&typeid=i","cat":284266},{"id":198806,"n":"Fromage pour Tartiflette Président - 480g","p":5.49,"u":"11,44 €/KG","img":"https://fd2-photos.leclercdrive.fr/image.ashx?id=2757018&use=l&cat=p&typeid=i","cat":314037},{"id":198835,"n":"Gel à raser Satin Care Gillette Nettoyant 2 en 1 - 190ML","p":12.02,"u":"63,26 €/L","img":"https://fd2-photos.leclercdrive.fr/image.ashx?id=2529132&use=l&cat=p&typeid=i","cat":325352},{"id":198877,"n":"Rasoir Mach 3 Gillette 3 lames -x1","p":10.58,"img":"https://fd2-photos.leclercdrive.fr/image.ashx?id=2971416&use=l&cat=p&typeid=i","cat":284616},{"id":198920,"n":"Lames de rasoir GilletteLabs x4","p":23.6,"u":"5,90 €/P","img":"https://fd2-photos.leclercdrive.fr/image.ashx?id=2437683&use=l&cat=p&typeid=i","cat":284616},{"id":198924,"n":"Gel à raser GilletteLabs Skin Care - 198ml","p":5.79,"u":"29,24 €/MT","img":"https://fd2-photos.leclercdrive.fr/image.ashx?id=2955215&use=l&cat=p&typeid=i","cat":284617},{"id":198980,"n":"Bûche glacée Nestlé Nougatine - 540g","p":5.98,"u":"11,07 €/KG","img":"https://fd2-photos.leclercdrive.fr/image.ashx?id=2936716&use=l&cat=p&typeid=i","cat":284266},{"id":199018,"n":"AOC Beaumes de Venise rouge Grand Cardinal de Bonpas - 75cl","p":8.5,"pp":6.37,"u":"8,49 €/L","img":"https://fd2-photos.leclercdrive.fr/image.ashx?id=2830150&use=l&cat=p&typeid=i","cat":289556},{"id":199097,"n":"Chocolat Père Noel Kinder 160g","p":5.34,"u":"33,38 €/KG","img":"https://fd2-photos.leclercdrive.fr/image.ashx?id=2764308&use=l&cat=p&typeid=i","cat":327592},{"id":199134,"n":"Moulage chocolat Kinder Père Noel - 110g","p":3.65,"u":"33,18 €/KG","img":"https://fd2-photos.leclercdrive.fr/image.ashx?id=2438108&use=l&cat=p&typeid=i","cat":327592},{"id":199267,"n":"Bûche glacée Pilpa Douceur Citron Meringue 464g","p":5.27,"u":"11,36 €/KG","img":"https://fd2-photos.leclercdrive.fr/image.ashx?id=2751030&use=l&cat=p&typeid=i","cat":284266},{"id":199276,"n":"Bûche glacée Pilpa  Fraise façon liégeois - 555g","p":5.27,"u":"9,50 €/KG","img":"https://fd2-photos.leclercdrive.fr/image.ashx?id=2751666&use=l&cat=p&typeid=i","cat":284266},{"id":199461,"n":"Chocolat Kinder Surprise x6 oeufs - 6x20g","p":7.57,"u":"63,08 €/KG","img":"https://fd2-photos.leclercdrive.fr/image.ashx?id=2826336&use=l&cat=p&typeid=i","cat":327592},{"id":199510,"n":"Cervelas Herta Sans nitrite - 400g","p":3.91,"u":"9,78 €/KG","img":"https://fd2-photos.leclercdrive.fr/image.ashx?id=2443835&use=l&cat=p&typeid=i","cat":316012},{"id":199552,"n":"Dentifrice Elmex Anti-caries Original - 75ml","p":4.59,"u":"61,20 €/L","img":"https://fd2-photos.leclercdrive.fr/image.ashx?id=2852181&use=l&cat=p&typeid=i","cat":284612},{"id":199553,"n":"Dentifrice Elmex Sensitive Original - 75ml","p":4.45,"u":"59,33 €/L","img":"https://fd2-photos.leclercdrive.fr/image.ashx?id=2738404&use=l&cat=p&typeid=i","cat":284612},{"id":199554,"n":"Dentifrice Elmex Sensitive  Haleine fraîche - 75ml","p":3.81,"u":"50,80 €/L","img":"https://fd2-photos.leclercdrive.fr/image.ashx?id=2738407&use=l&cat=p&typeid=i","cat":284612},{"id":199559,"n":"Dentifrice Elmex Sensitive  Blancheur douce - 2x75ml","p":9.1,"u":"60,67 €/MT","img":"https://fd2-photos.leclercdrive.fr/image.ashx?id=2738425&use=l&cat=p&typeid=i","cat":284612},{"id":199678,"n":"Lait vitaminé Viva Candia  1% MG Méga Format - 10x1L","p":10.29,"u":"1,03 €/L","img":"https://fd2-photos.leclercdrive.fr/image.ashx?id=2442665&use=l&cat=p&typeid=i","cat":317169},{"id":199817,"n":"Vodka Absolut Raspberries - 70cl 38% vol.","p":19.57,"u":"27,96 €/L","img":"https://fd2-photos.leclercdrive.fr/image.ashx?id=2871139&use=l&cat=p&typeid=i","cat":284550},{"id":200062,"n":"Bûche glacée Nestlé craquante Vanille Caramel - 540g","p":5.98,"u":"11,07 €/KG","img":"https://fd2-photos.leclercdrive.fr/image.ashx?id=2750462&use=l&cat=p&typeid=i","cat":284266},{"id":200135,"n":"Liqueur de menthe Get 27 Edition Limitée 17,9° - 70cl","p":10.95,"u":"15,64 €/L","img":"https://fd2-photos.leclercdrive.fr/image.ashx?id=2445787&use=l&cat=p&typeid=i","cat":286032},{"id":200175,"n":"Plat bébé soir Blédiner 15 mois Pâtes légumes - 200g","p":2.54,"u":"12,70 €/KG","img":"https://fd2-photos.leclercdrive.fr/image.ashx?id=2866295&use=l&cat=p&typeid=i","cat":312239},{"id":200202,"n":"Repas bébé Blédina 15 mois carotte haricot riz bœuf 200g","p":2.57,"u":"12,85 €/KG","img":"https://fd2-photos.leclercdrive.fr/image.ashx?id=2586586&use=l&cat=p&typeid=i","cat":312238},{"id":200218,"n":"Repas bébé Blédina 15 mois carotte pâte épices poulet 200g","p":2.57,"u":"12,85 €/KG","img":"https://fd2-photos.leclercdrive.fr/image.ashx?id=2951632&use=l&cat=p&typeid=i","cat":312238},{"id":200263,"n":"Fromage Boursault  Extra Crèmeux - 200g","p":3.5,"u":"17,50 €/KG","img":"https://fd2-photos.leclercdrive.fr/image.ashx?id=2446458&use=l&cat=p&typeid=i","cat":329558},{"id":200304,"n":"Champagne G.H Martel & Cie Extra brut - 75cl","p":21.9,"pp":18.61,"u":"24,81 €/L","img":"https://fd2-photos.leclercdrive.fr/image.ashx?id=2447948&use=l&cat=p&typeid=i","cat":284542},{"id":200323,"n":"Cassoulet Castelnaudary NRT 420g","p":2.5,"u":"5,95 €/KG","img":"https://fd2-photos.leclercdrive.fr/image.ashx?id=2805990&use=l&cat=p&typeid=i","cat":284440},{"id":200368,"n":"Tartines croustillantes Wasa Complet - 260g","p":2.28,"u":"8,77 €/KG","img":"https://fd2-photos.leclercdrive.fr/image.ashx?id=2448196&use=l&cat=p&typeid=i","cat":284479},{"id":200377,"n":"Plat bébé soir Blédîner 15 mois Légumes macaroni persil - 200g","p":2.65,"u":"13,25 €/KG","img":"https://fd2-photos.leclercdrive.fr/image.ashx?id=2866292&use=l&cat=p&typeid=i","cat":312239},{"id":200379,"n":"Cassoulet Castelnaud NRT 840g","p":4.3,"u":"5,12 €/KG","img":"https://fd2-photos.leclercdrive.fr/image.ashx?id=2805993&use=l&cat=p&typeid=i","cat":284440},{"id":200713,"n":"Biscuits BN Choco Star Chocolat au lait - 195g","p":1.9,"u":"9,74 €/KG","img":"https://fd2-photos.leclercdrive.fr/image.ashx?id=2730487&use=l&cat=p&typeid=i","cat":284488},{"id":200714,"n":"Céréales Lion Nestlé   Triple Crunchy - 550g","p":4.24,"u":"7,71 €/KG","img":"https://fd2-photos.leclercdrive.fr/image.ashx?id=2893538&use=l&cat=p&typeid=i","cat":309513},{"id":200763,"n":"Gel lavant hydratant Sanytol Aloe vera Bio - 250ml","p":2.5,"u":"10,00 €/L","img":"https://fd2-photos.leclercdrive.fr/image.ashx?id=2905273&use=l&cat=p&typeid=i","cat":284597},{"id":200987,"n":"Mini burger Jacquet Nature x10 - 210g","p":1.76,"u":"8,38 €/KG","img":"https://fd2-photos.leclercdrive.fr/image.ashx?id=2991873&use=l&cat=p&typeid=i","cat":325067},{"id":201001,"n":"Eau de source de Montagne 8L","p":1.89,"u":"0,24 €/L","img":"https://fd2-photos.leclercdrive.fr/image.ashx?id=2453162&use=l&cat=p&typeid=i","cat":284535},{"id":201017,"n":"Crêpes dentelles Bretagne NRT 120g","p":1.72,"u":"14,33 €/KG","img":"https://fd2-photos.leclercdrive.fr/image.ashx?id=2622359&use=l&cat=p&typeid=i","cat":284487},{"id":201107,"n":"Café dosettes Tassimo Café au Lait x21","p":5.71,"u":"23,60 €/KG","img":"https://fd2-photos.leclercdrive.fr/image.ashx?id=2457605&use=l&cat=p&typeid=i","cat":293240},{"id":201298,"n":"Fromage enfant La Vache qui rit Original 12P à tartiner - 192g","p":2.47,"u":"12,86 €/KG","img":"https://fd2-photos.leclercdrive.fr/image.ashx?id=2945442&use=l&cat=p&typeid=i","cat":314030},{"id":201300,"n":"Fromage enfant La Vache qui rit Original 32P à tartiner - 512g","p":4.75,"u":"9,28 €/KG","img":"https://fd2-photos.leclercdrive.fr/image.ashx?id=2945448&use=l&cat=p&typeid=i","cat":314030},{"id":201341,"n":"Iceberg Eco+","p":0.99,"img":"https://fd2-photos.leclercdrive.fr/image.ashx?id=2715747&use=l&cat=p&typeid=i","cat":284352},{"id":201346,"n":"Lingettes bébé Biolane papier toilette - x54","p":2.63,"u":"0,05 €/P","img":"https://fd2-photos.leclercdrive.fr/image.ashx?id=2875375&use=l&cat=p&typeid=i","cat":284738},{"id":201460,"n":"Terrine de campagne Côté Table Sel de guérande - 180g","p":1.47,"u":"8,17 €/KG","img":"https://fd2-photos.leclercdrive.fr/image.ashx?id=2460418&use=l&cat=p&typeid=i","cat":305149},{"id":201498,"n":"Crème mains réparatrice Formule indienne Dermophil 75ml","p":3.74,"u":"49,87 €/L","img":"https://fd2-photos.leclercdrive.fr/image.ashx?id=2880784&use=l&cat=p&typeid=i","cat":325354},{"id":201571,"n":"Viande bovine Bourguignon ** à mijoter - 500g","p":6.79,"u":"13,58 €/KG","img":"https://fd2-photos.leclercdrive.fr/image.ashx?id=2930933&use=l&cat=p&typeid=i","cat":284328},{"id":201572,"n":"Sauté de porc Atelier Boucherie VPF - 500g","p":4.59,"u":"9,18 €/KG","img":"https://fd2-photos.leclercdrive.fr/image.ashx?id=2932707&use=l&cat=p&typeid=i","cat":284331},{"id":201688,"n":"Beurre plaquette Eco+ Doux - 60% MG  - 200g","p":1.45,"u":"7,25 €/KG","img":"https://fd2-photos.leclercdrive.fr/image.ashx?id=2794187&use=l&cat=p&typeid=i","cat":284379},{"id":201690,"n":"Beurre plaquette Eco+ Demi-sel - 60% MG - 200g","p":1.47,"u":"7,35 €/KG","img":"https://fd2-photos.leclercdrive.fr/image.ashx?id=2794184&use=l&cat=p&typeid=i","cat":284379},{"id":201692,"n":"Frites Crousti Express Findus Micro-ondes Allumette 2x100g","p":1.71,"u":"8,55 €/KG","img":"https://fd2-photos.leclercdrive.fr/image.ashx?id=2648274&use=l&cat=p&typeid=i","cat":319791},{"id":201693,"n":"Frites Crousti Express Findus Micro-ondes Classique 2x100g","p":1.62,"u":"8,10 €/KG","img":"https://fd2-photos.leclercdrive.fr/image.ashx?id=2648271&use=l&cat=p&typeid=i","cat":319791},{"id":201702,"n":"Bière Leffe Ruby 5% - 6x25cl","p":5.25,"u":"3,50 €/L","img":"https://fd2-photos.leclercdrive.fr/image.ashx?id=2811581&use=l&cat=p&typeid=i","cat":334878},{"id":201706,"n":"Bière Leffe Ruby 5% - 12x25cl","p":9.02,"u":"3,01 €/L","img":"https://fd2-photos.leclercdrive.fr/image.ashx?id=2813008&use=l&cat=p&typeid=i","cat":334878},{"id":201725,"n":"Lait Solaire SPF50+ Garnier Hypoallergénique - 175ml","p":10.91,"u":"62,34 €/L","img":"https://fd2-photos.leclercdrive.fr/image.ashx?id=2569728&use=l&cat=p&typeid=i","cat":325355},{"id":201726,"n":"Spray Solaire Enfants Garnier Hypoallergénique SPF50+ - 150ml","p":10.59,"u":"70,60 €/L","img":"https://fd2-photos.leclercdrive.fr/image.ashx?id=2552847&use=l&cat=p&typeid=i","cat":325355},{"id":201734,"n":"Lait protection Solaire Mixa Anti-sel, Chlore SPF50+ - 175ml","p":10.4,"u":"59,43 €/L","img":"https://fd2-photos.leclercdrive.fr/image.ashx?id=2464189&use=l&cat=p&typeid=i","cat":325355},{"id":201765,"n":"Ambre Solaire Sérum Garnier Super UV SPF50+ - 30ml","p":10.54,"u":"351,33 €/L","img":"https://fd2-photos.leclercdrive.fr/image.ashx?id=2735374&use=l&cat=p&typeid=i","cat":325355},{"id":201772,"n":"Dentifrice Elmex Sensitive Blancheur douce - 75ml","p":4.82,"u":"64,27 €/L","img":"https://fd2-photos.leclercdrive.fr/image.ashx?id=2721187&use=l&cat=p&typeid=i","cat":284612},{"id":201774,"n":"Sous-vêtements nuit DryNites® Garçons 4-7 ans (17-30 kg) x16","p":11.71,"u":"0,73 €/P","img":"https://fd2-photos.leclercdrive.fr/image.ashx?id=2844727&use=l&cat=p&typeid=i","cat":290633},{"id":201775,"n":"Sous-vêtements nuit DryNites® Garçons 8-13 ans (30-48 kg) x13","p":11.85,"u":"0,91 €/P","img":"https://fd2-photos.leclercdrive.fr/image.ashx?id=2971314&use=l&cat=p&typeid=i","cat":290633},{"id":201776,"n":"Sous-vêtements nuit DryNites® Filles 8-13 ans (30-48 kg) x13","p":11.85,"u":"0,91 €/P","img":"https://fd2-photos.leclercdrive.fr/image.ashx?id=2844736&use=l&cat=p&typeid=i","cat":290633},{"id":201791,"n":"Soupe en sachets chat Felix Sélection de poissons - 6x48g","p":2.06,"u":"7,15 €/KG","img":"https://fd2-photos.leclercdrive.fr/image.ashx?id=2887251&use=l&cat=p&typeid=i","cat":285286},{"id":201835,"n":"Pizza Crousti Moelleuse Marie Royale - 500g","p":4.37,"u":"8,74 €/KG","img":"https://fd2-photos.leclercdrive.fr/image.ashx?id=2996704&use=l&cat=p&typeid=i","cat":284256},{"id":201836,"n":"Pizza Crousti Moelleuse Marie 4 fromages - 500g","p":4.31,"u":"8,62 €/KG","img":"https://fd2-photos.leclercdrive.fr/image.ashx?id=2996701&use=l&cat=p&typeid=i","cat":284256},{"id":201837,"n":"Protège-slips Doulys Ultra-mince normal - x45","p":0.87,"u":"0,02 €/P","img":"https://fd2-photos.leclercdrive.fr/image.ashx?id=2849590&use=l&cat=p&typeid=i","cat":284625},{"id":201911,"n":"Liniment BB calendula Weleda 400ml","p":7.0,"u":"17,50 €/L","img":"https://fd2-photos.leclercdrive.fr/image.ashx?id=2654890&use=l&cat=p&typeid=i","cat":290387},{"id":201915,"n":"Protège-slips Doulys Slip ou string - x45","p":1.61,"u":"0,04 €/P","img":"https://fd2-photos.leclercdrive.fr/image.ashx?id=2877466&use=l&cat=p&typeid=i","cat":284625},{"id":201935,"n":"Protège-slips Confort Vania  Sans parfum - x56","p":2.28,"u":"0,04 €/P","img":"https://fd2-photos.leclercdrive.fr/image.ashx?id=2735230&use=l&cat=p&typeid=i","cat":284625},{"id":201946,"n":"Gel Douche Le Petit Marseillais Lait de vanille - 650 ml","p":3.19,"u":"4,91 €/L","img":"https://fd2-photos.leclercdrive.fr/image.ashx?id=2674794&use=l&cat=p&typeid=i","cat":284594},{"id":201950,"n":"Gel Douche Le Petit Marseillais Amande douce - 250ml","p":1.55,"u":"6,20 €/MT","img":"https://fd2-photos.leclercdrive.fr/image.ashx?id=2946592&use=l&cat=p&typeid=i","cat":284594},{"id":201951,"n":"Gel Douche Le Petit Marseillais Lait - 250ml","p":1.63,"u":"6,52 €/MT","img":"https://fd2-photos.leclercdrive.fr/image.ashx?id=2676108&use=l&cat=p&typeid=i","cat":284594},{"id":201952,"n":"Gel Douche Le Petit Marseillais Lait - 650ml","p":3.12,"u":"4,80 €/L","img":"https://fd2-photos.leclercdrive.fr/image.ashx?id=2676111&use=l&cat=p&typeid=i","cat":284594},{"id":201953,"n":"Gel Douche Le Petit Marseillais Pêche nectarine - 250ml","p":1.59,"u":"6,36 €/L","img":"https://fd2-photos.leclercdrive.fr/image.ashx?id=2938761&use=l&cat=p&typeid=i","cat":284594},{"id":201954,"n":"Gel Douche Le Petit Marseillais  Peche nectarine - 650ml","p":3.13,"u":"4,82 €/L","img":"https://fd2-photos.leclercdrive.fr/image.ashx?id=2676114&use=l&cat=p&typeid=i","cat":284594},{"id":201956,"n":"Gel Douche Le Petit Marseillais Verveine citron - 250ml","p":1.59,"u":"6,36 €/MT","img":"https://fd2-photos.leclercdrive.fr/image.ashx?id=2941769&use=l&cat=p&typeid=i","cat":284594},{"id":201957,"n":"Gel douche pamplemousse orange  Le Petit marseillais - 650ml","p":3.14,"u":"4,83 €/L","img":"https://fd2-photos.leclercdrive.fr/image.ashx?id=2676123&use=l&cat=p&typeid=i","cat":284594},{"id":201958,"n":"Baume B5 La Roche Posay Cicaplast- 100ml","p":11.5,"u":"115,00 €/MT","img":"https://fd2-photos.leclercdrive.fr/image.ashx?id=2468386&use=l&cat=p&typeid=i","cat":290421},{"id":201967,"n":"Bière blonde Corona 12x33cl","p":14.69,"u":"3,71 €/L","img":"https://fd2-photos.leclercdrive.fr/image.ashx?id=2544521&use=l&cat=p&typeid=i","cat":334873},{"id":201968,"n":"Bière blonde Corona Extra 4,5% - 6x33cl","p":7.9,"u":"3,99 €/L","img":"https://fd2-photos.leclercdrive.fr/image.ashx?id=2865452&use=l&cat=p&typeid=i","cat":334873},{"id":201993,"n":"Repas Plaisir chien adulte Terrines viande - 4x300g","p":6.24,"u":"5,20 €/KG","img":"https://fd2-photos.leclercdrive.fr/image.ashx?id=2734489&use=l&cat=p&typeid=i","cat":288578},{"id":202054,"n":"Pizza Eco+ 6 fromages x2 - 680g","p":3.41,"u":"5,01 €/KG","img":"https://fd2-photos.leclercdrive.fr/image.ashx?id=2756840&use=l&cat=p&typeid=i","cat":284256},{"id":202064,"n":"Fromage blanc nature Délisse 500g","p":1.29,"u":"2,58 €/KG","img":"https://fd2-photos.leclercdrive.fr/image.ashx?id=3012878&use=l&cat=p&typeid=i","cat":284409},{"id":202068,"n":"Yaourt à la Grecque Délisse  450g","p":1.29,"u":"2,87 €/KG","img":"https://fd2-photos.leclercdrive.fr/image.ashx?id=2885140&use=l&cat=p&typeid=i","cat":314999},{"id":202335,"n":"Roquette Panier du Primeur 125g","p":1.29,"u":"10,32 €/KG","img":"https://fd2-photos.leclercdrive.fr/image.ashx?id=2616066&use=l&cat=p&typeid=i","cat":284353},{"id":202473,"n":"Dentifrice Colgate  Max White Charbon - 2x75ml","p":3.85,"u":"25,67 €/L","img":"https://fd2-photos.leclercdrive.fr/image.ashx?id=2472492&use=l&cat=p&typeid=i","cat":284612},{"id":202481,"n":"Assortiment Raclette  600g","p":8.55,"u":"14,25 €/KG","img":"https://fd2-photos.leclercdrive.fr/image.ashx?id=2856374&use=l&cat=p&typeid=i","cat":314036},{"id":202545,"n":"Gel douche Le Petit Marseillais Fleur de Tiare - 250ml","p":1.54,"u":"6,16 €/L","img":"https://fd2-photos.leclercdrive.fr/image.ashx?id=2676093&use=l&cat=p&typeid=i","cat":284594},{"id":202623,"n":"Lentilles blondes Eco  500g","p":0.89,"u":"1,78 €/KG","img":"https://fd2-photos.leclercdrive.fr/image.ashx?id=2630049&use=l&cat=p&typeid=i","cat":284430},{"id":202647,"n":"Bière blonde Jenlain Pack 6x25cl","p":5.88,"u":"3,92 €/L","img":"https://fd2-photos.leclercdrive.fr/image.ashx?id=2474380&use=l&cat=p&typeid=i","cat":334852},{"id":202649,"n":"Bière blonde Jenlain 75 cl","p":2.67,"u":"3,56 €/L","img":"https://fd2-photos.leclercdrive.fr/image.ashx?id=2732851&use=l&cat=p&typeid=i","cat":334852},{"id":202674,"n":"Gourde Good Goût Banane Abricot bio - 120g","p":1.59,"u":"13,25 €/KG","img":"https://fd2-photos.leclercdrive.fr/image.ashx?id=2639023&use=l&cat=p&typeid=i","cat":312393},{"id":202675,"n":"Pavé d'Affinois Extra gourmand - 200g","p":2.4,"u":"12,00 €/KG","img":"https://fd2-photos.leclercdrive.fr/image.ashx?id=3002072&use=l&cat=p&typeid=i","cat":314033},{"id":202696,"n":"Rôti de porc farci Orloff  Bigard - 500g","p":7.13,"u":"14,26 €/KG","img":"https://fd2-photos.leclercdrive.fr/image.ashx?id=2477709&use=l&cat=p&typeid=i","cat":284331},{"id":202733,"n":"Oignon jaune bio Bio village 1kg","p":2.79,"u":"2,79 €/KG","img":"https://fd2-photos.leclercdrive.fr/image.ashx?id=2922451&use=l&cat=p&typeid=i","cat":284352},{"id":202870,"n":"Sucrines bicolores Panier du Primeur x3","p":1.29,"u":"0,43 €/P","img":"https://fd2-photos.leclercdrive.fr/image.ashx?id=2477544&use=l&cat=p&typeid=i","cat":284352},{"id":202871,"n":"Coeur de sucrine  Panier du Primeur x6","p":1.99,"u":"0,66 €/P","img":"https://fd2-photos.leclercdrive.fr/image.ashx?id=2477547&use=l&cat=p&typeid=i","cat":284352},{"id":202872,"n":"Sucrine Eco+ x2","p":0.89,"u":"0,45 €/P","img":"https://fd2-photos.leclercdrive.fr/image.ashx?id=2477535&use=l&cat=p&typeid=i","cat":284352},{"id":202879,"n":"Dos de cabillaud MSC Eco+ Sans peau et sans arête - 200g","p":4.97,"u":"24,85 €/KG","img":"https://fd2-photos.leclercdrive.fr/image.ashx?id=2714327&use=l&cat=p&typeid=i","cat":284342},{"id":202882,"n":"Filet de cabillaud MSC Eco+ Sans peau et sans arête - 200g","p":3.97,"u":"19,85 €/KG","img":"https://fd2-photos.leclercdrive.fr/image.ashx?id=2698558&use=l&cat=p&typeid=i","cat":284342},{"id":202888,"n":"Gel douche Adidas Active Start - 250ml","p":1.76,"u":"7,04 €/L","img":"https://fd2-photos.leclercdrive.fr/image.ashx?id=2990805&use=l&cat=p&typeid=i","cat":284619},{"id":202892,"n":"Filet de lieu noir Eco+ Sans peau et sans arête - 220g","p":2.97,"u":"13,50 €/KG","img":"https://fd2-photos.leclercdrive.fr/image.ashx?id=2966713&use=l&cat=p&typeid=i","cat":284342},{"id":202908,"n":"Skyr Yoplait  Nature 0%MG - 450G","p":2.23,"u":"4,96 €/KG","img":"https://fd2-photos.leclercdrive.fr/image.ashx?id=2884468&use=l&cat=p&typeid=i","cat":315000},{"id":202935,"n":"Soin ultra-hydratant Saforelle 100ml","p":2.9,"u":"29,00 €/L","img":"https://fd2-photos.leclercdrive.fr/image.ashx?id=2583431&use=l&cat=p&typeid=i","cat":301348},{"id":202944,"n":"Fromage Kiri crème 12 + 6 offerts - 324g","p":2.86,"u":"8,83 €/KG","img":"https://fd2-photos.leclercdrive.fr/image.ashx?id=2478009&use=l&cat=p&typeid=i","cat":314030},{"id":203037,"n":"Shampooing Mixa Bébé  Très Doux - 300ml","p":2.37,"u":"7,90 €/L","img":"https://fd2-photos.leclercdrive.fr/image.ashx?id=2479321&use=l&cat=p&typeid=i","cat":284740},{"id":203042,"n":"Gel Toilette Intime Extra Doux Intima Natural Hamamélis 200ml","p":2.96,"u":"14,80 €/L","img":"https://fd2-photos.leclercdrive.fr/image.ashx?id=2959871&use=l&cat=p&typeid=i","cat":284627},{"id":203043,"n":"Gel Toilette Intime Régulateur Intima Natural Cranberry 200ml","p":3.22,"u":"16,10 €/L","img":"https://fd2-photos.leclercdrive.fr/image.ashx?id=2959874&use=l&cat=p&typeid=i","cat":284627},{"id":203050,"n":"Recharge Sense & Spray Glade Ocean Adventure - 18 ml","p":3.37,"u":"187,22 €/L","img":"https://fd2-photos.leclercdrive.fr/image.ashx?id=2634352&use=l&cat=p&typeid=i","cat":311629},{"id":203055,"n":"Diffuseur Automatic Spray Glade Sandalwood & Jasmine - 269 ml","p":8.92,"img":"https://fd2-photos.leclercdrive.fr/image.ashx?id=2866007&use=l&cat=p&typeid=i","cat":311629},{"id":203056,"n":"Recharge Touch & Fresh Glade Marine - 10 ml","p":3.27,"u":"327,00 €/L","img":"https://fd2-photos.leclercdrive.fr/image.ashx?id=2506609&use=l&cat=p&typeid=i","cat":311629},{"id":203057,"n":"Recharge Touch & Fresh Glade Muguet - 10ml","p":2.63,"u":"263,00 €/L","img":"https://fd2-photos.leclercdrive.fr/image.ashx?id=2506612&use=l&cat=p&typeid=i","cat":311629},{"id":203060,"n":"Diffuseur Touch & Fresh Glade Relaxing Zen - 10 ml","p":4.26,"u":"426,00 €/L","img":"https://fd2-photos.leclercdrive.fr/image.ashx?id=2914753&use=l&cat=p&typeid=i","cat":311629},{"id":203067,"n":"Crealine T.S. H2O Bioderma 500ml","p":9.49,"u":"18,98 €/L","img":"https://fd2-photos.leclercdrive.fr/image.ashx?id=2979947&use=l&cat=p&typeid=i","cat":301587},{"id":203068,"n":"Créaline H2O Bioderma Sans parfum 2x500ml","p":17.09,"u":"17,09 €/L","img":"https://fd2-photos.leclercdrive.fr/image.ashx?id=2956541&use=l&cat=p&typeid=i","cat":301587},{"id":203073,"n":"Crème Ultra Atoderm Nourrissante hydratante - 500ml","p":9.98,"u":"19,96 €/L","img":"https://fd2-photos.leclercdrive.fr/image.ashx?id=2981211&use=l&cat=p&typeid=i","cat":290421},{"id":203088,"n":"Pizza moelleuse Turini  Végétale - 610g","p":3.3,"u":"5,41 €/KG","img":"https://fd2-photos.leclercdrive.fr/image.ashx?id=2816612&use=l&cat=p&typeid=i","cat":284256},{"id":203089,"n":"Pizza au feu de bois Turini Chèvre et miel - 410g","p":2.65,"u":"6,46 €/KG","img":"https://fd2-photos.leclercdrive.fr/image.ashx?id=2816615&use=l&cat=p&typeid=i","cat":284256},{"id":203310,"n":"Diffuseur Touch & Fresh Glade Marine - 10 ml","p":3.45,"img":"https://fd2-photos.leclercdrive.fr/image.ashx?id=2914750&use=l&cat=p&typeid=i","cat":311629},{"id":203367,"n":"Aiguillettes de poulet blanc Bon Plan Le Gaulois - 400g","p":6.41,"u":"16,03 €/KG","img":"https://fd2-photos.leclercdrive.fr/image.ashx?id=2481586&use=l&cat=p&typeid=i","cat":284336},{"id":203368,"n":"Filet de poulet blanc  Bon Plan Le Gaulois - 500g","p":7.06,"u":"14,12 €/KG","img":"https://fd2-photos.leclercdrive.fr/image.ashx?id=2481589&use=l&cat=p&typeid=i","cat":284336},{"id":203409,"n":"Chocolat Merveilles du Monde Noir Amandes Noisettes - 100g","p":2.96,"u":"29,60 €/KG","img":"https://fd2-photos.leclercdrive.fr/image.ashx?id=2663033&use=l&cat=p&typeid=i","cat":284497},{"id":203433,"n":"Gel douche Homme Adidas After Sport - 250ml","p":1.68,"u":"6,72 €/L","img":"https://fd2-photos.leclercdrive.fr/image.ashx?id=2990799&use=l&cat=p&typeid=i","cat":284619},{"id":203476,"n":"Mâche Eco+ 125g","p":0.99,"img":"https://fd2-photos.leclercdrive.fr/image.ashx?id=2958305&use=l&cat=p&typeid=i","cat":284352},{"id":203600,"n":"Craquant avoine Jardin Bio Equitable bio - 133g","p":2.09,"u":"15,71 €/KG","img":"https://fd2-photos.leclercdrive.fr/image.ashx?id=2967217&use=l&cat=p&typeid=i","cat":284954},{"id":203603,"n":"Petit gourmand bio Jardin Bio A la pâte à tartiner - 155g","p":2.8,"u":"18,06 €/KG","img":"https://fd2-photos.leclercdrive.fr/image.ashx?id=2990676&use=l&cat=p&typeid=i","cat":284488},{"id":203605,"n":"Banane Eco+ x4","p":0.79,"u":"0,20 €/P","img":"https://fd2-photos.leclercdrive.fr/image.ashx?id=2600252&use=l&cat=p&typeid=i","cat":284356},{"id":203787,"n":"Pack Culottes Menstruelles X3 1achetée 2 offertes dentelle XS","p":14.16,"u":"4,72 €/P","img":"https://fd2-photos.leclercdrive.fr/image.ashx?id=2795273&use=l&cat=p&typeid=i","cat":284624},{"id":203789,"n":"Pack Culottes Menstruelles X3 1 achetée 2 offertes dentelle L","p":13.88,"u":"4,63 €/P","img":"https://fd2-photos.leclercdrive.fr/image.ashx?id=2795279&use=l&cat=p&typeid=i","cat":284624},{"id":203790,"n":"Pack Culottes Menstruelles X3 1achetée 2 offertes dentelle XL","p":13.81,"u":"4,60 €/P","img":"https://fd2-photos.leclercdrive.fr/image.ashx?id=2795282&use=l&cat=p&typeid=i","cat":284624},{"id":203822,"n":"Boîte chien Pedigree Cuisinés en sauce - 4x400g","p":6.08,"u":"3,80 €/KG","img":"https://fd2-photos.leclercdrive.fr/image.ashx?id=2849719&use=l&cat=p&typeid=i","cat":288578},{"id":203823,"n":"Sachet fraicheur chat Whiskas Carte mixte en gelée - 48x85g","p":15.78,"u":"3,87 €/KG","img":"https://fd2-photos.leclercdrive.fr/image.ashx?id=2486916&use=l&cat=p&typeid=i","cat":285286},{"id":203824,"n":"Sachet fraicheur chat Whiskas Classiques en sauce - 24x85g","p":9.99,"u":"4,90 €/KG","img":"https://fd2-photos.leclercdrive.fr/image.ashx?id=2486913&use=l&cat=p&typeid=i","cat":285286},{"id":203826,"n":"Sachet fraicheur chat Whiskas Poissons en gelée - 12x85g","p":4.61,"u":"4,52 €/KG","img":"https://fd2-photos.leclercdrive.fr/image.ashx?id=2486910&use=l&cat=p&typeid=i","cat":285286},{"id":203832,"n":"Gel Douche extra doux Verveine Le Petit Marseillais 3x250ml","p":4.51,"u":"6,01 €/L","img":"https://fd2-photos.leclercdrive.fr/image.ashx?id=2763574&use=l&cat=p&typeid=i","cat":284594},{"id":203833,"n":"Gel Douche extra doux Orange Le Petit Marseillais 3x250ml","p":4.51,"u":"6,01 €/L","img":"https://fd2-photos.leclercdrive.fr/image.ashx?id=2763547&use=l&cat=p&typeid=i","cat":284594},{"id":203873,"n":"Culotte Feel Natural Menstruelles - x3 - Taille XL","p":10.64,"u":"3,55 €/P","img":"https://fd2-photos.leclercdrive.fr/image.ashx?id=2795240&use=l&cat=p&typeid=i","cat":291524},{"id":203913,"n":"Exfoliant Venus Satin Care Peau et poils pubiens - 177ml","p":12.27,"u":"69,32 €/L","img":"https://fd2-photos.leclercdrive.fr/image.ashx?id=2490767&use=l&cat=p&typeid=i","cat":325352},{"id":203924,"n":"Brossettes Brosse à dents OralB Pro 3+1 brossette Blanche","p":59.44,"u":"14,86 €/P","img":"https://fd2-photos.leclercdrive.fr/image.ashx?id=2543465&use=l&cat=p&typeid=i","cat":297133},{"id":203925,"n":"Brossettes Brosse à dents OralB Pro 3+1 brossettes Noire","p":56.95,"u":"14,24 €/P","img":"https://fd2-photos.leclercdrive.fr/image.ashx?id=2593080&use=l&cat=p&typeid=i","cat":297133},{"id":204056,"n":"Céréales Spécial K Kellogg's Fruits rouges - 450g","p":3.99,"u":"8,87 €/KG","img":"https://fd2-photos.leclercdrive.fr/image.ashx?id=2775029&use=l&cat=p&typeid=i","cat":309512},{"id":204057,"n":"Céréales Spécial K Kellogg's Chocolat noir - 500g","p":4.01,"u":"8,02 €/KG","img":"https://fd2-photos.leclercdrive.fr/image.ashx?id=2692710&use=l&cat=p&typeid=i","cat":309512},{"id":204058,"n":"Céréales Special K Kellogg's Chocolat au Lait - 500g","p":3.91,"u":"7,82 €/KG","img":"https://fd2-photos.leclercdrive.fr/image.ashx?id=2692713&use=l&cat=p&typeid=i","cat":309512},{"id":204061,"n":"Mais Bio Village Bio - 285g","p":1.09,"u":"3,82 €/KG","img":"https://fd2-photos.leclercdrive.fr/image.ashx?id=3002719&use=l&cat=p&typeid=i","cat":312611},{"id":204065,"n":"Bouillon Knorr Saveur boeuf - 150g","p":1.48,"u":"9,87 €/KG","img":"https://fd2-photos.leclercdrive.fr/image.ashx?id=2866846&use=l&cat=p&typeid=i","cat":288379},{"id":204131,"n":"Nettoyant four Decapfour  Express - 500ml","p":3.42,"u":"6,84 €/L","img":"https://fd2-photos.leclercdrive.fr/image.ashx?id=2489719&use=l&cat=p&typeid=i","cat":325363},{"id":204157,"n":"Pâte feuilletée Herta Trésor de Grand-Mère  280g","p":1.65,"u":"5,89 €/KG","img":"https://fd2-photos.leclercdrive.fr/image.ashx?id=2833303&use=l&cat=p&typeid=i","cat":333681},{"id":204158,"n":"Pâte brisée Herta Trésor de Grand-Mère - 280g","p":1.6,"u":"5,71 €/KG","img":"https://fd2-photos.leclercdrive.fr/image.ashx?id=2833306&use=l&cat=p&typeid=i","cat":333681},{"id":204169,"n":"Sachet fraicheur chat Whiskas Festins volaille gelée - 12x85g","p":4.8,"u":"4,71 €/KG","img":"https://fd2-photos.leclercdrive.fr/image.ashx?id=2490329&use=l&cat=p&typeid=i","cat":285286},{"id":204247,"n":"Protège-slip Vania Confort Multiformes - 1p","p":2.28,"img":"https://fd2-photos.leclercdrive.fr/image.ashx?id=2735224&use=l&cat=p&typeid=i","cat":284625},{"id":204248,"n":"Galettes St Michel Fourrées Chocolat au lait 240g","p":1.92,"u":"8,00 €/KG","img":"https://fd2-photos.leclercdrive.fr/image.ashx?id=2950000&use=l&cat=p&typeid=i","cat":284487},{"id":204275,"n":"Soin Hydratant So Bio Etic Grenade bio - 50ml","p":11.44,"u":"228,80 €/L","img":"https://fd2-photos.leclercdrive.fr/image.ashx?id=2787110&use=l&cat=p&typeid=i","cat":325345},{"id":204302,"n":"Shampoing nutrition Ultra Doux Lait de coco - 300ml","p":2.9,"u":"9,67 €/L","img":"https://fd2-photos.leclercdrive.fr/image.ashx?id=2492788&use=l&cat=p&typeid=i","cat":284606},{"id":204304,"n":"Shampoing Illuminant Ultra Doux Camomille - 300ml","p":2.65,"u":"8,83 €/L","img":"https://fd2-photos.leclercdrive.fr/image.ashx?id=2926596&use=l&cat=p&typeid=i","cat":284606},{"id":204305,"n":"Shampoing nutrition Ultra Doux Argan et camélia - 300ml","p":2.65,"u":"8,83 €/L","img":"https://fd2-photos.leclercdrive.fr/image.ashx?id=2492797&use=l&cat=p&typeid=i","cat":284606},{"id":204306,"n":"Shampoing nutrition Ultra Doux Cheveu Bouclé à Frisé - 300ml","p":2.55,"u":"8,50 €/L","img":"https://fd2-photos.leclercdrive.fr/image.ashx?id=2926599&use=l&cat=p&typeid=i","cat":284606},{"id":204307,"n":"Shampoing Couleur Ultra Doux Cheveux colorés - 300ml","p":2.65,"u":"8,83 €/L","img":"https://fd2-photos.leclercdrive.fr/image.ashx?id=2492803&use=l&cat=p&typeid=i","cat":284606},{"id":204308,"n":"Shampoing Enfants Ultra Doux Abricot - 300ml","p":2.53,"u":"8,43 €/L","img":"https://fd2-photos.leclercdrive.fr/image.ashx?id=2851093&use=l&cat=p&typeid=i","cat":284606},{"id":204310,"n":"Shampoing Hydratant Ultra Doux Cheveux délicats - 300ml","p":2.59,"u":"8,63 €/L","img":"https://fd2-photos.leclercdrive.fr/image.ashx?id=2492812&use=l&cat=p&typeid=i","cat":284606},{"id":204311,"n":"Shampoing doux Ultra Doux Extrait de tilleul - 300ml","p":2.67,"u":"8,90 €/L","img":"https://fd2-photos.leclercdrive.fr/image.ashx?id=2492815&use=l&cat=p&typeid=i","cat":284606},{"id":204313,"n":"Après-shampooing karité Garnier Cheveu bouclé à Frisé - 250ml","p":2.6,"u":"10,40 €/L","img":"https://fd2-photos.leclercdrive.fr/image.ashx?id=2986651&use=l&cat=p&typeid=i","cat":284607},{"id":204314,"n":"Après-shampoing Ultra doux Cheveux fragiles - 250ml","p":2.47,"u":"9,88 €/L","img":"https://fd2-photos.leclercdrive.fr/image.ashx?id=2646569&use=l&cat=p&typeid=i","cat":284607},{"id":204316,"n":"Shampoing réparateur Ultra Doux Cheveux fragiles - 300ml","p":2.52,"u":"8,40 €/L","img":"https://fd2-photos.leclercdrive.fr/image.ashx?id=2646572&use=l&cat=p&typeid=i","cat":284606},{"id":204323,"n":"Chips Vico Paprika - 125g","p":1.35,"u":"10,80 €/KG","img":"https://fd2-photos.leclercdrive.fr/image.ashx?id=2921298&use=l&cat=p&typeid=i","cat":284447},{"id":204327,"n":"Soupe instantanée Royco  Velouté Tomates - 4x200ml","p":1.3,"u":"1,63 €/L","img":"https://fd2-photos.leclercdrive.fr/image.ashx?id=2650991&use=l&cat=p&typeid=i","cat":293527},{"id":204328,"n":"Soupe instantanée Royco  Mouliné 12 Légumes - 4x200ml","p":1.59,"u":"1,99 €/L","img":"https://fd2-photos.leclercdrive.fr/image.ashx?id=2650994&use=l&cat=p&typeid=i","cat":293527},{"id":204330,"n":"Soupe liquide brique Liebig  Poule Vermicelles - 1L","p":2.44,"u":"2,44 €/L","img":"https://fd2-photos.leclercdrive.fr/image.ashx?id=2493136&use=l&cat=p&typeid=i","cat":284462},{"id":204439,"n":"Oignon rouge Bio  Bio Village - 500g","p":2.49,"u":"4,98 €/KG","img":"https://fd2-photos.leclercdrive.fr/image.ashx?id=2922460&use=l&cat=p&typeid=i","cat":284352},{"id":204475,"n":"Pâtes Blé complet Barilla Tortiglioni Integrale - 500g","p":1.67,"u":"3,34 €/KG","img":"https://fd2-photos.leclercdrive.fr/image.ashx?id=2901151&use=l&cat=p&typeid=i","cat":284427},{"id":204488,"n":"Dentifrice Aquafresh Triple Protection Blancheur - 125ml","p":1.76,"u":"14,08 €/L","img":"https://fd2-photos.leclercdrive.fr/image.ashx?id=2546755&use=l&cat=p&typeid=i","cat":284612},{"id":204496,"n":"Cotons démaquillants Demakup Sensitive - 6x64","p":6.48,"u":"0,02 €/P","img":"https://fd2-photos.leclercdrive.fr/image.ashx?id=2745283&use=l&cat=p&typeid=i","cat":285593},{"id":204620,"n":"Purée Butternut Patate douce Notre Jardin - 750g","p":3.49,"u":"4,65 €/KG","img":"https://fd2-photos.leclercdrive.fr/image.ashx?id=2856208&use=l&cat=p&typeid=i","cat":319805},{"id":204701,"n":"BB Crème Soin Tout en 1 Garnier Teinte claire - 50ml","p":7.51,"u":"150,20 €/L","img":"https://fd2-photos.leclercdrive.fr/image.ashx?id=2495746&use=l&cat=p&typeid=i","cat":325345},{"id":204717,"n":"Soda Schweppes Saveur Agrumes Zero - 1,5L","p":1.73,"u":"1,15 €/L","img":"https://fd2-photos.leclercdrive.fr/image.ashx?id=2852444&use=l&cat=p&typeid=i","cat":284532},{"id":204718,"n":"Soda Schweppes Saveur Agrumes - 1,5L","p":1.67,"u":"1,11 €/L","img":"https://fd2-photos.leclercdrive.fr/image.ashx?id=2852447&use=l&cat=p&typeid=i","cat":284532},{"id":204719,"n":"Soda Schweppes Indian Tonic - 1,5L","p":1.66,"u":"1,11 €/L","img":"https://fd2-photos.leclercdrive.fr/image.ashx?id=2852456&use=l&cat=p&typeid=i","cat":284531},{"id":204747,"n":"Dentifrice Aquafresh Menthe fraîche - 125ml","p":1.88,"u":"15,04 €/L","img":"https://fd2-photos.leclercdrive.fr/image.ashx?id=2546752&use=l&cat=p&typeid=i","cat":284612},{"id":204748,"n":"Boisson énergisante Red Bull Goût Abricot-Fraise, 250ml","p":1.27,"u":"5,08 €/L","img":"https://fd2-photos.leclercdrive.fr/image.ashx?id=3011995&use=l&cat=p&typeid=i","cat":284533},{"id":204788,"n":"Gnocchi à poêler Lustucru 325g","p":1.42,"u":"4,37 €/KG","img":"https://fd2-photos.leclercdrive.fr/image.ashx?id=2975218&use=l&cat=p&typeid=i","cat":333682},{"id":204789,"n":"Gnocchi à poêler Lustucru 520g","p":2.11,"u":"4,06 €/KG","img":"https://fd2-photos.leclercdrive.fr/image.ashx?id=2792423&use=l&cat=p&typeid=i","cat":333682},{"id":204791,"n":"Gnocchi à poêler Lustucru  Format XXL - 720g","p":2.66,"u":"3,69 €/KG","img":"https://fd2-photos.leclercdrive.fr/image.ashx?id=2788556&use=l&cat=p&typeid=i","cat":333682},{"id":204796,"n":"Tortellini Lustucru Jambon cru - 250g","p":2.24,"u":"8,96 €/KG","img":"https://fd2-photos.leclercdrive.fr/image.ashx?id=2974360&use=l&cat=p&typeid=i","cat":333682},{"id":204952,"n":"Thon Sauce Catalane Petit Navire - 140g","p":1.81,"u":"12,93 €/KG","img":"https://fd2-photos.leclercdrive.fr/image.ashx?id=2989072&use=l&cat=p&typeid=i","cat":303867},{"id":204990,"n":"Crème antiride Pot 50ml","p":2.99,"u":"59,80 €/L","img":"https://fd2-photos.leclercdrive.fr/image.ashx?id=2498952&use=l&cat=p&typeid=i","cat":325345},{"id":205005,"n":"Compotes Materne Coupelles Multivariétés - 12x100g","p":4.76,"u":"3,97 €/KG","img":"https://fd2-photos.leclercdrive.fr/image.ashx?id=3010876&use=l&cat=p&typeid=i","cat":284508},{"id":205232,"n":"Serviettes Always Ultra Normal Plus - T1 - x14","p":2.43,"u":"0,17 €/P","img":"https://fd2-photos.leclercdrive.fr/image.ashx?id=2851321&use=l&cat=p&typeid=i","cat":284624},{"id":205233,"n":"Serviettes Always Ultra Long - T2 - x12","p":2.45,"u":"0,20 €/P","img":"https://fd2-photos.leclercdrive.fr/image.ashx?id=2851324&use=l&cat=p&typeid=i","cat":284624},{"id":205235,"n":"Serviettes Always Ultra Secure night -T4 - x9","p":2.53,"u":"0,28 €/P","img":"https://fd2-photos.leclercdrive.fr/image.ashx?id=2851330&use=l&cat=p&typeid=i","cat":284624},{"id":205237,"n":"Sérum anti-âge L'Oréal Paris Revitalift Vitamine C - 30ml","p":13.88,"u":"462,67 €/L","img":"https://fd2-photos.leclercdrive.fr/image.ashx?id=3003351&use=l&cat=p&typeid=i","cat":325345},{"id":205238,"n":"Savon Eco+ Amande douce - 150g","p":0.61,"u":"4,07 €/KG","img":"https://fd2-photos.leclercdrive.fr/image.ashx?id=2499058&use=l&cat=p&typeid=i","cat":284597},{"id":205281,"n":"Huile d'olive vierge extra Terra Delyssa - 75cl","p":9.79,"u":"13,05 €/L","img":"https://fd2-photos.leclercdrive.fr/image.ashx?id=2679356&use=l&cat=p&typeid=i","cat":284453},{"id":205303,"n":"Gel lavant Sanytol Désinfectant cuisine - 250ml","p":2.86,"u":"11,44 €/L","img":"https://fd2-photos.leclercdrive.fr/image.ashx?id=2904661&use=l&cat=p&typeid=i","cat":284597},{"id":205305,"n":"Bandes de cire froide Expert Veet Visage Peaux sensibles x20","p":5.06,"u":"0,25 €/P","img":"https://fd2-photos.leclercdrive.fr/image.ashx?id=2915440&use=l&cat=p&typeid=i","cat":325351},{"id":205311,"n":"Masque Remède Garnier Cheveux normaux à gras - 340ml","p":4.72,"u":"13,88 €/L","img":"https://fd2-photos.leclercdrive.fr/image.ashx?id=2500171&use=l&cat=p&typeid=i","cat":284608},{"id":205320,"n":"Masque Assouplissant Garnier Cheveu sec à très sec - 340ml","p":4.76,"u":"14,00 €/L","img":"https://fd2-photos.leclercdrive.fr/image.ashx?id=2500162&use=l&cat=p&typeid=i","cat":284608},{"id":205321,"n":"Masque Merveilleux Garnier Cheveux Secs, Ternes - 340ml","p":4.75,"u":"13,97 €/L","img":"https://fd2-photos.leclercdrive.fr/image.ashx?id=2500165&use=l&cat=p&typeid=i","cat":284608},{"id":205322,"n":"Masque remède Nutrition Garnier Avocat karité - 340ml","p":4.7,"u":"13,82 €/L","img":"https://fd2-photos.leclercdrive.fr/image.ashx?id=2875453&use=l&cat=p&typeid=i","cat":284608},{"id":205327,"n":"Pâte Nocciolata Bio cacao 250g","p":3.41,"u":"13,64 €/KG","img":"https://fd2-photos.leclercdrive.fr/image.ashx?id=2807897&use=l&cat=p&typeid=i","cat":284481},{"id":205344,"n":"Pâte à tartiner Nocciolata  Bio cacao Noisettes - 650g","p":7.43,"u":"11,43 €/KG","img":"https://fd2-photos.leclercdrive.fr/image.ashx?id=2883248&use=l&cat=p&typeid=i","cat":284481},{"id":205347,"n":"Pâte à Nocciolata  Bio Cacao - 250g","p":3.07,"u":"12,28 €/KG","img":"https://fd2-photos.leclercdrive.fr/image.ashx?id=2883251&use=l&cat=p&typeid=i","cat":284481},{"id":205351,"n":"Pâte à tartiner Nocciolata  Bio - 650g","p":7.85,"u":"12,08 €/KG","img":"https://fd2-photos.leclercdrive.fr/image.ashx?id=2868194&use=l&cat=p&typeid=i","cat":284481},{"id":205439,"n":"Sirop sans sucre Teisseire  Fraise - 60cl","p":2.99,"u":"4,98 €/L","img":"https://fd2-photos.leclercdrive.fr/image.ashx?id=2500455&use=l&cat=p&typeid=i","cat":295020},{"id":205520,"n":"Crème glacée La Laitière Rhum Raisins - 490g","p":3.24,"pp":2.27,"u":"4,63 €/KG","img":"https://fd2-photos.leclercdrive.fr/image.ashx?id=2877877&use=l&cat=p&typeid=i","cat":284263},{"id":205522,"n":"Shampoing Réparateur Elsève Pro Bond Repair - 200ml","p":5.6,"u":"28,00 €/L","img":"https://fd2-photos.leclercdrive.fr/image.ashx?id=3008779&use=l&cat=p&typeid=i","cat":284606},{"id":205525,"n":"Démêlant Intense Elsève Pro Bond Repair - 150ml","p":5.48,"u":"36,53 €/L","img":"https://fd2-photos.leclercdrive.fr/image.ashx?id=3008782&use=l&cat=p&typeid=i","cat":284607},{"id":205657,"n":"P'tit diner Yooji Bio Carotte patate douce 300g","p":3.57,"u":"11,90 €/KG","img":"https://fd2-photos.leclercdrive.fr/image.ashx?id=2792870&use=l&cat=p&typeid=i","cat":290631},{"id":205658,"n":"Repas P'tit diner Yooji Bio Potiron mais millet 300g","p":3.31,"u":"11,03 €/KG","img":"https://fd2-photos.leclercdrive.fr/image.ashx?id=2832254&use=l&cat=p&typeid=i","cat":290631},{"id":205659,"n":"Ptit diner Petit pois  Epinards et orge bio - 300g","p":3.28,"u":"10,93 €/KG","img":"https://fd2-photos.leclercdrive.fr/image.ashx?id=2832257&use=l&cat=p&typeid=i","cat":290631},{"id":206033,"n":"Biscuits Mots Doux P'tit Déli Chocolat noisettes - 180g","p":1.89,"u":"10,50 €/KG","img":"https://fd2-photos.leclercdrive.fr/image.ashx?id=2771136&use=l&cat=p&typeid=i","cat":284488},{"id":206106,"n":"Crème Visage Nuit Nivea Peaux à Imperfections - 40ml","p":6.72,"u":"168,00 €/L","img":"https://fd2-photos.leclercdrive.fr/image.ashx?id=2894999&use=l&cat=p&typeid=i","cat":325345},{"id":206117,"n":"Gel lavant hydratant Sanytol Aloe Vera & Thé Vert Bio-500ml","p":4.85,"u":"9,70 €/L","img":"https://fd2-photos.leclercdrive.fr/image.ashx?id=2512131&use=l&cat=p&typeid=i","cat":284597},{"id":206120,"n":"Crème dépilatoire Expert Veet Corps Peaux sensibles 200ml","p":4.93,"u":"24,65 €/L","img":"https://fd2-photos.leclercdrive.fr/image.ashx?id=2970804&use=l&cat=p&typeid=i","cat":325351},{"id":206122,"n":"Liquide vaisselle Rainett Concentré - Framboise - 500ml","p":1.83,"u":"3,66 €/L","img":"https://fd2-photos.leclercdrive.fr/image.ashx?id=2508792&use=l&cat=p&typeid=i","cat":284655},{"id":206125,"n":"Riz parfumé  1kg","p":2.29,"u":"2,29 €/KG","img":"https://fd2-photos.leclercdrive.fr/image.ashx?id=2515521&use=l&cat=p&typeid=i","cat":284428},{"id":206126,"n":"Infusion La Tisanière Nuit calme - x20 - 28g","p":2.48,"u":"88,57 €/KG","img":"https://fd2-photos.leclercdrive.fr/image.ashx?id=2907863&use=l&cat=p&typeid=i","cat":293234},{"id":206128,"n":"Pâte à tartiner Nocciolata Bio Praliné Noisettes - 250g","p":3.36,"u":"13,44 €/KG","img":"https://fd2-photos.leclercdrive.fr/image.ashx?id=2883254&use=l&cat=p&typeid=i","cat":284481},{"id":206135,"n":"Infusion La Tisanière Fleur de camomille - x20  - 30g","p":2.62,"u":"87,33 €/KG","img":"https://fd2-photos.leclercdrive.fr/image.ashx?id=2880700&use=l&cat=p&typeid=i","cat":293234},{"id":206137,"n":"Cookies La Biscuiterie Delacre Chocolat noir lait blanc -136g","p":2.6,"u":"19,12 €/KG","img":"https://fd2-photos.leclercdrive.fr/image.ashx?id=2673151&use=l&cat=p&typeid=i","cat":325066},{"id":206139,"n":"Sirop Teisseire Cassis - 60cl","p":3.3,"u":"5,50 €/L","img":"https://fd2-photos.leclercdrive.fr/image.ashx?id=2508588&use=l&cat=p&typeid=i","cat":295020},{"id":206140,"n":"Sirop concentré Teisseire Citron vert - 60cl","p":3.3,"u":"5,50 €/L","img":"https://fd2-photos.leclercdrive.fr/image.ashx?id=2508591&use=l&cat=p&typeid=i","cat":295020},{"id":206143,"n":"Sirop Teisseire  Pêche - 60cl","p":3.3,"u":"5,50 €/L","img":"https://fd2-photos.leclercdrive.fr/image.ashx?id=2508597&use=l&cat=p&typeid=i","cat":295020},{"id":206144,"n":"Boisson concentrée Teisseire A diluer grenadine Zéro - 60cl","p":2.72,"u":"4,53 €/L","img":"https://fd2-photos.leclercdrive.fr/image.ashx?id=2508600&use=l&cat=p&typeid=i","cat":295020},{"id":206147,"n":"Boisson concentrée Teisseire Menthe verte sans sucres - 60cl","p":2.74,"u":"4,57 €/L","img":"https://fd2-photos.leclercdrive.fr/image.ashx?id=2508603&use=l&cat=p&typeid=i","cat":295020},{"id":206164,"n":"Sirop Teisseire  Grenadine - 60cl","p":2.2,"u":"3,67 €/L","img":"https://fd2-photos.leclercdrive.fr/image.ashx?id=2772729&use=l&cat=p&typeid=i","cat":295020},{"id":206165,"n":"Citronnade Pulco 50cl","p":1.44,"u":"2,88 €/L","img":"https://fd2-photos.leclercdrive.fr/image.ashx?id=2941529&use=l&cat=p&typeid=i","cat":295018},{"id":206169,"n":"Sirop Tesseire Citron - 60cl","p":2.25,"u":"3,75 €/L","img":"https://fd2-photos.leclercdrive.fr/image.ashx?id=2771747&use=l&cat=p&typeid=i","cat":295020},{"id":206172,"n":"Biscuits Kinder Tronky fourrés Cacao et au lait  - 90g","p":1.99,"u":"22,11 €/KG","img":"https://fd2-photos.leclercdrive.fr/image.ashx?id=2916462&use=l&cat=p&typeid=i","cat":284488},{"id":206192,"n":"Soda Schweppes Saveur Agrumes - 4x1,5L","p":6.65,"u":"1,11 €/L","img":"https://fd2-photos.leclercdrive.fr/image.ashx?id=2852453&use=l&cat=p&typeid=i","cat":284532},{"id":206217,"n":"Gel moussant A-Derma bio Nettoyant purifiant - 400ml","p":10.34,"u":"25,85 €/L","img":"https://fd2-photos.leclercdrive.fr/image.ashx?id=2509481&use=l&cat=p&typeid=i","cat":301587},{"id":206218,"n":"Eau micellaire A-Derma Nettoyante purifiante - 400ML","p":11.99,"u":"29,98 €/L","img":"https://fd2-photos.leclercdrive.fr/image.ashx?id=2509484&use=l&cat=p&typeid=i","cat":301587},{"id":206219,"n":"Lotion cheveux Ducray Creastim Reactiv - Antichute - 60ml","p":37.99,"u":"633,17 €/L","img":"https://fd2-photos.leclercdrive.fr/image.ashx?id=2917453&use=l&cat=p&typeid=i","cat":290399},{"id":206220,"n":"Fluide anti-imperfections A-derma - anti-marques Bio-40ml","p":13.89,"u":"347,25 €/L","img":"https://fd2-photos.leclercdrive.fr/image.ashx?id=2509514&use=l&cat=p&typeid=i","cat":291166},{"id":206221,"n":"Soin matifiant A-Derma anti-imperfecions - 40ml","p":13.11,"u":"327,75 €/L","img":"https://fd2-photos.leclercdrive.fr/image.ashx?id=2509517&use=l&cat=p&typeid=i","cat":291166},{"id":206222,"n":"Fluide anti-tâches Ducray Protecteur SPF50+ - 50ml","p":14.99,"u":"299,80 €/L","img":"https://fd2-photos.leclercdrive.fr/image.ashx?id=2509526&use=l&cat=p&typeid=i","cat":291168},{"id":206223,"n":"Crème anti-tâches Ducray Protectrice SPF50+ - 50ml","p":14.99,"u":"299,80 €/L","img":"https://fd2-photos.leclercdrive.fr/image.ashx?id=2509529&use=l&cat=p&typeid=i","cat":291168},{"id":206224,"n":"Roll-on Aisselles Ducray Anti-transpirant - 40ml","p":8.99,"u":"224,75 €/L","img":"https://fd2-photos.leclercdrive.fr/image.ashx?id=2509532&use=l&cat=p&typeid=i","cat":301593},{"id":206227,"n":"Crème anti-démangeaisons BepanthenSensicalm - 20g","p":5.83,"u":"291,50 €/KG","img":"https://fd2-photos.leclercdrive.fr/image.ashx?id=2508981&use=l&cat=p&typeid=i","cat":290405},{"id":206230,"n":"Huile essentielle Puressentiel Camomille Romaine - 5ml","p":10.49,"img":"https://fd2-photos.leclercdrive.fr/image.ashx?id=2508984&use=l&cat=p&typeid=i","cat":298633},{"id":206238,"n":"Crème mains Neutrogena Concentrée-Sans parfum - 2x50ml","p":7.99,"u":"79,90 €/L","img":"https://fd2-photos.leclercdrive.fr/image.ashx?id=2508996&use=l&cat=p&typeid=i","cat":290424},{"id":206239,"n":"Crème pieds secs Cicabiafine Anti-fendillements - 2x100ml","p":8.37,"u":"41,85 €/L","img":"https://fd2-photos.leclercdrive.fr/image.ashx?id=2971134&use=l&cat=p&typeid=i","cat":290424},{"id":206243,"n":"Lotion nettoyante Avène Tolérance - 400ml","p":11.53,"u":"28,83 €/L","img":"https://fd2-photos.leclercdrive.fr/image.ashx?id=2509469&use=l&cat=p&typeid=i","cat":301587},{"id":206244,"n":"Mousse nettoyante Avène 150ml","p":14.49,"u":"96,60 €/L","img":"https://fd2-photos.leclercdrive.fr/image.ashx?id=2509475&use=l&cat=p&typeid=i","cat":301587},{"id":206245,"n":"Lait démaquillant Avène 200ml","p":13.99,"u":"69,95 €/L","img":"https://fd2-photos.leclercdrive.fr/image.ashx?id=2509478&use=l&cat=p&typeid=i","cat":301587},{"id":206246,"n":"Eau thermale Avène Eau micellaire - 2x400ml","p":18.85,"u":"23,56 €/L","img":"https://fd2-photos.leclercdrive.fr/image.ashx?id=2509487&use=l&cat=p&typeid=i","cat":301587},{"id":206247,"n":"Lait après-soleil Avène Réparateur - 200ml","p":11.99,"u":"59,95 €/L","img":"https://fd2-photos.leclercdrive.fr/image.ashx?id=2509490&use=l&cat=p&typeid=i","cat":290394},{"id":206249,"n":"Baume relipidant Eau thermale Avène - XeraCalm - 400ml","p":21.99,"u":"54,98 €/L","img":"https://fd2-photos.leclercdrive.fr/image.ashx?id=2605596&use=l&cat=p&typeid=i","cat":290421},{"id":206250,"n":"Crème relipidante Eau thermale Avène - XeraCalm - 400ml","p":20.99,"u":"52,48 €/L","img":"https://fd2-photos.leclercdrive.fr/image.ashx?id=2625481&use=l&cat=p&typeid=i","cat":290421},{"id":206253,"n":"Lait hydratant Eau thermale Avène - XeraCalm - 400ml","p":16.49,"u":"41,23 €/L","img":"https://fd2-photos.leclercdrive.fr/image.ashx?id=2509511&use=l&cat=p&typeid=i","cat":290421},{"id":206254,"n":"Sérum concentré Hydratant Avène Hydrance Boost - 30ml","p":22.99,"u":"766,33 €/L","img":"https://fd2-photos.leclercdrive.fr/image.ashx?id=2509520&use=l&cat=p&typeid=i","cat":291171},{"id":206259,"n":"Eau micellaire Avène Démaquillante - 400ml","p":10.45,"u":"26,13 €/L","img":"https://fd2-photos.leclercdrive.fr/image.ashx?id=2509535&use=l&cat=p&typeid=i","cat":301587},{"id":206260,"n":"Eau oxygénée Gilbert Stabilisée - 20 volumes - 250ml","p":3.79,"u":"15,16 €/L","img":"https://fd2-photos.leclercdrive.fr/image.ashx?id=2509643&use=l&cat=p&typeid=i","cat":291163},{"id":206261,"n":"Eau oxygénée Gilbert 30 volumes - 250ml","p":3.85,"u":"15,40 €/L","img":"https://fd2-photos.leclercdrive.fr/image.ashx?id=2509646&use=l&cat=p&typeid=i","cat":291163},{"id":206263,"n":"Anti-adhésif Gilbert 125ml","p":3.99,"u":"31,92 €/L","img":"https://fd2-photos.leclercdrive.fr/image.ashx?id=2509652&use=l&cat=p&typeid=i","cat":291163},{"id":206264,"n":"Crème d'eau Uriage Eau Thermale 40ml","p":13.0,"u":"325,00 €/L","img":"https://fd2-photos.leclercdrive.fr/image.ashx?id=2509038&use=l&cat=p&typeid=i","cat":291171},{"id":206274,"n":"Shampooing 2 en 1 Klorane Amande - 400ml","p":9.49,"u":"23,73 €/L","img":"https://fd2-photos.leclercdrive.fr/image.ashx?id=2509472&use=l&cat=p&typeid=i","cat":290400},{"id":206281,"n":"Shampooing sec Klorane Spray - Extra-doux - 150ml","p":8.29,"u":"55,27 €/L","img":"https://fd2-photos.leclercdrive.fr/image.ashx?id=2923879&use=l&cat=p&typeid=i","cat":290400},{"id":206299,"n":"Sirop Teisseire  Cerise - 60cl","p":3.56,"u":"5,93 €/L","img":"https://fd2-photos.leclercdrive.fr/image.ashx?id=2510777&use=l&cat=p&typeid=i","cat":295020},{"id":206363,"n":"Spray Répulsif poux Puressentiel - 75ml","p":6.39,"u":"85,20 €/L","img":"https://fd2-photos.leclercdrive.fr/image.ashx?id=2509568&use=l&cat=p&typeid=i","cat":301248},{"id":206365,"n":"Spray hypertonique Marimer Nez bouché - 100ml","p":3.89,"u":"38,90 €/L","img":"https://fd2-photos.leclercdrive.fr/image.ashx?id=2519174&use=l&cat=p&typeid=i","cat":301256},{"id":206375,"n":"Crème pieds Neutrogena Talons crevassés - 50ml","p":6.49,"u":"129,80 €/L","img":"https://fd2-photos.leclercdrive.fr/image.ashx?id=2510109&use=l&cat=p&typeid=i","cat":290424},{"id":206380,"n":"Recharge Huile lavante Topyalise SVR - 1L","p":12.99,"pp":9.74,"u":"9,74 €/L","img":"https://fd2-photos.leclercdrive.fr/image.ashx?id=2510133&use=l&cat=p&typeid=i","cat":301591},{"id":206382,"n":"Spray hygiène nasale hydratant Puressentiel- 100ml","p":5.59,"u":"55,90 €/L","img":"https://fd2-photos.leclercdrive.fr/image.ashx?id=2510139&use=l&cat=p&typeid=i","cat":301256},{"id":206397,"n":"Rêve de miel baume lèvres Nuxe  Nourrissant & réparateur - 15g","p":7.49,"img":"https://fd2-photos.leclercdrive.fr/image.ashx?id=2651504&use=l&cat=p&typeid=i","cat":291172},{"id":206401,"n":"Berocca immunité Flash Orange Effervescents - x30","p":8.99,"img":"https://fd2-photos.leclercdrive.fr/image.ashx?id=2510103&use=l&cat=p&typeid=i","cat":301264},{"id":206422,"n":"Arkomag magnésium B6 Arkopharma Nervosité et fatigue - x120","p":7.16,"u":"0,06 €/P","img":"https://fd2-photos.leclercdrive.fr/image.ashx?id=2510936&use=l&cat=p&typeid=i","cat":301264},{"id":206423,"n":"Crème protectrice visage Bébé Calendula - 50ml","p":5.79,"u":"115,80 €/L","img":"https://fd2-photos.leclercdrive.fr/image.ashx?id=2510118&use=l&cat=p&typeid=i","cat":291171},{"id":206424,"n":"1ère huile lavante bébé Uriage 500ml","p":11.49,"u":"22,98 €/L","img":"https://fd2-photos.leclercdrive.fr/image.ashx?id=2510124&use=l&cat=p&typeid=i","cat":290425},{"id":206425,"n":"1ère lingette eau bébé Uriage x70","p":4.43,"img":"https://fd2-photos.leclercdrive.fr/image.ashx?id=2510127&use=l&cat=p&typeid=i","cat":290387},{"id":206426,"n":"Gummies sommeil Forté Pharma Forté Nuit - x20","p":13.05,"img":"https://fd2-photos.leclercdrive.fr/image.ashx?id=2510969&use=l&cat=p&typeid=i","cat":301265},{"id":206429,"n":"Compléments alimentaires Luxéol Chute de cheveux - x90 gélules","p":35.89,"u":"0,40 €/P","img":"https://fd2-photos.leclercdrive.fr/image.ashx?id=2805489&use=l&cat=p&typeid=i","cat":301266},{"id":206430,"n":"Gummies Luxéol Cheveux et ongles - x60","p":18.82,"u":"0,31 €/P","img":"https://fd2-photos.leclercdrive.fr/image.ashx?id=2921942&use=l&cat=p&typeid=i","cat":301266},{"id":206439,"n":"Pâte à tartiner Nocciolata  Bio - Crunchy - 250g","p":3.4,"u":"13,60 €/KG","img":"https://fd2-photos.leclercdrive.fr/image.ashx?id=2905078&use=l&cat=p&typeid=i","cat":284481},{"id":206449,"n":"Crodino 3x17.5.cl","p":4.45,"u":"8,48 €/L","img":"https://fd2-photos.leclercdrive.fr/image.ashx?id=2877145&use=l&cat=p&typeid=i","cat":284913},{"id":206471,"n":"Baume du Tigre Blanc T 19g","p":6.7,"u":"352,63 €/KG","img":"https://fd2-photos.leclercdrive.fr/image.ashx?id=2511104&use=l&cat=p&typeid=i","cat":290421},{"id":206473,"n":"Huile prodigieuse Nuxe  Visage, corps, cheveux - 50ml","p":13.9,"u":"278,00 €/L","img":"https://fd2-photos.leclercdrive.fr/image.ashx?id=2651486&use=l&cat=p&typeid=i","cat":290422},{"id":206474,"n":"Huile relaxante Weleda Lavande - 100ml","p":13.1,"u":"131,00 €/L","img":"https://fd2-photos.leclercdrive.fr/image.ashx?id=2510482&use=l&cat=p&typeid=i","cat":290422},{"id":206553,"n":"Serviettes hygiéniques Always Ultra Jour&Nuit Taille 3 - x22","p":4.05,"u":"0,18 €/P","img":"https://fd2-photos.leclercdrive.fr/image.ashx?id=2849433&use=l&cat=p&typeid=i","cat":284624},{"id":206558,"n":"Gummies Luxéol  Pousse des cheveux - x60","p":18.82,"u":"0,31 €/P","img":"https://fd2-photos.leclercdrive.fr/image.ashx?id=2565317&use=l&cat=p&typeid=i","cat":301266},{"id":206560,"n":"Thé Night Cleanse Panda Tea Bio - 28 sachets","p":14.7,"pp":11.02,"img":"https://fd2-photos.leclercdrive.fr/image.ashx?id=2540796&use=l&cat=p&typeid=i","cat":301268},{"id":206582,"n":"Liquide vaiselle Paic Bi Activ Vinaigre et citron - 750ml","p":2.69,"u":"3,59 €/L","img":"https://fd2-photos.leclercdrive.fr/image.ashx?id=2966797&use=l&cat=p&typeid=i","cat":284655},{"id":206608,"n":"Amincissant ventre et hanches  Somatoline - Cryogel - 250ml","p":33.68,"u":"134,72 €/L","img":"https://fd2-photos.leclercdrive.fr/image.ashx?id=2512300&use=l&cat=p&typeid=i","cat":291161},{"id":206612,"n":"Brûleur de graisse Forté Pharma XtraSlim max 24 - 60 comprimés","p":40.32,"img":"https://fd2-photos.leclercdrive.fr/image.ashx?id=2512258&use=l&cat=p&typeid=i","cat":301267},{"id":206617,"n":"Lessive liquide Arbre Vert Recharge x34 - 1.53L","p":6.01,"u":"3,93 €/L","img":"https://fd2-photos.leclercdrive.fr/image.ashx?id=2680209&use=l&cat=p&typeid=i","cat":284640},{"id":206661,"n":"Pré shampooing Elsève  Pro Bond Repair - 200ml","p":8.43,"u":"42,15 €/L","img":"https://fd2-photos.leclercdrive.fr/image.ashx?id=2870680&use=l&cat=p&typeid=i","cat":284606},{"id":206725,"n":"Bâtonnet Magnum Double Sunlover x4 - 300g","p":3.75,"u":"12,50 €/KG","img":"https://fd2-photos.leclercdrive.fr/image.ashx?id=2886397&use=l&cat=p&typeid=i","cat":284265},{"id":206726,"n":"Glace Bâtonnet MAGNUM Double Caramel 4x85ml","p":2.98,"u":"10,49 €/KG","img":"https://fd2-photos.leclercdrive.fr/image.ashx?id=2770626&use=l&cat=p&typeid=i","cat":284265},{"id":206727,"n":"Bâtonnet Magnum Double Chocolat x4 - 284g","p":2.98,"u":"10,49 €/KG","img":"https://fd2-photos.leclercdrive.fr/image.ashx?id=3009284&use=l&cat=p&typeid=i","cat":284265},{"id":206921,"n":"Lessive en poudre L'Arbre Vert 1.8kg","p":7.87,"u":"4,37 €/KG","img":"https://fd2-photos.leclercdrive.fr/image.ashx?id=2794445&use=l&cat=p&typeid=i","cat":284642},{"id":206935,"n":"Thon entier Eco+ 140g","p":1.33,"u":"9,50 €/KG","img":"https://fd2-photos.leclercdrive.fr/image.ashx?id=2744440&use=l&cat=p&typeid=i","cat":303867},{"id":206950,"n":"Gaufrettes P'tit Déli Fourrés - 128g","p":1.59,"u":"12,42 €/KG","img":"https://fd2-photos.leclercdrive.fr/image.ashx?id=2842522&use=l&cat=p&typeid=i","cat":284488},{"id":206981,"n":"Rôti de poulet Fleury Michon 100% filet CSN x4 - 150g","p":2.3,"u":"15,33 €/KG","img":"https://fd2-photos.leclercdrive.fr/image.ashx?id=2892670&use=l&cat=p&typeid=i","cat":316010},{"id":206985,"n":"Haché de jambon Fleury Michon À poêler x2 - 190g","p":1.88,"u":"9,89 €/KG","img":"https://fd2-photos.leclercdrive.fr/image.ashx?id=2518649&use=l&cat=p&typeid=i","cat":316009},{"id":206997,"n":"Couscous à la marocaine légumes Fleury Michon - 450g","p":3.64,"u":"8,09 €/KG","img":"https://fd2-photos.leclercdrive.fr/image.ashx?id=2656724&use=l&cat=p&typeid=i","cat":333665},{"id":207010,"n":"Aiguillettes de poulet rôti Fleury Michon - CSN - 150g","p":2.21,"u":"14,73 €/KG","img":"https://fd2-photos.leclercdrive.fr/image.ashx?id=2642555&use=l&cat=p&typeid=i","cat":316011},{"id":207017,"n":"Monster Top Speed Zero 50CL","p":1.47,"u":"2,94 €/L","img":"https://fd2-photos.leclercdrive.fr/image.ashx?id=2861174&use=l&cat=p&typeid=i","cat":284533},{"id":207018,"n":"Infusion La Tisanière Nuit calme - 30g","p":2.88,"u":"96,00 €/KG","img":"https://fd2-photos.leclercdrive.fr/image.ashx?id=2907866&use=l&cat=p&typeid=i","cat":293234},{"id":207029,"n":"Infusion La Tisanière Drainage pamplemousse - x20 30g","p":2.48,"u":"82,67 €/KG","img":"https://fd2-photos.leclercdrive.fr/image.ashx?id=2907872&use=l&cat=p&typeid=i","cat":293234},{"id":207043,"n":"Lessive Liquide L'Arbre Vert Savon végétal 45 lavages 2,025L","p":6.76,"u":"3,34 €/L","img":"https://fd2-photos.leclercdrive.fr/image.ashx?id=3008542&use=l&cat=p&typeid=i","cat":284640},{"id":207044,"n":"Recharge Lessive l'Arbre Vert Amande Douce 34 lavages 1,53L","p":6.14,"u":"4,01 €/L","img":"https://fd2-photos.leclercdrive.fr/image.ashx?id=2684503&use=l&cat=p&typeid=i","cat":284640},{"id":207047,"n":"Beurre de cacahuètes Menguy's 454g","p":3.92,"u":"8,63 €/KG","img":"https://fd2-photos.leclercdrive.fr/image.ashx?id=2844088&use=l&cat=p&typeid=i","cat":284481},{"id":207073,"n":"Tablette lave vaiselle L'Arbre Vert Tout-en-1 - x32","p":4.99,"u":"8,54 €/KG","img":"https://fd2-photos.leclercdrive.fr/image.ashx?id=2672332&use=l&cat=p&typeid=i","cat":284656},{"id":207074,"n":"Vaisselle mains L'Arbre Vert Peaux sensibles - 500ml","p":1.62,"u":"3,24 €/L","img":"https://fd2-photos.leclercdrive.fr/image.ashx?id=2845428&use=l&cat=p&typeid=i","cat":284655},{"id":207075,"n":"Vaisselle Main L'Arbre Vert Amande - 500ml","p":1.43,"u":"2,86 €/L","img":"https://fd2-photos.leclercdrive.fr/image.ashx?id=2845431&use=l&cat=p&typeid=i","cat":284655},{"id":207076,"n":"Recharge Vaisselle mains L'Arbre Vert - Amande - 1L","p":2.79,"u":"2,79 €/L","img":"https://fd2-photos.leclercdrive.fr/image.ashx?id=2849926&use=l&cat=p&typeid=i","cat":284655},{"id":207097,"n":"Briquettes de charbon de bois Beaux Jours - 5kg","p":8.33,"u":"1,67 €/KG","img":"https://fd2-photos.leclercdrive.fr/image.ashx?id=2519612&use=l&cat=p&typeid=i","cat":335917},{"id":207104,"n":"Culotte Feel Natural  Menstruelle - Taille XL","p":16.49,"pp":9.89,"img":"https://fd2-photos.leclercdrive.fr/image.ashx?id=2795255&use=l&cat=p&typeid=i","cat":284624},{"id":207105,"n":"Culotte Feel Natural Menstruelle - Taille XXL","p":16.49,"pp":9.89,"img":"https://fd2-photos.leclercdrive.fr/image.ashx?id=2795315&use=l&cat=p&typeid=i","cat":284624},{"id":207117,"n":"Crème Solaire Spray Nivea Sun FPS 30 Protect&Bronze - 200ml","p":12.34,"u":"61,70 €/L","img":"https://fd2-photos.leclercdrive.fr/image.ashx?id=3008969&use=l&cat=p&typeid=i","cat":325355},{"id":207139,"n":"Serviettes hygiéniques Always  Ultra - Secure night - x18","p":4.05,"u":"0,23 €/P","img":"https://fd2-photos.leclercdrive.fr/image.ashx?id=2849436&use=l&cat=p&typeid=i","cat":284624},{"id":207140,"n":"Serviettes hygiéniques Always Ultra - Secure night extra- x16","p":4.0,"u":"0,25 €/P","img":"https://fd2-photos.leclercdrive.fr/image.ashx?id=3000878&use=l&cat=p&typeid=i","cat":284624},{"id":207141,"n":"Préservatifs Durex Nude Extra Fins Peau contre Peau x10","p":8.11,"u":"0,81 €/P","img":"https://fd2-photos.leclercdrive.fr/image.ashx?id=2962017&use=l&cat=p&typeid=i","cat":284631},{"id":207142,"n":"Gel Lubrifiant Intime Durex Sensitive base Eau 100ml","p":8.11,"u":"81,10 €/L","img":"https://fd2-photos.leclercdrive.fr/image.ashx?id=2961203&use=l&cat=p&typeid=i","cat":285160},{"id":207149,"n":"Miettes de thon Petit Navire Sauce tomate - 140g","p":1.83,"u":"13,07 €/KG","img":"https://fd2-photos.leclercdrive.fr/image.ashx?id=2881284&use=l&cat=p&typeid=i","cat":303867},{"id":207155,"n":"Cocktail prêt à boire Tails Fruit de la passion 14,9° -50cl","p":14.67,"u":"29,34 €/L","img":"https://fd2-photos.leclercdrive.fr/image.ashx?id=2858273&use=l&cat=p&typeid=i","cat":284551},{"id":207160,"n":"Olives farcies Menguy's Poivrons rouges -","p":2.93,"u":"19,53 €/KG","img":"https://fd2-photos.leclercdrive.fr/image.ashx?id=2733529&use=l&cat=p&typeid=i","cat":284450},{"id":207181,"n":"Sucre Saint Louis Spécial Espresso - 1kg","p":2.12,"u":"2,12 €/KG","img":"https://fd2-photos.leclercdrive.fr/image.ashx?id=2521413&use=l&cat=p&typeid=i","cat":284502},{"id":207184,"n":"Compotes Pom'Potes Pomme, Pomme brugnon - 96x90g","p":29.99,"u":"3,47 €/KG","img":"https://fd2-photos.leclercdrive.fr/image.ashx?id=2918547&use=l&cat=p&typeid=i","cat":284508},{"id":207194,"n":"Compotes Pom'Potes Pomme fraise framboise - 96x90g","p":29.99,"u":"3,47 €/KG","img":"https://fd2-photos.leclercdrive.fr/image.ashx?id=2918550&use=l&cat=p&typeid=i","cat":284508},{"id":207199,"n":"Recharge lessive liquide  Rainett Savon de Marseille 1.6L","p":6.35,"u":"3,97 €/L","img":"https://fd2-photos.leclercdrive.fr/image.ashx?id=2842129&use=l&cat=p&typeid=i","cat":284640},{"id":207209,"n":"Yaourt nature Calin Extra 8x100g","p":2.16,"u":"2,70 €/KG","img":"https://fd2-photos.leclercdrive.fr/image.ashx?id=2973745&use=l&cat=p&typeid=i","cat":284409},{"id":207220,"n":"Prodigieux lait parfumé Nuxe  Corps sublimateur - 200ml","p":12.25,"u":"61,25 €/L","img":"https://fd2-photos.leclercdrive.fr/image.ashx?id=2651480&use=l&cat=p&typeid=i","cat":290421},{"id":207221,"n":"Crème solaire visage corps Nuxe  Spray SPF50 - 150ml","p":16.99,"u":"113,27 €/L","img":"https://fd2-photos.leclercdrive.fr/image.ashx?id=2988379&use=l&cat=p&typeid=i","cat":290396},{"id":207225,"n":"Crème prodigieuse boost Nuxe  Gel anti-âge - 40ml","p":23.99,"u":"599,75 €/L","img":"https://fd2-photos.leclercdrive.fr/image.ashx?id=2583918&use=l&cat=p&typeid=i","cat":290421},{"id":207230,"n":"Crème prodigieuse boost Nuxe  Gel baume yeux anti-âge - 15ml","p":18.89,"img":"https://fd2-photos.leclercdrive.fr/image.ashx?id=2583924&use=l&cat=p&typeid=i","cat":291172},{"id":207262,"n":"Capsules Nescafé Dolce Gusto  Grande - x16","p":4.69,"u":"34,49 €/KG","img":"https://fd2-photos.leclercdrive.fr/image.ashx?id=2964153&use=l&cat=p&typeid=i","cat":293239},{"id":207289,"n":"NESTLE DESSERT Noir  3x205g - 615g","p":8.69,"u":"14,13 €/KG","img":"https://fd2-photos.leclercdrive.fr/image.ashx?id=2905039&use=l&cat=p&typeid=i","cat":285562},{"id":207302,"n":"Café dosettes L'Or Espresso Classique Tassimo 2x16 - 208g","p":8.94,"u":"42,98 €/KG","img":"https://fd2-photos.leclercdrive.fr/image.ashx?id=2871238&use=l&cat=p&typeid=i","cat":293240},{"id":207305,"n":"Filet de poulet  600g","p":7.11,"u":"11,85 €/KG","img":"https://fd2-photos.leclercdrive.fr/image.ashx?id=2524808&use=l&cat=p&typeid=i","cat":284336},{"id":207307,"n":"Culotte Feel Natural Taille S","p":16.49,"pp":9.89,"img":"https://fd2-photos.leclercdrive.fr/image.ashx?id=2795246&use=l&cat=p&typeid=i","cat":284624},{"id":207308,"n":"Cuisse de poulet  1kg","p":4.48,"u":"4,48 €/KG","img":"https://fd2-photos.leclercdrive.fr/image.ashx?id=2524811&use=l&cat=p&typeid=i","cat":284336},{"id":207311,"n":"Culotte Feel Natural Menstruelle - Taille M","p":16.49,"pp":9.89,"img":"https://fd2-photos.leclercdrive.fr/image.ashx?id=2795249&use=l&cat=p&typeid=i","cat":284624},{"id":207312,"n":"Café dosette L'or Tassimo Long classique 2x16 - 208g","p":8.94,"u":"42,98 €/KG","img":"https://fd2-photos.leclercdrive.fr/image.ashx?id=2871241&use=l&cat=p&typeid=i","cat":293240},{"id":207326,"n":"Super sérum anti-âge Nuxe  Concentré universel - 30ml","p":58.99,"img":"https://fd2-photos.leclercdrive.fr/image.ashx?id=2827308&use=l&cat=p&typeid=i","cat":291168},{"id":207329,"n":"Merveillance lift Nuxe  Crème anti-âge velours - 50ml","p":36.59,"u":"731,80 €/L","img":"https://fd2-photos.leclercdrive.fr/image.ashx?id=2542342&use=l&cat=p&typeid=i","cat":291168},{"id":207332,"n":"Rêve de miel soin lèvres Nuxe  10ml","p":12.4,"img":"https://fd2-photos.leclercdrive.fr/image.ashx?id=2651546&use=l&cat=p&typeid=i","cat":291172},{"id":207333,"n":"Crème solaire visage corps Nuxe  Lait SPF50 - 150ml","p":16.49,"u":"109,93 €/L","img":"https://fd2-photos.leclercdrive.fr/image.ashx?id=2901941&use=l&cat=p&typeid=i","cat":290396},{"id":207335,"n":"Huile solaire visage corps Nuxe  Huile bronzante SPF50 - 150ml","p":16.0,"u":"106,67 €/L","img":"https://fd2-photos.leclercdrive.fr/image.ashx?id=2904176&use=l&cat=p&typeid=i","cat":290395},{"id":207336,"n":"Crème solaire visage corps Nuxe  Spray SPF30 - 150ml","p":15.29,"u":"101,93 €/L","img":"https://fd2-photos.leclercdrive.fr/image.ashx?id=2651558&use=l&cat=p&typeid=i","cat":290396},{"id":207339,"n":"Crème solaire visage Nuxe  Délicieuse SPF30 - 50ml","p":12.99,"u":"259,80 €/L","img":"https://fd2-photos.leclercdrive.fr/image.ashx?id=2651462&use=l&cat=p&typeid=i","cat":290396},{"id":207389,"n":"Cornichon Français Vinaigre 210g","p":3.95,"u":"18,81 €/KG","img":"https://fd2-photos.leclercdrive.fr/image.ashx?id=2899033&use=l&cat=p&typeid=i","cat":284458},{"id":207402,"n":"Adoucissant Soupline  Hypoallergénique - 28p","p":6.2,"u":"0,22 €/P","img":"https://fd2-photos.leclercdrive.fr/image.ashx?id=2818827&use=l&cat=p&typeid=i","cat":284650},{"id":207414,"n":"Café dosettes L'Or Tassimo Long intense - 256g","p":8.94,"u":"34,92 €/KG","img":"https://fd2-photos.leclercdrive.fr/image.ashx?id=2624757&use=l&cat=p&typeid=i","cat":293240},{"id":207456,"n":"Purée de fruits Eco+ x8 - 800g","p":1.79,"u":"2,24 €/KG","img":"https://fd2-photos.leclercdrive.fr/image.ashx?id=2523507&use=l&cat=p&typeid=i","cat":284416},{"id":207457,"n":"Yaourt nature sucré Eco+ 4x125g","p":0.89,"u":"1,78 €/KG","img":"https://fd2-photos.leclercdrive.fr/image.ashx?id=2523510&use=l&cat=p&typeid=i","cat":284409},{"id":207460,"n":"Crème glacée La Laitière Vanille bourbon - 490g","p":3.24,"pp":2.27,"u":"4,63 €/KG","img":"https://fd2-photos.leclercdrive.fr/image.ashx?id=3000009&use=l&cat=p&typeid=i","cat":284263},{"id":207467,"n":"Moutarde Forte Amora 430g","p":1.47,"u":"3,42 €/KG","img":"https://fd2-photos.leclercdrive.fr/image.ashx?id=2526079&use=l&cat=p&typeid=i","cat":288850},{"id":207469,"n":"Moutarde Forte Amora 185g","p":1.43,"u":"7,73 €/KG","img":"https://fd2-photos.leclercdrive.fr/image.ashx?id=2526082&use=l&cat=p&typeid=i","cat":288850},{"id":207471,"n":"Moutarde Mi-forte Amora 415g","p":1.53,"u":"3,69 €/KG","img":"https://fd2-photos.leclercdrive.fr/image.ashx?id=2993176&use=l&cat=p&typeid=i","cat":288850},{"id":207476,"n":"Moutarde de Dijon Fine MAILLE L'Original Bocal - 360g","p":1.43,"u":"3,97 €/KG","img":"https://fd2-photos.leclercdrive.fr/image.ashx?id=2945841&use=l&cat=p&typeid=i","cat":288850},{"id":207478,"n":"Moutarde à l'Ancienne MAILLE Bocal - 360g","p":2.38,"u":"6,61 €/KG","img":"https://fd2-photos.leclercdrive.fr/image.ashx?id=2664307&use=l&cat=p&typeid=i","cat":288850},{"id":207480,"n":"Crème glacée La Laitière Caramel Beurre salé - 490g","p":3.24,"pp":2.27,"u":"4,63 €/KG","img":"https://fd2-photos.leclercdrive.fr/image.ashx?id=2877883&use=l&cat=p&typeid=i","cat":284263},{"id":207489,"n":"Pizza Feu de bois Turini Saisonnière - 450g","p":2.99,"u":"6,64 €/KG","img":"https://fd2-photos.leclercdrive.fr/image.ashx?id=2816618&use=l&cat=p&typeid=i","cat":284256},{"id":207492,"n":"Crème glacée La Laitière Vanille pécan - 490g","p":3.24,"pp":2.27,"u":"4,63 €/KG","img":"https://fd2-photos.leclercdrive.fr/image.ashx?id=3000015&use=l&cat=p&typeid=i","cat":284263},{"id":207507,"n":"Piles Boutons Lithium Duracell CR 2430 - x2","p":6.9,"img":"https://fd2-photos.leclercdrive.fr/image.ashx?id=2525396&use=l&cat=p&typeid=i","cat":300572},{"id":207508,"n":"Piles Boutons Lithium Duracell CR 2450 - x2","p":6.39,"img":"https://fd2-photos.leclercdrive.fr/image.ashx?id=2594542&use=l&cat=p&typeid=i","cat":300572},{"id":207528,"n":"Lessive liquide L'Arbre Vert Peaux sensibles - x34 - 1.53L","p":6.9,"u":"4,51 €/L","img":"https://fd2-photos.leclercdrive.fr/image.ashx?id=3008536&use=l&cat=p&typeid=i","cat":284640},{"id":207529,"n":"Recharge lessive L'Arbre Vert Peaux sensibles - x34 - 1.53L","p":6.28,"u":"4,10 €/L","img":"https://fd2-photos.leclercdrive.fr/image.ashx?id=2680212&use=l&cat=p&typeid=i","cat":284640},{"id":207530,"n":"Vaisselle mains L'Arbre Vert Peaux sensibles - 750ml","p":1.63,"u":"2,17 €/L","img":"https://fd2-photos.leclercdrive.fr/image.ashx?id=2850575&use=l&cat=p&typeid=i","cat":284655},{"id":207533,"n":"Préservatifs Durex Feeling  Extra Fins Extra Lubrifiés x12","p":6.17,"img":"https://fd2-photos.leclercdrive.fr/image.ashx?id=2962014&use=l&cat=p&typeid=i","cat":284631},{"id":207536,"n":"Préservatifs Durex Nude Sans Latex Extra Lubrifié x10","p":7.52,"img":"https://fd2-photos.leclercdrive.fr/image.ashx?id=2730478&use=l&cat=p&typeid=i","cat":284631},{"id":207537,"n":"Culotte dentelle Menstruelle - Taille L","p":16.49,"pp":9.89,"img":"https://fd2-photos.leclercdrive.fr/image.ashx?id=2795252&use=l&cat=p&typeid=i","cat":284624},{"id":207540,"n":"Croûtons Tipiak Ail - 75g","p":1.48,"u":"19,73 €/KG","img":"https://fd2-photos.leclercdrive.fr/image.ashx?id=2684461&use=l&cat=p&typeid=i","cat":284464},{"id":207551,"n":"Dentifrice Naturals Aquafresh Blancheur charbon - 75ml","p":1.82,"u":"24,27 €/L","img":"https://fd2-photos.leclercdrive.fr/image.ashx?id=2527079&use=l&cat=p&typeid=i","cat":284612},{"id":207553,"n":"Dentifrice Sensodyne  Junior - 6-12 ans - 50ml","p":3.7,"u":"74,00 €/L","img":"https://fd2-photos.leclercdrive.fr/image.ashx?id=2968920&use=l&cat=p&typeid=i","cat":288898},{"id":207557,"n":"Préservatifs Durex Feeling  Extra Lubrifié Extra Fins x20","p":9.72,"u":"0,49 €/P","img":"https://fd2-photos.leclercdrive.fr/image.ashx?id=2964965&use=l&cat=p&typeid=i","cat":284631},{"id":207559,"n":"Préservatifs Durex Pleasure me Perlés et Nervurés x12","p":6.86,"u":"0,57 €/P","img":"https://fd2-photos.leclercdrive.fr/image.ashx?id=2730466&use=l&cat=p&typeid=i","cat":284631},{"id":207593,"n":"Fusilli Di Canossa Sauce bolognaise - 70g","p":1.82,"u":"26,00 €/KG","img":"https://fd2-photos.leclercdrive.fr/image.ashx?id=2988716&use=l&cat=p&typeid=i","cat":289010},{"id":207601,"n":"Nettoyants Inserts Décapfeu Bbq - Aérosol - 500ml","p":5.06,"u":"10,12 €/L","img":"https://fd2-photos.leclercdrive.fr/image.ashx?id=2776543&use=l&cat=p&typeid=i","cat":325357},{"id":207609,"n":"Masque reconstituant Ultra doux Cheveu fragile cassant - 340ml","p":4.7,"u":"13,82 €/L","img":"https://fd2-photos.leclercdrive.fr/image.ashx?id=2646924&use=l&cat=p&typeid=i","cat":284608},{"id":207615,"n":"Lessive capsule L'Arbre Vert Savon végétal - x24","p":8.81,"u":"13,92 €/KG","img":"https://fd2-photos.leclercdrive.fr/image.ashx?id=2742126&use=l&cat=p&typeid=i","cat":284641},{"id":207622,"n":"Culotte Dentelle Feel Natural Menstruelle - Taille XS","p":16.49,"pp":9.89,"img":"https://fd2-photos.leclercdrive.fr/image.ashx?id=2795243&use=l&cat=p&typeid=i","cat":284624},{"id":208153,"n":"Crème solaire visage Nuxe  Fondante SPF50 - 50ml","p":12.99,"u":"259,80 €/L","img":"https://fd2-photos.leclercdrive.fr/image.ashx?id=2901938&use=l&cat=p&typeid=i","cat":290396},{"id":208154,"n":"Huile prodigieuse or Nuxe  Visage, corps, cheveux - 100ml","p":25.89,"u":"258,90 €/L","img":"https://fd2-photos.leclercdrive.fr/image.ashx?id=2651489&use=l&cat=p&typeid=i","cat":290422},{"id":208155,"n":"Huile prodigieuse or Nuxe  Visage, corps, cheveux - 50ml","p":16.76,"u":"335,20 €/L","img":"https://fd2-photos.leclercdrive.fr/image.ashx?id=2651492&use=l&cat=p&typeid=i","cat":290422},{"id":208156,"n":"Eau délicieuse parfumante Nuxe  Parfum solaire - 100ml","p":24.49,"u":"244,90 €/L","img":"https://fd2-photos.leclercdrive.fr/image.ashx?id=2652230&use=l&cat=p&typeid=i","cat":290422},{"id":208158,"n":"Crème prodigieuse boost Nuxe  Huile anti-âge nuit - 50ml","p":24.89,"u":"497,80 €/L","img":"https://fd2-photos.leclercdrive.fr/image.ashx?id=2583921&use=l&cat=p&typeid=i","cat":291171},{"id":208168,"n":"Huile prodigieuse florale Nuxe  Visage, corps, cheveux - 100ml","p":22.48,"u":"224,80 €/L","img":"https://fd2-photos.leclercdrive.fr/image.ashx?id=2651510&use=l&cat=p&typeid=i","cat":290422},{"id":208169,"n":"Déodorant bille Nuxe Rêve de thé - 50ml","p":5.99,"u":"119,80 €/L","img":"https://fd2-photos.leclercdrive.fr/image.ashx?id=2651519&use=l&cat=p&typeid=i","cat":301593},{"id":208172,"n":"Crème solaire visage Nuxe  Fluide léger SPF50 - 50ml","p":12.49,"u":"249,80 €/L","img":"https://fd2-photos.leclercdrive.fr/image.ashx?id=2651525&use=l&cat=p&typeid=i","cat":290396},{"id":208173,"n":"Merveillance lift Nuxe Crème anti-âge nuit - 50ml","p":36.59,"u":"731,80 €/L","img":"https://fd2-photos.leclercdrive.fr/image.ashx?id=2542345&use=l&cat=p&typeid=i","cat":291168},{"id":208174,"n":"Merveillance lift Nuxe  Crème anti-âge poudrée - 50ml","p":36.59,"u":"731,80 €/L","img":"https://fd2-photos.leclercdrive.fr/image.ashx?id=2542348&use=l&cat=p&typeid=i","cat":291168},{"id":208175,"n":"Prodigieux floral douche Nuxe gel parfumé - 200ml","p":5.99,"u":"29,95 €/L","img":"https://fd2-photos.leclercdrive.fr/image.ashx?id=2651537&use=l&cat=p&typeid=i","cat":301591},{"id":208176,"n":"Crème fraîche de beauté Nuxe  Crème hydratante - 50ml","p":20.5,"pp":14.35,"u":"287,00 €/L","img":"https://fd2-photos.leclercdrive.fr/image.ashx?id=2651549&use=l&cat=p&typeid=i","cat":291171},{"id":208186,"n":"Crème fraîche de beauté Nuxe  Crème riche hydratante - 50ml","p":20.5,"pp":14.35,"u":"287,00 €/L","img":"https://fd2-photos.leclercdrive.fr/image.ashx?id=2540625&use=l&cat=p&typeid=i","cat":291171},{"id":208189,"n":"Complément alimentaire Ducray Anacaps Réactiv - 3mois - x90","p":25.89,"img":"https://fd2-photos.leclercdrive.fr/image.ashx?id=2528735&use=l&cat=p&typeid=i","cat":301266},{"id":208197,"n":"Crème Solaire Visage Nivea Sun FPS50+ Anti-taches - 40ml","p":10.67,"u":"266,75 €/L","img":"https://fd2-photos.leclercdrive.fr/image.ashx?id=2967373&use=l&cat=p&typeid=i","cat":325355},{"id":208385,"n":"Capsules café L'Or Espresso Delizioso N°5 x50","p":14.37,"u":"55,27 €/KG","img":"https://fd2-photos.leclercdrive.fr/image.ashx?id=2788064&use=l&cat=p&typeid=i","cat":284749},{"id":208421,"n":"Infusion fruits rouges Elephant Touche de menthe - 40g","p":2.79,"u":"69,75 €/KG","img":"https://fd2-photos.leclercdrive.fr/image.ashx?id=2813104&use=l&cat=p&typeid=i","cat":293234},{"id":208484,"n":"Chips paysanne Lay's Saveur Oignon de Roscoff - 120g","p":1.37,"u":"11,42 €/KG","img":"https://fd2-photos.leclercdrive.fr/image.ashx?id=2810777&use=l&cat=p&typeid=i","cat":284447},{"id":208611,"n":"Yaourt à boire Eco+ Vanille - 850g","p":1.33,"u":"1,56 €/KG","img":"https://fd2-photos.leclercdrive.fr/image.ashx?id=2543507&use=l&cat=p&typeid=i","cat":284415},{"id":208632,"n":"Crème glacée La Laitière Crème brulée - 490g","p":3.24,"pp":2.27,"u":"4,63 €/KG","img":"https://fd2-photos.leclercdrive.fr/image.ashx?id=2877880&use=l&cat=p&typeid=i","cat":284263},{"id":208636,"n":"Purée Mousline Crème et noix de muscade - 500g","p":3.04,"u":"6,08 €/KG","img":"https://fd2-photos.leclercdrive.fr/image.ashx?id=3011728&use=l&cat=p&typeid=i","cat":284431},{"id":208638,"n":"Purée Mousline x3 sachets - 195g","p":1.31,"u":"6,72 €/KG","img":"https://fd2-photos.leclercdrive.fr/image.ashx?id=3004414&use=l&cat=p&typeid=i","cat":284431},{"id":208642,"n":"Purée Mousline x4 - 520g","p":2.37,"u":"4,56 €/KG","img":"https://fd2-photos.leclercdrive.fr/image.ashx?id=3011734&use=l&cat=p&typeid=i","cat":284431},{"id":208651,"n":"Purée Mousline  x8 - 1.04 kg","p":4.38,"u":"4,21 €/KG","img":"https://fd2-photos.leclercdrive.fr/image.ashx?id=2986780&use=l&cat=p&typeid=i","cat":284431},{"id":208658,"n":"Biscuit P'tit Deli Chocolat lait blanc - 150g","p":1.75,"u":"11,67 €/KG","img":"https://fd2-photos.leclercdrive.fr/image.ashx?id=2684835&use=l&cat=p&typeid=i","cat":284488},{"id":208749,"n":"Riz long grain 10 min Lustucru  x5 - 900g","p":2.15,"u":"2,39 €/KG","img":"https://fd2-photos.leclercdrive.fr/image.ashx?id=2963739&use=l&cat=p&typeid=i","cat":284428},{"id":208750,"n":"Purée Mousline x3 - 375g","p":2.56,"u":"6,83 €/KG","img":"https://fd2-photos.leclercdrive.fr/image.ashx?id=2940135&use=l&cat=p&typeid=i","cat":284431},{"id":208751,"n":"Riz long grain 10 min Lustucru x5 - 450g","p":1.41,"u":"3,13 €/KG","img":"https://fd2-photos.leclercdrive.fr/image.ashx?id=2955830&use=l&cat=p&typeid=i","cat":284428},{"id":208759,"n":"Purée Mousline  Presse purée - 375g","p":2.8,"u":"7,47 €/KG","img":"https://fd2-photos.leclercdrive.fr/image.ashx?id=2940117&use=l&cat=p&typeid=i","cat":284431},{"id":208761,"n":"Purée Mousline x4 - 125g","p":1.16,"u":"9,28 €/KG","img":"https://fd2-photos.leclercdrive.fr/image.ashx?id=2940126&use=l&cat=p&typeid=i","cat":284431},{"id":208763,"n":"Dentifrice Colgate Max Fresh Cristaux fraicheur - 75ml","p":1.89,"u":"25,20 €/L","img":"https://fd2-photos.leclercdrive.fr/image.ashx?id=2957311&use=l&cat=p&typeid=i","cat":284612},{"id":208772,"n":"Gel douche Sanex Natural Prebiotic - Sensitive - 425ml","p":4.74,"u":"11,15 €/L","img":"https://fd2-photos.leclercdrive.fr/image.ashx?id=2757857&use=l&cat=p&typeid=i","cat":284594},{"id":208777,"n":"Huile de douche Sanex Dermonourishing - Surgras 400ml","p":3.09,"u":"7,73 €/L","img":"https://fd2-photos.leclercdrive.fr/image.ashx?id=2757854&use=l&cat=p&typeid=i","cat":284594},{"id":208778,"n":"Thon Petit Navire  Mayonnaise - 3x140g","p":4.99,"u":"11,88 €/KG","img":"https://fd2-photos.leclercdrive.fr/image.ashx?id=2835854&use=l&cat=p&typeid=i","cat":303867},{"id":208786,"n":"Thé glacé Lipton Ice Tea Pêche La bouteille de 1.25L","p":1.5,"u":"1,20 €/L","img":"https://fd2-photos.leclercdrive.fr/image.ashx?id=2731567&use=l&cat=p&typeid=i","cat":295019},{"id":208788,"n":"Thé glacé Lipton Ice Tea Pêche  Sans sucres bouteille de 1.25L","p":1.57,"u":"1,26 €/L","img":"https://fd2-photos.leclercdrive.fr/image.ashx?id=2731570&use=l&cat=p&typeid=i","cat":295019},{"id":208791,"n":"Crevette du pacifique Costa 270g","p":8.85,"pp":5.84,"u":"21,63 €/KG","img":"https://fd2-photos.leclercdrive.fr/image.ashx?id=2533943&use=l&cat=p&typeid=i","cat":319787},{"id":208806,"n":"Grilletine blé complet Pasquier Sans sucre ajouté - 255g","p":2.29,"u":"8,98 €/KG","img":"https://fd2-photos.leclercdrive.fr/image.ashx?id=2533559&use=l&cat=p&typeid=i","cat":284479},{"id":208835,"n":"Lardons végétaux La Vie Nature - 2x75g","p":3.02,"u":"20,13 €/KG","img":"https://fd2-photos.leclercdrive.fr/image.ashx?id=2965244&use=l&cat=p&typeid=i","cat":316036},{"id":208836,"n":"Lardons végétaux La Vie Fumés - 2x75g","p":2.8,"u":"18,67 €/KG","img":"https://fd2-photos.leclercdrive.fr/image.ashx?id=2965247&use=l&cat=p&typeid=i","cat":316036},{"id":208837,"n":"Bacon végétal La Vie Fumé - 120g","p":2.9,"u":"24,17 €/KG","img":"https://fd2-photos.leclercdrive.fr/image.ashx?id=2965250&use=l&cat=p&typeid=i","cat":316036},{"id":208855,"n":"Brosse à dent Colgate Deep Clean - Souple - x1","p":3.43,"img":"https://fd2-photos.leclercdrive.fr/image.ashx?id=2968938&use=l&cat=p&typeid=i","cat":284614},{"id":208859,"n":"Sérum Colgate Max White Blancheur - Nuit - 3ml","p":14.14,"img":"https://fd2-photos.leclercdrive.fr/image.ashx?id=2834095&use=l&cat=p&typeid=i","cat":284612},{"id":208865,"n":"Spray nasal Prorhinel Aloe Vera - Enfant/Adulte 100ml","p":5.79,"u":"57,90 €/L","img":"https://fd2-photos.leclercdrive.fr/image.ashx?id=2917861&use=l&cat=p&typeid=i","cat":284630},{"id":208867,"n":"Serum physiologique Prorhinel 30x5ml","p":3.11,"u":"20,73 €/L","img":"https://fd2-photos.leclercdrive.fr/image.ashx?id=2878303&use=l&cat=p&typeid=i","cat":284741},{"id":208937,"n":"Barre protéinée Joyfuel Cookie Dough 55g","p":2.41,"u":"43,82 €/KG","img":"https://fd2-photos.leclercdrive.fr/image.ashx?id=2662057&use=l&cat=p&typeid=i","cat":318652},{"id":209054,"n":"Wraps Old El Paso Extra fins x6 - 192g","p":2.67,"u":"13,91 €/KG","img":"https://fd2-photos.leclercdrive.fr/image.ashx?id=2737693&use=l&cat=p&typeid=i","cat":288993},{"id":209057,"n":"Céréales bébé P'TITE CEREALE chocolat biscuit 12M+ - 415g","p":3.24,"u":"7,81 €/KG","img":"https://fd2-photos.leclercdrive.fr/image.ashx?id=2537303&use=l&cat=p&typeid=i","cat":312225},{"id":209064,"n":"Céréales bébé BABICAO Cacao 10M+ - 400g","p":3.47,"u":"8,68 €/KG","img":"https://fd2-photos.leclercdrive.fr/image.ashx?id=2537294&use=l&cat=p&typeid=i","cat":312225},{"id":209066,"n":"Céréales bébé P'TITE CEREALE Vanille Biscuit 12M+ - 415g","p":3.24,"u":"7,81 €/KG","img":"https://fd2-photos.leclercdrive.fr/image.ashx?id=2537297&use=l&cat=p&typeid=i","cat":312225},{"id":209074,"n":"Gel acccélérateur Cicaplast La Roche-Posay - 40ml","p":7.49,"u":"187,25 €/L","img":"https://fd2-photos.leclercdrive.fr/image.ashx?id=2537071&use=l&cat=p&typeid=i","cat":290405},{"id":209093,"n":"Adoucissant Soupline Magnolia & lavande - x60 1.28L","p":6.39,"u":"4,92 €/L","img":"https://fd2-photos.leclercdrive.fr/image.ashx?id=2832569&use=l&cat=p&typeid=i","cat":284650},{"id":209094,"n":"Adoucissant Soupline Concentré Mandarine Vanille x60 - 1.28ml","p":5.84,"u":"4,56 €/L","img":"https://fd2-photos.leclercdrive.fr/image.ashx?id=2832572&use=l&cat=p&typeid=i","cat":284650},{"id":209113,"n":"Pâtes Collezione Barilla Farfalle Generose - 500g","p":1.65,"u":"3,30 €/KG","img":"https://fd2-photos.leclercdrive.fr/image.ashx?id=2654122&use=l&cat=p&typeid=i","cat":284427},{"id":209137,"n":"Blanc de poulet Tradilège Doré au four - 240g","p":1.98,"u":"8,25 €/KG","img":"https://fd2-photos.leclercdrive.fr/image.ashx?id=2925759&use=l&cat=p&typeid=i","cat":316010},{"id":209151,"n":"Pâtes Torti Legumes Panzani 3 Minutes - 500G","p":1.49,"u":"2,98 €/KG","img":"https://fd2-photos.leclercdrive.fr/image.ashx?id=2896117&use=l&cat=p&typeid=i","cat":284427},{"id":209152,"n":"Macaroni Panzani 3min - 1kg","p":2.34,"u":"2,34 €/KG","img":"https://fd2-photos.leclercdrive.fr/image.ashx?id=2896096&use=l&cat=p&typeid=i","cat":284427},{"id":209154,"n":"Compotes Pom'Potes  Assortiment x64 - 5.76kg","p":28.39,"pp":19.87,"u":"3,45 €/KG","img":"https://fd2-photos.leclercdrive.fr/image.ashx?id=2977261&use=l&cat=p&typeid=i","cat":284508},{"id":209182,"n":"Rasoir Gillette Labs Neon Night Edition - 1 rasoir + 1 lame","p":28.76,"img":"https://fd2-photos.leclercdrive.fr/image.ashx?id=2891740&use=l&cat=p&typeid=i","cat":284616},{"id":209208,"n":"Sauce soja Suzi Wan Sucrée - 135ml","p":1.88,"u":"13,93 €/KG","img":"https://fd2-photos.leclercdrive.fr/image.ashx?id=2892931&use=l&cat=p&typeid=i","cat":288992},{"id":209212,"n":"Graines de sésame doré Ducros  45g","p":2.27,"u":"50,44 €/KG","img":"https://fd2-photos.leclercdrive.fr/image.ashx?id=2538605&use=l&cat=p&typeid=i","cat":298297},{"id":209215,"n":"Gel purifiant corps Effaclar La Roche-Posay - 400ml","p":14.42,"u":"36,05 €/L","img":"https://fd2-photos.leclercdrive.fr/image.ashx?id=2537511&use=l&cat=p&typeid=i","cat":301591},{"id":209218,"n":"Lait de croissance NIDAL 3  dès 1 an - 2x600g","p":13.62,"u":"11,35 €/KG","img":"https://fd2-photos.leclercdrive.fr/image.ashx?id=2899773&use=l&cat=p&typeid=i","cat":290219},{"id":209302,"n":"Thé glacé Lipton Ice Tea Citron/citron vert - 1.25L","p":1.68,"u":"1,34 €/L","img":"https://fd2-photos.leclercdrive.fr/image.ashx?id=2731573&use=l&cat=p&typeid=i","cat":295019},{"id":209350,"n":"Cœurs de palmiers Géant Vert coupés - 125g","p":3.06,"u":"24,48 €/KG","img":"https://fd2-photos.leclercdrive.fr/image.ashx?id=2840569&use=l&cat=p&typeid=i","cat":312611},{"id":209368,"n":"Thé glacé Lipton Ice Tea Pêche La bouteille de 1.75L","p":1.87,"u":"1,07 €/L","img":"https://fd2-photos.leclercdrive.fr/image.ashx?id=2731594&use=l&cat=p&typeid=i","cat":295019},{"id":209371,"n":"Aneth Ducros 13g","p":1.76,"u":"135,38 €/KG","img":"https://fd2-photos.leclercdrive.fr/image.ashx?id=2538599&use=l&cat=p&typeid=i","cat":298297},{"id":209372,"n":"Gingembre Ducros 29g","p":1.59,"u":"54,83 €/KG","img":"https://fd2-photos.leclercdrive.fr/image.ashx?id=2983216&use=l&cat=p&typeid=i","cat":298297},{"id":209383,"n":"Gel bain douche Rogé Cavaillès L'Original - 1L","p":7.9,"pp":5.53,"u":"5,53 €/L","img":"https://fd2-photos.leclercdrive.fr/image.ashx?id=2538842&use=l&cat=p&typeid=i","cat":301591},{"id":209385,"n":"Recharge Gel bain douche Rogé Cavaillès - L'Original - 1L","p":7.73,"pp":5.41,"u":"5,41 €/L","img":"https://fd2-photos.leclercdrive.fr/image.ashx?id=2539204&use=l&cat=p&typeid=i","cat":301591},{"id":209392,"n":"Gel bain douche Rogé Cavaillès Amande verte - 1L","p":7.9,"pp":5.53,"u":"5,53 €/L","img":"https://fd2-photos.leclercdrive.fr/image.ashx?id=2538833&use=l&cat=p&typeid=i","cat":301591},{"id":209430,"n":"Skyr Danone Citron 0%mg - 2x140g","p":2.33,"u":"8,32 €/KG","img":"https://fd2-photos.leclercdrive.fr/image.ashx?id=2851728&use=l&cat=p&typeid=i","cat":315000},{"id":209431,"n":"Skyr Danone Fraise 0%mg - 2x140g","p":2.08,"u":"7,43 €/KG","img":"https://fd2-photos.leclercdrive.fr/image.ashx?id=2755270&use=l&cat=p&typeid=i","cat":315000},{"id":209465,"n":"Sirop Teisseire Ice Tea Pêche Bidon - 60cl","p":3.3,"u":"5,50 €/L","img":"https://fd2-photos.leclercdrive.fr/image.ashx?id=2539710&use=l&cat=p&typeid=i","cat":295020},{"id":209491,"n":"Couscous moyen Ferrero sachet -500g","p":1.57,"u":"3,14 €/KG","img":"https://fd2-photos.leclercdrive.fr/image.ashx?id=2869561&use=l&cat=p&typeid=i","cat":284429},{"id":209494,"n":"Salade & Cie Sodebo Roma Jambon Speck - 320g","p":2.84,"u":"8,88 €/KG","img":"https://fd2-photos.leclercdrive.fr/image.ashx?id=2732413&use=l&cat=p&typeid=i","cat":333657},{"id":209495,"n":"Salade & Cie Sodebo Manhattan Poulet rôti - 320g","p":2.9,"u":"9,06 €/KG","img":"https://fd2-photos.leclercdrive.fr/image.ashx?id=2732407&use=l&cat=p&typeid=i","cat":333657},{"id":209496,"n":"Salade & Cie Sodebo Montmartre Jambon supérieur - 320g","p":2.9,"u":"9,06 €/KG","img":"https://fd2-photos.leclercdrive.fr/image.ashx?id=2868945&use=l&cat=p&typeid=i","cat":333657},{"id":209510,"n":"Chips nature Lay's Sel - 250g","p":1.93,"u":"7,72 €/KG","img":"https://fd2-photos.leclercdrive.fr/image.ashx?id=2995073&use=l&cat=p&typeid=i","cat":284447},{"id":209514,"n":"Chips Lay's Nature - 135g","p":1.32,"u":"9,78 €/KG","img":"https://fd2-photos.leclercdrive.fr/image.ashx?id=2994482&use=l&cat=p&typeid=i","cat":284447},{"id":209557,"n":"Litière chats Eco+ Minérale agglomérante - 5L","p":1.77,"img":"https://fd2-photos.leclercdrive.fr/image.ashx?id=2545479&use=l&cat=p&typeid=i","cat":284683},{"id":209593,"n":"Brioche Muffin La Boulangère x5 - 250g","p":1.48,"u":"5,92 €/KG","img":"https://fd2-photos.leclercdrive.fr/image.ashx?id=2912443&use=l&cat=p&typeid=i","cat":284478},{"id":209597,"n":"Compote Allégée en sucres Eco+ Bocal pomme poire - 720g","p":1.13,"u":"1,57 €/KG","img":"https://fd2-photos.leclercdrive.fr/image.ashx?id=2953206&use=l&cat=p&typeid=i","cat":284508},{"id":209598,"n":"Compote Allégée en sucres Eco+ Bocal pomme banane - 720g","p":1.03,"u":"1,43 €/KG","img":"https://fd2-photos.leclercdrive.fr/image.ashx?id=2953209&use=l&cat=p&typeid=i","cat":284508},{"id":209599,"n":"Capsules café L'Or Espresso Lungo Profondo N°8 x50","p":15.67,"u":"60,27 €/KG","img":"https://fd2-photos.leclercdrive.fr/image.ashx?id=2540898&use=l&cat=p&typeid=i","cat":284749},{"id":209600,"n":"Capsules café L'Or Espresso Splendente N°7 x50","p":14.37,"u":"55,27 €/KG","img":"https://fd2-photos.leclercdrive.fr/image.ashx?id=3000477&use=l&cat=p&typeid=i","cat":284749},{"id":209601,"n":"Thé vert Lipton Menthe intense - x20 - 32g","p":1.6,"u":"50,00 €/KG","img":"https://fd2-photos.leclercdrive.fr/image.ashx?id=2540907&use=l&cat=p&typeid=i","cat":293233},{"id":209648,"n":"Briochettes pépites de chocolat Pasquier - 400g","p":2.82,"u":"7,05 €/KG","img":"https://fd2-photos.leclercdrive.fr/image.ashx?id=2541196&use=l&cat=p&typeid=i","cat":296366},{"id":209688,"n":"Thé vert menthe Lipton Asie - x30s - 48g","p":2.58,"u":"53,75 €/KG","img":"https://fd2-photos.leclercdrive.fr/image.ashx?id=2542819&use=l&cat=p&typeid=i","cat":293233},{"id":209691,"n":"Thé vert Lipton x30s - 39g","p":2.51,"u":"64,36 €/KG","img":"https://fd2-photos.leclercdrive.fr/image.ashx?id=2542822&use=l&cat=p&typeid=i","cat":293233},{"id":209722,"n":"Dessert Glacé Viennetta Caramel beurre salé - 320g","p":1.96,"u":"6,13 €/KG","img":"https://fd2-photos.leclercdrive.fr/image.ashx?id=2802836&use=l&cat=p&typeid=i","cat":284266},{"id":209733,"n":"Dessert Glacé Viennetta Vanille -  320g","p":2.24,"u":"7,00 €/KG","img":"https://fd2-photos.leclercdrive.fr/image.ashx?id=3009182&use=l&cat=p&typeid=i","cat":284266},{"id":209739,"n":"Adoucissant concentré Soupline Hypoallergénique 64 lav. 1,35L","p":5.29,"u":"3,92 €/L","img":"https://fd2-photos.leclercdrive.fr/image.ashx?id=2831185&use=l&cat=p&typeid=i","cat":284650},{"id":209801,"n":"Rasoirs jetables Wilkinson Xtreme 3 - Pure sensitive - x12","p":10.99,"pp":6.59,"u":"0,55 €/P","img":"https://fd2-photos.leclercdrive.fr/image.ashx?id=2861719&use=l&cat=p&typeid=i","cat":284616},{"id":209854,"n":"Thé vert citron Lipton Asie - x30 - 48g","p":2.54,"u":"52,92 €/KG","img":"https://fd2-photos.leclercdrive.fr/image.ashx?id=2544635&use=l&cat=p&typeid=i","cat":293233},{"id":209856,"n":"Thé vert Tchaé orient  Lipton  x20 - 35g","p":2.52,"u":"72,00 €/KG","img":"https://fd2-photos.leclercdrive.fr/image.ashx?id=2544641&use=l&cat=p&typeid=i","cat":293233},{"id":209857,"n":"Thé vert Lipton Pamplemousse Mandarine x20 32g","p":2.46,"u":"76,88 €/KG","img":"https://fd2-photos.leclercdrive.fr/image.ashx?id=2544623&use=l&cat=p&typeid=i","cat":293233},{"id":209859,"n":"Déboucheur Liquide Destop  4 doses - 950ml","p":3.25,"u":"3,42 €/L","img":"https://fd2-photos.leclercdrive.fr/image.ashx?id=2832161&use=l&cat=p&typeid=i","cat":284908},{"id":209860,"n":"Déboucheur Gel Destop  Express - 4 doses - 950ml","p":2.85,"u":"3,00 €/L","img":"https://fd2-photos.leclercdrive.fr/image.ashx?id=2832164&use=l&cat=p&typeid=i","cat":284908},{"id":209863,"n":"Gel anti-calcaire Calgon  4 en 1 - 750ml","p":5.05,"u":"6,73 €/L","img":"https://fd2-photos.leclercdrive.fr/image.ashx?id=2963475&use=l&cat=p&typeid=i","cat":284653},{"id":209865,"n":"Gel anti-calcaire Calgon  4 en 1 - 2,25L","p":13.64,"u":"6,06 €/L","img":"https://fd2-photos.leclercdrive.fr/image.ashx?id=2953932&use=l&cat=p&typeid=i","cat":284653},{"id":209875,"n":"Gel WC 100% Détartrant Harpic 5 min Chrono - 750ml","p":1.5,"u":"2,00 €/L","img":"https://fd2-photos.leclercdrive.fr/image.ashx?id=2864687&use=l&cat=p&typeid=i","cat":284662},{"id":209878,"n":"Spray vitres Ajax Triple action - 750ml","p":1.93,"u":"2,57 €/L","img":"https://fd2-photos.leclercdrive.fr/image.ashx?id=2544581&use=l&cat=p&typeid=i","cat":325363},{"id":209879,"n":"Spray nettoyant La Croix Salle de bain - 500ml","p":1.77,"u":"3,54 €/L","img":"https://fd2-photos.leclercdrive.fr/image.ashx?id=2544587&use=l&cat=p&typeid=i","cat":325357},{"id":209891,"n":"Nettoyant lave-vaisselle Finish  Intégral Anti-Odeurs - 250ml","p":3.18,"u":"12,72 €/L","img":"https://fd2-photos.leclercdrive.fr/image.ashx?id=2659735&use=l&cat=p&typeid=i","cat":284657},{"id":209893,"n":"Détachant poudre Vanish  940g","p":9.93,"u":"10,56 €/KG","img":"https://fd2-photos.leclercdrive.fr/image.ashx?id=2680308&use=l&cat=p&typeid=i","cat":284651},{"id":209901,"n":"Soda Schweppes Spritz - 1L","p":1.55,"u":"1,55 €/L","img":"https://fd2-photos.leclercdrive.fr/image.ashx?id=2852441&use=l&cat=p&typeid=i","cat":284532},{"id":209912,"n":"Yaourt Bifidus Activia Saveur vanille coco - 16x125g","p":4.51,"u":"2,26 €/KG","img":"https://fd2-photos.leclercdrive.fr/image.ashx?id=2748197&use=l&cat=p&typeid=i","cat":286006},{"id":209926,"n":"Emincés de bœuf *** limousine L'atelier Boucherie - 240G","p":6.49,"u":"27,04 €/KG","img":"https://fd2-photos.leclercdrive.fr/image.ashx?id=2546920&use=l&cat=p&typeid=i","cat":284328},{"id":209935,"n":"Rumsteck tournedos*** limousine L'Atelier Boucherie x2 - 280g","p":8.99,"u":"32,11 €/KG","img":"https://fd2-photos.leclercdrive.fr/image.ashx?id=2546914&use=l&cat=p&typeid=i","cat":284328},{"id":209936,"n":"Roti de bœuf*** limousine  L'atelier Boucherie - 600G","p":17.49,"u":"29,15 €/KG","img":"https://fd2-photos.leclercdrive.fr/image.ashx?id=2546917&use=l&cat=p&typeid=i","cat":284328},{"id":209938,"n":"Steak de bœuf *** limousine  L'atelier Boucherie x2 - 260G","p":7.99,"u":"30,73 €/KG","img":"https://fd2-photos.leclercdrive.fr/image.ashx?id=2562756&use=l&cat=p&typeid=i","cat":284328},{"id":209996,"n":"Détachant Gel Vanish  750ml","p":5.74,"u":"7,65 €/L","img":"https://fd2-photos.leclercdrive.fr/image.ashx?id=2878108&use=l&cat=p&typeid=i","cat":284651},{"id":210015,"n":"Nettoyant ménager La Croix Spray - Ultra cuisine - 500ml","p":1.81,"u":"3,62 €/L","img":"https://fd2-photos.leclercdrive.fr/image.ashx?id=2545216&use=l&cat=p&typeid=i","cat":325357},{"id":210019,"n":"Lotion Tonique Visage Nivea Peaux sèches&sensibles - 200ml","p":4.04,"u":"20,20 €/L","img":"https://fd2-photos.leclercdrive.fr/image.ashx?id=3014602&use=l&cat=p&typeid=i","cat":284603},{"id":210044,"n":"Dentifrice Colgate Blancheur Micro cristaux - 75ml","p":1.86,"u":"24,80 €/L","img":"https://fd2-photos.leclercdrive.fr/image.ashx?id=3011947&use=l&cat=p&typeid=i","cat":284612},{"id":210052,"n":"Pop up Smarties 4x52g","p":3.84,"u":"18,46 €/KG","img":"https://fd2-photos.leclercdrive.fr/image.ashx?id=2557734&use=l&cat=p&typeid=i","cat":285250},{"id":210142,"n":"Soin nuit repulpant So'Bio Etic Bio - 50ml","p":13.65,"u":"273,00 €/L","img":"https://fd2-photos.leclercdrive.fr/image.ashx?id=2997013&use=l&cat=p&typeid=i","cat":325345},{"id":210152,"n":"Brosse à dents Electrique Oral-B - Rose - IO 3S","p":96.25,"u":"Dont 0,10 € d'éco-part.","img":"https://fd2-photos.leclercdrive.fr/image.ashx?id=2566542&use=l&cat=p&typeid=i","cat":297133},{"id":210153,"n":"Brosse à dents Electrique Oral-B - Noire - IO3S","p":91.59,"u":"Dont 0,10 € d'éco-part.","img":"https://fd2-photos.leclercdrive.fr/image.ashx?id=2553311&use=l&cat=p&typeid=i","cat":297133},{"id":210170,"n":"Infusion fruits Bio Kusmi Tea Aqua Summer x20 - 40g","p":7.06,"u":"176,50 €/KG","img":"https://fd2-photos.leclercdrive.fr/image.ashx?id=2552820&use=l&cat=p&typeid=i","cat":293234},{"id":210171,"n":"Infusion fruits Bio Kusmi Tea Aqua Rosa x20 - 40g","p":7.22,"u":"180,50 €/KG","img":"https://fd2-photos.leclercdrive.fr/image.ashx?id=2658953&use=l&cat=p&typeid=i","cat":293234},{"id":210176,"n":"Mélange Detox Bio Kusmi Tea Plantes aromatisées x20 - 40g","p":8.9,"u":"222,50 €/KG","img":"https://fd2-photos.leclercdrive.fr/image.ashx?id=2660071&use=l&cat=p&typeid=i","cat":293233},{"id":210178,"n":"Thé noir Bio Kusmi Tea Earl grey intense x20 - 40g","p":7.01,"u":"175,25 €/KG","img":"https://fd2-photos.leclercdrive.fr/image.ashx?id=2660074&use=l&cat=p&typeid=i","cat":293233},{"id":210179,"n":"Mélange thés noirs Kusmi Tea English Breakfast Bio x20 - 40g","p":6.59,"u":"164,75 €/KG","img":"https://fd2-photos.leclercdrive.fr/image.ashx?id=2658950&use=l&cat=p&typeid=i","cat":293233},{"id":210182,"n":"Infusion sans théine Kusmi Tea Feel Zen Bio x20 - 40g","p":6.5,"u":"162,50 €/KG","img":"https://fd2-photos.leclercdrive.fr/image.ashx?id=2658935&use=l&cat=p&typeid=i","cat":293234},{"id":210196,"n":"Thé noir agrumes Bio Kusmi Tea Prince Wladimir x20 - 40g","p":7.32,"u":"183,00 €/KG","img":"https://fd2-photos.leclercdrive.fr/image.ashx?id=2660077&use=l&cat=p&typeid=i","cat":293233},{"id":210203,"n":"Thé vert Bio Kusmi Tea Jasmin x20 - 40g","p":6.53,"u":"163,25 €/KG","img":"https://fd2-photos.leclercdrive.fr/image.ashx?id=2658944&use=l&cat=p&typeid=i","cat":293233},{"id":210206,"n":"Brossettes Oral-B 3D White x4","p":21.53,"u":"5,38 €/P","img":"https://fd2-photos.leclercdrive.fr/image.ashx?id=2617483&use=l&cat=p&typeid=i","cat":297133},{"id":210264,"n":"Fromage blanc Calin Yoplait Nature 0%MG - 8x100g","p":2.35,"u":"2,94 €/KG","img":"https://fd2-photos.leclercdrive.fr/image.ashx?id=2973742&use=l&cat=p&typeid=i","cat":284409},{"id":210333,"n":"Crème hydratante La Roche-Posay Anthelios UVMune 400 - 50ml","p":11.44,"u":"228,80 €/L","img":"https://fd2-photos.leclercdrive.fr/image.ashx?id=2546512&use=l&cat=p&typeid=i","cat":290395},{"id":210358,"n":"Baume de massage Weleda Pour vergetures - 150ml","p":13.76,"u":"91,73 €/L","img":"https://fd2-photos.leclercdrive.fr/image.ashx?id=2546620&use=l&cat=p&typeid=i","cat":291159},{"id":210359,"n":"Crème de jour Grenade Weleda Raffermissante - 40ml","p":20.25,"u":"506,25 €/L","img":"https://fd2-photos.leclercdrive.fr/image.ashx?id=2546623&use=l&cat=p&typeid=i","cat":291168},{"id":210360,"n":"Brulactiv fort Forté Pharma Perte de poids - Femme 50+ x60","p":34.91,"u":"0,58 €/P","img":"https://fd2-photos.leclercdrive.fr/image.ashx?id=2546207&use=l&cat=p&typeid=i","cat":301267},{"id":210517,"n":"Culotte Menstruelle noire Feel Nature - T40/42","p":13.08,"pp":7.85,"img":"https://fd2-photos.leclercdrive.fr/image.ashx?id=2795225&use=l&cat=p&typeid=i","cat":284624},{"id":210518,"n":"Culotte Menstruelle noire Feel nature - T36/38","p":13.08,"pp":7.85,"img":"https://fd2-photos.leclercdrive.fr/image.ashx?id=2795219&use=l&cat=p&typeid=i","cat":284624},{"id":210520,"n":"Smarties Fun Cônes x6 -  234g","p":3.85,"u":"16,45 €/KG","img":"https://fd2-photos.leclercdrive.fr/image.ashx?id=2557737&use=l&cat=p&typeid=i","cat":285250},{"id":210705,"n":"Dragées chocolatées M&M's Cacahuètes - 250g","p":3.09,"u":"12,36 €/KG","img":"https://fd2-photos.leclercdrive.fr/image.ashx?id=3003393&use=l&cat=p&typeid=i","cat":304238},{"id":210717,"n":"Boulettes de boeuf Eco+ 1.2kg","p":1.53,"img":"https://fd2-photos.leclercdrive.fr/image.ashx?id=2815740&use=l&cat=p&typeid=i","cat":288578},{"id":210718,"n":"Crème relipidante Lipikar La Roche-Posay - AP+M - 400ml","p":20.53,"u":"51,33 €/L","img":"https://fd2-photos.leclercdrive.fr/image.ashx?id=2551213&use=l&cat=p&typeid=i","cat":290421},{"id":210727,"n":"Poivre noir Ducros Bresil - 32g","p":3.02,"u":"94,38 €/KG","img":"https://fd2-photos.leclercdrive.fr/image.ashx?id=2552580&use=l&cat=p&typeid=i","cat":284457},{"id":210738,"n":"Gélules cheveux Forcapil Fortfiant + Kératine - x180","p":22.49,"u":"0,12 €/P","img":"https://fd2-photos.leclercdrive.fr/image.ashx?id=2939928&use=l&cat=p&typeid=i","cat":301266},{"id":210804,"n":"Adoucissant Hyperdou Rêve de fraîcheur - 1.9L - x27","p":2.15,"u":"1,13 €/L","img":"https://fd2-photos.leclercdrive.fr/image.ashx?id=2958762&use=l&cat=p&typeid=i","cat":284650},{"id":210806,"n":"Adoucissant Hyperdou Senstive - 1.9L - x27","p":2.38,"u":"1,25 €/L","img":"https://fd2-photos.leclercdrive.fr/image.ashx?id=2603024&use=l&cat=p&typeid=i","cat":284650},{"id":210821,"n":"Pommes rissolées Findus 590g","p":2.39,"u":"4,05 €/KG","img":"https://fd2-photos.leclercdrive.fr/image.ashx?id=2790099&use=l&cat=p&typeid=i","cat":319792},{"id":210823,"n":"Pommes noisette Findus 500g","p":2.18,"u":"4,36 €/KG","img":"https://fd2-photos.leclercdrive.fr/image.ashx?id=2865866&use=l&cat=p&typeid=i","cat":319792},{"id":210824,"n":"Pommes noisette Findus 900g","p":3.68,"u":"4,09 €/KG","img":"https://fd2-photos.leclercdrive.fr/image.ashx?id=2899500&use=l&cat=p&typeid=i","cat":319792},{"id":210889,"n":"Yaourt à boire Eco+ Fraise - 850g","p":1.33,"u":"1,56 €/KG","img":"https://fd2-photos.leclercdrive.fr/image.ashx?id=2552033&use=l&cat=p&typeid=i","cat":284415},{"id":210946,"n":"Margarine Planta Fin  Demi-sel 100% végétal - 450g","p":3.07,"u":"6,82 €/KG","img":"https://fd2-photos.leclercdrive.fr/image.ashx?id=2989474&use=l&cat=p&typeid=i","cat":315229},{"id":210948,"n":"Margarine Planta Fin Doux 100% végétal - 450g","p":2.32,"u":"5,16 €/KG","img":"https://fd2-photos.leclercdrive.fr/image.ashx?id=2989477&use=l&cat=p&typeid=i","cat":315229},{"id":210952,"n":"Tiramisu Eco+ 2x80g","p":1.12,"u":"7,00 €/KG","img":"https://fd2-photos.leclercdrive.fr/image.ashx?id=2552496&use=l&cat=p&typeid=i","cat":284419},{"id":210968,"n":"Tajine de boeuf Fleury Michon 350g","p":3.51,"u":"10,03 €/KG","img":"https://fd2-photos.leclercdrive.fr/image.ashx?id=2656730&use=l&cat=p&typeid=i","cat":333665},{"id":211041,"n":"Fromage à tartiner Kiri Délicieusement fouetté - 210g","p":3.28,"u":"15,62 €/KG","img":"https://fd2-photos.leclercdrive.fr/image.ashx?id=2686594&use=l&cat=p&typeid=i","cat":314029},{"id":211044,"n":"Gel Toilette Intime Extra Doux Intima Natural Hamamélis 500ml","p":5.88,"u":"11,76 €/L","img":"https://fd2-photos.leclercdrive.fr/image.ashx?id=2959877&use=l&cat=p&typeid=i","cat":284627},{"id":211054,"n":"Croûtons Tipiak Nature - 75g","p":1.39,"u":"18,53 €/KG","img":"https://fd2-photos.leclercdrive.fr/image.ashx?id=2812726&use=l&cat=p&typeid=i","cat":284464},{"id":211085,"n":"Thé glacé Lipton Ice Tea pêche Le lot de 4x1.25L","p":5.72,"u":"1,14 €/L","img":"https://fd2-photos.leclercdrive.fr/image.ashx?id=2554133&use=l&cat=p&typeid=i","cat":295019},{"id":211096,"n":"Ciboulette Ducros 11g","p":2.36,"u":"214,55 €/KG","img":"https://fd2-photos.leclercdrive.fr/image.ashx?id=2554115&use=l&cat=p&typeid=i","cat":298297},{"id":211117,"n":"Paprika fumé Ducros 40g","p":2.23,"u":"55,75 €/KG","img":"https://fd2-photos.leclercdrive.fr/image.ashx?id=2559484&use=l&cat=p&typeid=i","cat":298297},{"id":211122,"n":"Curry Ducros 100g","p":2.93,"u":"29,30 €/KG","img":"https://fd2-photos.leclercdrive.fr/image.ashx?id=2554118&use=l&cat=p&typeid=i","cat":298297},{"id":211123,"n":"Paprika doux Ducros 100g","p":3.24,"u":"32,40 €/KG","img":"https://fd2-photos.leclercdrive.fr/image.ashx?id=2554121&use=l&cat=p&typeid=i","cat":298297},{"id":211223,"n":"Piment d'Espelette Ducros et origan - 25g","p":8.61,"u":"344,40 €/KG","img":"https://fd2-photos.leclercdrive.fr/image.ashx?id=2555340&use=l&cat=p&typeid=i","cat":298297},{"id":211225,"n":"Poivre blanc Ducros Grains 100g","p":4.47,"u":"44,70 €/KG","img":"https://fd2-photos.leclercdrive.fr/image.ashx?id=2555334&use=l&cat=p&typeid=i","cat":284457},{"id":211300,"n":"Chips ancienne nature Lay's Sel maxi format  - 365g","p":3.18,"u":"8,71 €/KG","img":"https://fd2-photos.leclercdrive.fr/image.ashx?id=2996602&use=l&cat=p&typeid=i","cat":284447},{"id":211360,"n":"Lait hydratant Uriage bébé 1er lait hydratant - 500ml","p":12.79,"u":"25,58 €/L","img":"https://fd2-photos.leclercdrive.fr/image.ashx?id=2554919&use=l&cat=p&typeid=i","cat":290425},{"id":211365,"n":"Eau parfumée Roger & Gallet Fleur de figuier - 100ml","p":33.89,"u":"338,90 €/L","img":"https://fd2-photos.leclercdrive.fr/image.ashx?id=2605740&use=l&cat=p&typeid=i","cat":291525},{"id":211366,"n":"Eau parfumée Roger & Gallet Cédrat - 100ml","p":33.89,"u":"338,90 €/L","img":"https://fd2-photos.leclercdrive.fr/image.ashx?id=2605737&use=l&cat=p&typeid=i","cat":291525},{"id":211383,"n":"Gélules cheveux Forcapil Anti-chute - x90 comprimés","p":22.89,"u":"0,25 €/P","img":"https://fd2-photos.leclercdrive.fr/image.ashx?id=2939931&use=l&cat=p&typeid=i","cat":301266},{"id":211385,"n":"Gummies Luxéol Chute de cheveux - x60","p":18.82,"u":"0,31 €/P","img":"https://fd2-photos.leclercdrive.fr/image.ashx?id=2650723&use=l&cat=p&typeid=i","cat":301266},{"id":211391,"n":"Complément alimentaire Oenobiol Autonbronzant - 2x30","p":24.99,"u":"0,42 €/P","img":"https://fd2-photos.leclercdrive.fr/image.ashx?id=2561164&use=l&cat=p&typeid=i","cat":290395},{"id":211394,"n":"Anaca 3 minceur Gélules Jour/Nuit - x60","p":31.95,"u":"0,53 €/P","img":"https://fd2-photos.leclercdrive.fr/image.ashx?id=2650720&use=l&cat=p&typeid=i","cat":301267},{"id":211398,"n":"Amandes  Tokapi 200g","p":2.78,"u":"13,90 €/KG","img":"https://fd2-photos.leclercdrive.fr/image.ashx?id=2793326&use=l&cat=p&typeid=i","cat":284448},{"id":211413,"n":"Céréales Kit Kat 330g","p":3.65,"u":"11,06 €/KG","img":"https://fd2-photos.leclercdrive.fr/image.ashx?id=2989453&use=l&cat=p&typeid=i","cat":309513},{"id":211414,"n":"Céréales Miel Pops Kellogg's 330g","p":2.2,"u":"6,67 €/KG","img":"https://fd2-photos.leclercdrive.fr/image.ashx?id=3003423&use=l&cat=p&typeid=i","cat":309513},{"id":211415,"n":"Poules aux vermicelles Maggi 3x59g","p":1.24,"u":"7,01 €/KG","img":"https://fd2-photos.leclercdrive.fr/image.ashx?id=2556345&use=l&cat=p&typeid=i","cat":284463},{"id":211427,"n":"Pain burger Epi d'Or Nature x6 - 330g","p":0.93,"u":"2,82 €/KG","img":"https://fd2-photos.leclercdrive.fr/image.ashx?id=2807303&use=l&cat=p&typeid=i","cat":325067},{"id":211431,"n":"Oignon Ducros 9g","p":3.12,"u":"346,67 €/KG","img":"https://fd2-photos.leclercdrive.fr/image.ashx?id=2557332&use=l&cat=p&typeid=i","cat":298297},{"id":211432,"n":"Court bouillon Maggi Legumes et vin blanc 150g","p":1.49,"u":"9,93 €/KG","img":"https://fd2-photos.leclercdrive.fr/image.ashx?id=2557740&use=l&cat=p&typeid=i","cat":288379},{"id":211434,"n":"Tonifiant sexuel Vitavea Gingembre ginseng  15g","p":6.93,"u":"0,23 €/P","img":"https://fd2-photos.leclercdrive.fr/image.ashx?id=2651131&use=l&cat=p&typeid=i","cat":313217},{"id":211467,"n":"Crème contour yeux La Roche-Posay - 20ml","p":16.73,"u":"836,50 €/L","img":"https://fd2-photos.leclercdrive.fr/image.ashx?id=2813441&use=l&cat=p&typeid=i","cat":291172},{"id":211468,"n":"Fluide hydratant La Roche-Posay Toleriane - 40ml","p":16.78,"u":"419,50 €/L","img":"https://fd2-photos.leclercdrive.fr/image.ashx?id=2813447&use=l&cat=p&typeid=i","cat":291171},{"id":211470,"n":"Dentifrice Signal Professionnel Action Sensibilité Complet 75ml","p":3.0,"u":"40,00 €/L","img":"https://fd2-photos.leclercdrive.fr/image.ashx?id=2961326&use=l&cat=p&typeid=i","cat":284612},{"id":211481,"n":"Biscottes Pasquier Sans sel et sucre ajoutés - 300","p":1.83,"u":"6,10 €/KG","img":"https://fd2-photos.leclercdrive.fr/image.ashx?id=2899407&use=l&cat=p&typeid=i","cat":284479},{"id":211514,"n":"Déodorant bille Rexona Men Cobalt 72h - 50ml","p":3.49,"u":"69,80 €/L","img":"https://fd2-photos.leclercdrive.fr/image.ashx?id=2849662&use=l&cat=p&typeid=i","cat":284618},{"id":211522,"n":"Dentifrice Signal Professionnel Sensibilité Blancheur 75ml","p":3.0,"u":"40,00 €/L","img":"https://fd2-photos.leclercdrive.fr/image.ashx?id=2961332&use=l&cat=p&typeid=i","cat":284612},{"id":211525,"n":"Lessive tablettes Persil Bouquet de Provence - x32","p":6.01,"u":"6,26 €/KG","img":"https://fd2-photos.leclercdrive.fr/image.ashx?id=2557809&use=l&cat=p&typeid=i","cat":284641},{"id":211537,"n":"Céréales Miel Pops Loops Kellogg's 330g","p":2.16,"u":"6,55 €/KG","img":"https://fd2-photos.leclercdrive.fr/image.ashx?id=2561353&use=l&cat=p&typeid=i","cat":309513},{"id":211550,"n":"Sel Regénérant Sun Lave Vaisselle Standard 1Kg","p":1.08,"u":"1,08 €/KG","img":"https://fd2-photos.leclercdrive.fr/image.ashx?id=2729434&use=l&cat=p&typeid=i","cat":284657},{"id":211551,"n":"Déodorant bille homme Axe Aqua bergamot - 50ml","p":4.52,"u":"90,40 €/L","img":"https://fd2-photos.leclercdrive.fr/image.ashx?id=2850829&use=l&cat=p&typeid=i","cat":284618},{"id":211555,"n":"Sun Capsules Lave-Vaisselle Tout en 1 Absolu Brillance x28","p":7.9,"u":"18,81 €/KG","img":"https://fd2-photos.leclercdrive.fr/image.ashx?id=2961350&use=l&cat=p&typeid=i","cat":284656},{"id":211556,"n":"Sun Capsules Lave-Vaisselle Tout en1 Absolu Dégraissant x28","p":7.9,"u":"18,81 €/KG","img":"https://fd2-photos.leclercdrive.fr/image.ashx?id=2961353&use=l&cat=p&typeid=i","cat":284656},{"id":211561,"n":"Déodorant Spray Dove Anti- Transpirant Invisible Dry 100ml","p":2.93,"u":"29,30 €/L","img":"https://fd2-photos.leclercdrive.fr/image.ashx?id=2905711&use=l&cat=p&typeid=i","cat":284595},{"id":211562,"n":"Déodorant Spray Compressé Dove Anti-Transpirant Original 100ml","p":2.94,"u":"29,40 €/L","img":"https://fd2-photos.leclercdrive.fr/image.ashx?id=2793098&use=l&cat=p&typeid=i","cat":284595},{"id":211563,"n":"Déodorant Spray Dove Anti- Transpirant Invisible Dry 200ml","p":2.95,"u":"14,75 €/L","img":"https://fd2-photos.leclercdrive.fr/image.ashx?id=2877244&use=l&cat=p&typeid=i","cat":284595},{"id":211564,"n":"Adoucissant concentré Soupline Coco fleurs blanches - 1.28L","p":5.58,"u":"4,36 €/L","img":"https://fd2-photos.leclercdrive.fr/image.ashx?id=2832566&use=l&cat=p&typeid=i","cat":284650},{"id":211573,"n":"Déodorant Spray Dove Anti- Transpirant Original 200ml","p":2.96,"u":"14,80 €/L","img":"https://fd2-photos.leclercdrive.fr/image.ashx?id=2878486&use=l&cat=p&typeid=i","cat":284595},{"id":211579,"n":"Déodorant Bille Dove Anti- Transpirant Original 50ml","p":2.61,"u":"52,20 €/L","img":"https://fd2-photos.leclercdrive.fr/image.ashx?id=2877685&use=l&cat=p&typeid=i","cat":284595},{"id":211598,"n":"Yaourt protéiné Hipro Stracciatella 0%mg - 2x160g","p":2.03,"u":"6,34 €/KG","img":"https://fd2-photos.leclercdrive.fr/image.ashx?id=2807438&use=l&cat=p&typeid=i","cat":315000},{"id":211631,"n":"Desserts Lactés P'TIT BRASSE   Abricot vanille -6m+ - 4x90g","p":2.13,"u":"5,92 €/KG","img":"https://fd2-photos.leclercdrive.fr/image.ashx?id=2600072&use=l&cat=p&typeid=i","cat":312392},{"id":211741,"n":"Gyoza Ajinomoto Légumes x20 - 400g","p":5.45,"u":"13,63 €/KG","img":"https://fd2-photos.leclercdrive.fr/image.ashx?id=2590282&use=l&cat=p&typeid=i","cat":284254},{"id":211844,"n":"Pur jus Tropicana Orange sans pulpe - 4x1,5L","p":13.5,"pp":10.12,"u":"1,69 €/L","img":"https://fd2-photos.leclercdrive.fr/image.ashx?id=2562546&use=l&cat=p&typeid=i","cat":284521},{"id":211864,"n":"Nouilles de blé Tien Shan Canard - 2x85g+85g offerts","p":1.7,"u":"6,67 €/KG","img":"https://fd2-photos.leclercdrive.fr/image.ashx?id=2562435&use=l&cat=p&typeid=i","cat":288992},{"id":211865,"n":"Nouilles de blé Tien Shan Crevette - 2x85g+85g offerts","p":1.72,"u":"6,75 €/KG","img":"https://fd2-photos.leclercdrive.fr/image.ashx?id=2562438&use=l&cat=p&typeid=i","cat":288992},{"id":211866,"n":"Nouilles de blé Tien Shan Curry - 2x85g+85g offerts","p":1.72,"u":"6,75 €/KG","img":"https://fd2-photos.leclercdrive.fr/image.ashx?id=2562441&use=l&cat=p&typeid=i","cat":288992},{"id":211867,"n":"Nouilles de blé Tien Shan Boeuf - 2x85g+85g offerts","p":1.73,"u":"6,78 €/KG","img":"https://fd2-photos.leclercdrive.fr/image.ashx?id=2562444&use=l&cat=p&typeid=i","cat":288992},{"id":211897,"n":"Serozinc La Roche-Posay Soluté de sulfate de zinc 150ml","p":10.99,"u":"73,27 €/L","img":"https://fd2-photos.leclercdrive.fr/image.ashx?id=2562528&use=l&cat=p&typeid=i","cat":291166},{"id":211899,"n":"Complément alimentaire Veinoflux - Jambes - x60","p":14.21,"u":"0,24 €/P","img":"https://fd2-photos.leclercdrive.fr/image.ashx?id=2886169&use=l&cat=p&typeid=i","cat":301268},{"id":211908,"n":"Déodorant roll-on Weleda Citron 24h - 50ml","p":6.7,"u":"134,00 €/L","img":"https://fd2-photos.leclercdrive.fr/image.ashx?id=2654836&use=l&cat=p&typeid=i","cat":301593},{"id":211911,"n":"Crème décolorante Netline Visage et corps Aloe Vera 60ml","p":8.79,"pp":7.03,"u":"117,17 €/L","img":"https://fd2-photos.leclercdrive.fr/image.ashx?id=2562552&use=l&cat=p&typeid=i","cat":291160},{"id":211914,"n":"Déodorant spray Weleda Citron - 100ml","p":7.25,"u":"72,50 €/L","img":"https://fd2-photos.leclercdrive.fr/image.ashx?id=2562564&use=l&cat=p&typeid=i","cat":301593},{"id":211921,"n":"Eau nettoyante Dodie 3-en-1 - 1L","p":9.62,"u":"9,62 €/L","img":"https://fd2-photos.leclercdrive.fr/image.ashx?id=2562588&use=l&cat=p&typeid=i","cat":290425},{"id":212107,"n":"Brosse à dents Colgate Extra-clean médium - x4","p":1.81,"u":"0,45 €/P","img":"https://fd2-photos.leclercdrive.fr/image.ashx?id=2564309&use=l&cat=p&typeid=i","cat":284614},{"id":212112,"n":"Céréales Frosties Kellogg's  330g","p":2.26,"u":"6,85 €/KG","img":"https://fd2-photos.leclercdrive.fr/image.ashx?id=2565362&use=l&cat=p&typeid=i","cat":309513},{"id":212248,"n":"Crème glacée La Laitière Chocolat avec copeaux - 490g","p":3.24,"pp":2.27,"u":"4,63 €/KG","img":"https://fd2-photos.leclercdrive.fr/image.ashx?id=3000012&use=l&cat=p&typeid=i","cat":284263},{"id":212277,"n":"Après-shampooing DermaXPro Hydrate - 200ml","p":4.9,"u":"24,50 €/L","img":"https://fd2-photos.leclercdrive.fr/image.ashx?id=2565428&use=l&cat=p&typeid=i","cat":284607},{"id":212387,"n":"Transiphyt Herbesan 60 gélules","p":9.49,"pp":6.64,"u":"201,21 €/KG","img":"https://fd2-photos.leclercdrive.fr/image.ashx?id=2867092&use=l&cat=p&typeid=i","cat":301268},{"id":212466,"n":"Protège-slip Protection Vania Long voile Bio - x24","p":3.02,"img":"https://fd2-photos.leclercdrive.fr/image.ashx?id=2735218&use=l&cat=p&typeid=i","cat":284625},{"id":212467,"n":"Protège-slip Protection Vania Large Fresh - x36","p":3.03,"img":"https://fd2-photos.leclercdrive.fr/image.ashx?id=2735233&use=l&cat=p&typeid=i","cat":284625},{"id":212486,"n":"Film étirable Elembal 50m","p":1.8,"u":"0,04 €/MT","img":"https://fd2-photos.leclercdrive.fr/image.ashx?id=2566146&use=l&cat=p&typeid=i","cat":285194},{"id":212487,"n":"Papier toilette Le Trèfle Maxi douceur - 12+6","p":9.95,"u":"0,55 €/P","img":"https://fd2-photos.leclercdrive.fr/image.ashx?id=2568437&use=l&cat=p&typeid=i","cat":284634},{"id":212593,"n":"Litière chats Tous mes Amis Triple action blanche - 5L","p":4.2,"u":"0,84 €/L","img":"https://fd2-photos.leclercdrive.fr/image.ashx?id=2568361&use=l&cat=p&typeid=i","cat":284683},{"id":212595,"n":"Litière chats Tous mes Amis Parfumée grise - 5L","p":3.1,"u":"0,62 €/L","img":"https://fd2-photos.leclercdrive.fr/image.ashx?id=2568358&use=l&cat=p&typeid=i","cat":284683},{"id":212599,"n":"Amandes décortiquées Couleurs Vives - 200g","p":2.78,"u":"13,90 €/KG","img":"https://fd2-photos.leclercdrive.fr/image.ashx?id=2567592&use=l&cat=p&typeid=i","cat":284357},{"id":212650,"n":"Arhumatik Isautier Coco 24%vol. - 70cl","p":25.31,"u":"36,16 €/L","img":"https://fd2-photos.leclercdrive.fr/image.ashx?id=2570235&use=l&cat=p&typeid=i","cat":284551},{"id":212754,"n":"Soupe chinoise Maggi 60g","p":1.09,"u":"18,17 €/KG","img":"https://fd2-photos.leclercdrive.fr/image.ashx?id=2571869&use=l&cat=p&typeid=i","cat":288992},{"id":212762,"n":"Soupe à l'oignons Maggi 61g","p":0.69,"u":"11,31 €/KG","img":"https://fd2-photos.leclercdrive.fr/image.ashx?id=2571872&use=l&cat=p&typeid=i","cat":284463},{"id":212770,"n":"Ail & poivre Ducros 45g","p":2.82,"u":"62,67 €/KG","img":"https://fd2-photos.leclercdrive.fr/image.ashx?id=2570166&use=l&cat=p&typeid=i","cat":298297},{"id":212771,"n":"Pepites de chocolats Vahiné  Noisettes - 100g","p":3.28,"u":"32,80 €/KG","img":"https://fd2-photos.leclercdrive.fr/image.ashx?id=2570190&use=l&cat=p&typeid=i","cat":284504},{"id":212773,"n":"Curry Balti Ducros - 39g","p":2.92,"u":"74,87 €/KG","img":"https://fd2-photos.leclercdrive.fr/image.ashx?id=2570169&use=l&cat=p&typeid=i","cat":298297},{"id":212817,"n":"Nettoyant vitres Ajax Triple action Recharge - 750ml","p":1.6,"u":"2,13 €/L","img":"https://fd2-photos.leclercdrive.fr/image.ashx?id=2842969&use=l&cat=p&typeid=i","cat":325363},{"id":212826,"n":"Poivre et épices Ducros 200g","p":8.55,"u":"42,75 €/KG","img":"https://fd2-photos.leclercdrive.fr/image.ashx?id=2571194&use=l&cat=p&typeid=i","cat":284457},{"id":212829,"n":"Moulin Ducros 5 baies - 24g","p":4.21,"u":"175,42 €/KG","img":"https://fd2-photos.leclercdrive.fr/image.ashx?id=2571197&use=l&cat=p&typeid=i","cat":298297},{"id":212876,"n":"AOP Champagne Moët & Chandon Brut impérial - 75cl","p":38.9,"u":"51,87 €/L","img":"https://fd2-photos.leclercdrive.fr/image.ashx?id=2578951&use=l&cat=p&typeid=i","cat":284542},{"id":212900,"n":"Lames Hydro 5 Wilkinson Skin protect - 10+2","p":28.78,"u":"2,40 €/P","img":"https://fd2-photos.leclercdrive.fr/image.ashx?id=2676810&use=l&cat=p&typeid=i","cat":284616},{"id":212923,"n":"Lardons fumés Herta  300g","p":2.96,"u":"9,87 €/KG","img":"https://fd2-photos.leclercdrive.fr/image.ashx?id=2572155&use=l&cat=p&typeid=i","cat":316011},{"id":212934,"n":"Lait bébé poudre Guigoz Optipro 3ème âge - dès 12 mois - 830g","p":10.26,"u":"12,36 €/KG","img":"https://fd2-photos.leclercdrive.fr/image.ashx?id=2895059&use=l&cat=p&typeid=i","cat":290219},{"id":213024,"n":"Boulettes volaille Eco+ 800g","p":1.47,"u":"1,84 €/KG","img":"https://fd2-photos.leclercdrive.fr/image.ashx?id=2573232&use=l&cat=p&typeid=i","cat":285601},{"id":213025,"n":"Boulettes à la volaille Eco+ 1.2kg","p":1.54,"u":"1,28 €/KG","img":"https://fd2-photos.leclercdrive.fr/image.ashx?id=2815737&use=l&cat=p&typeid=i","cat":288578},{"id":213037,"n":"Culottes Drynites Huggies  4/7ans - x16","p":12.28,"u":"0,77 €/P","img":"https://fd2-photos.leclercdrive.fr/image.ashx?id=2844730&use=l&cat=p&typeid=i","cat":290633},{"id":213181,"n":"Dentifrice Elmex Sensitive Nettoyage fraîcheur - 2x75ml","p":7.62,"u":"50,80 €/L","img":"https://fd2-photos.leclercdrive.fr/image.ashx?id=2692878&use=l&cat=p&typeid=i","cat":284612},{"id":213189,"n":"Milky fromage enfant à tartiner Les Croisés 24 portions - 432g","p":3.59,"u":"8,31 €/KG","img":"https://fd2-photos.leclercdrive.fr/image.ashx?id=2791899&use=l&cat=p&typeid=i","cat":314030},{"id":213242,"n":"Céréales Coco Pops Kellogg's Original - 330g","p":2.69,"u":"8,15 €/KG","img":"https://fd2-photos.leclercdrive.fr/image.ashx?id=2577099&use=l&cat=p&typeid=i","cat":309513},{"id":213366,"n":"Toast nature Harrys Tranches épaisses - 250g","p":1.75,"u":"7,00 €/KG","img":"https://fd2-photos.leclercdrive.fr/image.ashx?id=2581253&use=l&cat=p&typeid=i","cat":285454},{"id":213394,"n":"Gel-Crème Hydratant Mixa Hypoallergénique - 50ml","p":5.86,"u":"11,72 €/L","img":"https://fd2-photos.leclercdrive.fr/image.ashx?id=2585804&use=l&cat=p&typeid=i","cat":325345},{"id":213432,"n":"Gel Corps et Cheveux Cadum Hypoallergenique - 750ml","p":4.27,"u":"5,69 €/L","img":"https://fd2-photos.leclercdrive.fr/image.ashx?id=2581798&use=l&cat=p&typeid=i","cat":284594},{"id":213443,"n":"Après-Shampoing Franck Provost Expert nutrition - 450ml","p":4.06,"u":"9,02 €/L","img":"https://fd2-photos.leclercdrive.fr/image.ashx?id=2581807&use=l&cat=p&typeid=i","cat":284607},{"id":213454,"n":"Petits pois Eco+ 1kg","p":1.52,"u":"1,52 €/KG","img":"https://fd2-photos.leclercdrive.fr/image.ashx?id=2796025&use=l&cat=p&typeid=i","cat":319805},{"id":213455,"n":"Champignons Eco+ 1kg","p":1.45,"u":"1,45 €/KG","img":"https://fd2-photos.leclercdrive.fr/image.ashx?id=2593339&use=l&cat=p&typeid=i","cat":319805},{"id":213456,"n":"Quart de jambon sec Eco+ 14 tranches - 200g","p":2.33,"u":"11,65 €/KG","img":"https://fd2-photos.leclercdrive.fr/image.ashx?id=2579219&use=l&cat=p&typeid=i","cat":316007},{"id":213458,"n":"Dés de poulet Eco+ 150g","p":1.69,"u":"11,27 €/KG","img":"https://fd2-photos.leclercdrive.fr/image.ashx?id=2930939&use=l&cat=p&typeid=i","cat":316011},{"id":213461,"n":"Fromage à Tartiner Tartare  Herbes de Provence - 250g","p":2.87,"u":"11,48 €/KG","img":"https://fd2-photos.leclercdrive.fr/image.ashx?id=2883955&use=l&cat=p&typeid=i","cat":314029},{"id":213464,"n":"Panés Spécial Burger Père Dodu  Chapelure Corn Flakes - x2 - 18","p":2.76,"u":"15,33 €/KG","img":"https://fd2-photos.leclercdrive.fr/image.ashx?id=2957221&use=l&cat=p&typeid=i","cat":333684},{"id":213528,"n":"Gel WC Canard 100% Détartrant - 750ml","p":2.39,"u":"3,19 €/L","img":"https://fd2-photos.leclercdrive.fr/image.ashx?id=2580194&use=l&cat=p&typeid=i","cat":284662},{"id":213550,"n":"Litière chats Tous mes Amis Agglomérante charbon actif - 5L","p":3.5,"u":"0,70 €/L","img":"https://fd2-photos.leclercdrive.fr/image.ashx?id=2580258&use=l&cat=p&typeid=i","cat":284683},{"id":213581,"n":"Gel douche Cadum Crème d'amande - 450ml","p":2.86,"u":"6,36 €/L","img":"https://fd2-photos.leclercdrive.fr/image.ashx?id=2582273&use=l&cat=p&typeid=i","cat":284594},{"id":213582,"n":"Crème Douche surgras Bio Cadum Karité - 450ml","p":2.48,"u":"5,51 €/L","img":"https://fd2-photos.leclercdrive.fr/image.ashx?id=2580801&use=l&cat=p&typeid=i","cat":284594},{"id":213600,"n":"Crème Douche Nourrissante Cadum Huile de Coco Bio - 450ml","p":2.62,"u":"5,82 €/L","img":"https://fd2-photos.leclercdrive.fr/image.ashx?id=2582276&use=l&cat=p&typeid=i","cat":284594},{"id":213602,"n":"Crème Douche Nourrissante Cadum Miel de Fleurs bio - 450ml","p":2.74,"u":"6,09 €/L","img":"https://fd2-photos.leclercdrive.fr/image.ashx?id=2582279&use=l&cat=p&typeid=i","cat":284594},{"id":213604,"n":"Crème Douche Hydratation Cadum Huile d'Amandes Douces - 450ml","p":2.51,"u":"5,58 €/L","img":"https://fd2-photos.leclercdrive.fr/image.ashx?id=2582282&use=l&cat=p&typeid=i","cat":284594},{"id":213605,"n":"Crème de douche Cadum Fleur de coton - 450ml","p":2.69,"u":"5,98 €/L","img":"https://fd2-photos.leclercdrive.fr/image.ashx?id=2582285&use=l&cat=p&typeid=i","cat":284594},{"id":213606,"n":"Gel Douche Sans Savon Bio Cadum Huile d'Amandes Douces - 450ml","p":2.48,"u":"5,51 €/L","img":"https://fd2-photos.leclercdrive.fr/image.ashx?id=2582288&use=l&cat=p&typeid=i","cat":284594},{"id":213614,"n":"Lentilles corail Notre Jardin 500g","p":1.72,"u":"3,44 €/KG","img":"https://fd2-photos.leclercdrive.fr/image.ashx?id=2983835&use=l&cat=p&typeid=i","cat":284430},{"id":213627,"n":"Foie de morue Connétable MSC Goût fumé - 2x121g","p":3.99,"u":"16,49 €/KG","img":"https://fd2-photos.leclercdrive.fr/image.ashx?id=2581262&use=l&cat=p&typeid=i","cat":305147},{"id":213687,"n":"Shampoing karité Franck Provost Cheveux Secs, très secs - 500ml","p":4.06,"u":"8,12 €/L","img":"https://fd2-photos.leclercdrive.fr/image.ashx?id=2581804&use=l&cat=p&typeid=i","cat":284606},{"id":213688,"n":"Shampoing Karité Franck Provost Cheveux Très Secs épais - 500ml","p":4.06,"u":"8,12 €/L","img":"https://fd2-photos.leclercdrive.fr/image.ashx?id=2582312&use=l&cat=p&typeid=i","cat":284606},{"id":213690,"n":"Shampoing Franck Provost Cheveux abîmés cassants - 500ml","p":4.06,"u":"8,12 €/L","img":"https://fd2-photos.leclercdrive.fr/image.ashx?id=2582315&use=l&cat=p&typeid=i","cat":284606},{"id":213691,"n":"Après-Shampooing Franck Provost Expert réparation - 450ml","p":4.06,"u":"9,02 €/L","img":"https://fd2-photos.leclercdrive.fr/image.ashx?id=2582318&use=l&cat=p&typeid=i","cat":284607},{"id":213692,"n":"Shampooing Franck Provost Cheveux colorés - 500ml","p":4.06,"u":"8,12 €/L","img":"https://fd2-photos.leclercdrive.fr/image.ashx?id=2582321&use=l&cat=p&typeid=i","cat":284606},{"id":213695,"n":"Recharge Gel douche Cadum Sans Sulfate - 500ml","p":2.69,"u":"5,38 €/L","img":"https://fd2-photos.leclercdrive.fr/image.ashx?id=2581810&use=l&cat=p&typeid=i","cat":284594},{"id":213703,"n":"Gel Corps et Cheveux Cadum Sans Sulfate - 400ml","p":2.69,"u":"6,73 €/L","img":"https://fd2-photos.leclercdrive.fr/image.ashx?id=2582270&use=l&cat=p&typeid=i","cat":284594},{"id":213793,"n":"Burger Bacon Marie Boeuf Charolais Emmental - 190g","p":3.16,"u":"16,63 €/KG","img":"https://fd2-photos.leclercdrive.fr/image.ashx?id=2858615&use=l&cat=p&typeid=i","cat":333671},{"id":213817,"n":"Croquettes chats Perfect Fit Stérilisés, saumon - 1.4kg","p":6.32,"u":"4,51 €/KG","img":"https://fd2-photos.leclercdrive.fr/image.ashx?id=2619163&use=l&cat=p&typeid=i","cat":284680},{"id":213821,"n":"Brosse à dents Signal Soins gencives Extra souple x4","p":3.21,"u":"0,80 €/P","img":"https://fd2-photos.leclercdrive.fr/image.ashx?id=2805690&use=l&cat=p&typeid=i","cat":284614},{"id":213830,"n":"Adoucissant Soupline concentré  3D Grand air - 1,35L","p":5.29,"u":"3,92 €/L","img":"https://fd2-photos.leclercdrive.fr/image.ashx?id=2924950&use=l&cat=p&typeid=i","cat":284650},{"id":213833,"n":"Colgate Chloro intense  75ml","p":1.17,"u":"15,60 €/L","img":"https://fd2-photos.leclercdrive.fr/image.ashx?id=2964231&use=l&cat=p&typeid=i","cat":284612},{"id":213857,"n":"Recharges WC Canard Fresh Disc  Fraîcheur Marine - 2x6 disques","p":5.02,"u":"2,51 €/P","img":"https://fd2-photos.leclercdrive.fr/image.ashx?id=2754824&use=l&cat=p&typeid=i","cat":284662},{"id":213861,"n":"Mélange à l'Orientale Ducros 32g","p":2.33,"u":"72,81 €/KG","img":"https://fd2-photos.leclercdrive.fr/image.ashx?id=2583335&use=l&cat=p&typeid=i","cat":298297},{"id":213865,"n":"Mélange Pizza Ducros 12g","p":2.31,"u":"192,50 €/KG","img":"https://fd2-photos.leclercdrive.fr/image.ashx?id=2583344&use=l&cat=p&typeid=i","cat":298297},{"id":213868,"n":"Mélange pour salade Ducros 17g","p":4.72,"u":"277,65 €/KG","img":"https://fd2-photos.leclercdrive.fr/image.ashx?id=2583341&use=l&cat=p&typeid=i","cat":298297},{"id":213881,"n":"Soupe pot au feu Maggi  Aux vermicelles - 57g","p":0.55,"u":"9,65 €/KG","img":"https://fd2-photos.leclercdrive.fr/image.ashx?id=2614362&use=l&cat=p&typeid=i","cat":284463},{"id":213908,"n":"Pâte dentifrice gingivale Arthrodont - Classic - 2x75ml","p":8.29,"u":"55,27 €/L","img":"https://fd2-photos.leclercdrive.fr/image.ashx?id=2583960&use=l&cat=p&typeid=i","cat":284612},{"id":213930,"n":"Fromage enfant La Vache qui rit Original 24P à tartiner - 384g","p":3.9,"u":"10,16 €/KG","img":"https://fd2-photos.leclercdrive.fr/image.ashx?id=2945451&use=l&cat=p&typeid=i","cat":314030},{"id":213934,"n":"Jambon végétal nature La Vie 120g","p":3.16,"u":"26,33 €/KG","img":"https://fd2-photos.leclercdrive.fr/image.ashx?id=2887167&use=l&cat=p&typeid=i","cat":316036},{"id":213935,"n":"Jambon végétal fumé La Vie 120g","p":3.09,"u":"25,75 €/KG","img":"https://fd2-photos.leclercdrive.fr/image.ashx?id=2878216&use=l&cat=p&typeid=i","cat":316036},{"id":213953,"n":"Recharges WC Canard fresh disc Citron - 2x6 disques","p":4.92,"u":"2,46 €/P","img":"https://fd2-photos.leclercdrive.fr/image.ashx?id=2754821&use=l&cat=p&typeid=i","cat":284662},{"id":213954,"n":"Protège-slips Vania Pocket Normal - x30","p":2.22,"u":"0,07 €/P","img":"https://fd2-photos.leclercdrive.fr/image.ashx?id=2735245&use=l&cat=p&typeid=i","cat":284625},{"id":213958,"n":"Crème Corps Hydratante Mixa Peau très Sèche, terne - 400ml","p":5.08,"u":"12,70 €/L","img":"https://fd2-photos.leclercdrive.fr/image.ashx?id=2595767&use=l&cat=p&typeid=i","cat":325350},{"id":213959,"n":"Nettoyant ménager Pliz Fée du logis - 250ml","p":1.86,"u":"7,44 €/L","img":"https://fd2-photos.leclercdrive.fr/image.ashx?id=2585540&use=l&cat=p&typeid=i","cat":325364},{"id":213964,"n":"Nettoyant ménager Ajax Maison pure Sureau - 1.25L","p":3.39,"u":"2,71 €/L","img":"https://fd2-photos.leclercdrive.fr/image.ashx?id=2585555&use=l&cat=p&typeid=i","cat":284907},{"id":213965,"n":"Adoucissant Eco+ Fraîcheur - 1.5L - x60","p":1.64,"u":"1,09 €/L","img":"https://fd2-photos.leclercdrive.fr/image.ashx?id=2600833&use=l&cat=p&typeid=i","cat":284650},{"id":214087,"n":"Soda Coca-Cola Original Bouteille - 1,75L","p":2.37,"u":"1,35 €/L","img":"https://fd2-photos.leclercdrive.fr/image.ashx?id=2971745&use=l&cat=p&typeid=i","cat":284530},{"id":214103,"n":"Toasts Aromates spécial saumon Tranches épaisses Harrys 250G","p":1.75,"u":"7,00 €/KG","img":"https://fd2-photos.leclercdrive.fr/image.ashx?id=2587578&use=l&cat=p&typeid=i","cat":285454},{"id":214104,"n":"Toasts Seigle spécial huîtres Tranches épaisses Harrys 250G","p":1.75,"u":"7,00 €/KG","img":"https://fd2-photos.leclercdrive.fr/image.ashx?id=2599200&use=l&cat=p&typeid=i","cat":285454},{"id":214321,"n":"Déodorant bille Dove Grenade - Anti-transpirant 50ml","p":2.61,"u":"52,20 €/L","img":"https://fd2-photos.leclercdrive.fr/image.ashx?id=2867341&use=l&cat=p&typeid=i","cat":284595},{"id":214327,"n":"Déodorant Spray Dove Anti- Transpirant Beauty Finish 100ml","p":3.24,"u":"32,40 €/L","img":"https://fd2-photos.leclercdrive.fr/image.ashx?id=2987038&use=l&cat=p&typeid=i","cat":284595},{"id":214328,"n":"Déodorant Spray compressé Dove Anti-Transpirant Original 200ml","p":2.27,"u":"11,35 €/L","img":"https://fd2-photos.leclercdrive.fr/image.ashx?id=2877250&use=l&cat=p&typeid=i","cat":284595},{"id":214332,"n":"Chili Cheese Nuggets Pickers By McCain - 230g","p":3.32,"u":"14,43 €/KG","img":"https://fd2-photos.leclercdrive.fr/image.ashx?id=2958678&use=l&cat=p&typeid=i","cat":319822},{"id":214392,"n":"Gel douche Le Petit Marseillais Homme - Minéraux & bois - 250ml","p":1.64,"u":"6,56 €/L","img":"https://fd2-photos.leclercdrive.fr/image.ashx?id=2684548&use=l&cat=p&typeid=i","cat":284619},{"id":214393,"n":"Gel douche Le Petit Marseillais Homme - Pin & eucalyptus 250ml","p":1.83,"u":"7,32 €/L","img":"https://fd2-photos.leclercdrive.fr/image.ashx?id=2684551&use=l&cat=p&typeid=i","cat":284619},{"id":214394,"n":"Crème de douche Le Petit Marseillais Fleur coton 400ml","p":2.79,"u":"6,98 €/L","img":"https://fd2-photos.leclercdrive.fr/image.ashx?id=2947045&use=l&cat=p&typeid=i","cat":284594},{"id":214403,"n":"Lessive liquide Bonux L'original 50 Lavages - 2.25L","p":9.69,"pp":6.4,"u":"2,84 €/L","img":"https://fd2-photos.leclercdrive.fr/image.ashx?id=2881993&use=l&cat=p&typeid=i","cat":284640},{"id":214507,"n":"Liégeois au chocolat Andros Au lait d'amande x6 - 540g","p":2.89,"u":"5,35 €/KG","img":"https://fd2-photos.leclercdrive.fr/image.ashx?id=2590815&use=l&cat=p&typeid=i","cat":316071},{"id":214513,"n":"Après-shampooing Nuxe Hair prodigieux - 200ml","p":21.89,"u":"109,45 €/L","img":"https://fd2-photos.leclercdrive.fr/image.ashx?id=2651561&use=l&cat=p&typeid=i","cat":290398},{"id":214514,"n":"Masque Nuxe Hair prodigieux - 125ml","p":24.49,"u":"195,92 €/L","img":"https://fd2-photos.leclercdrive.fr/image.ashx?id=2651564&use=l&cat=p&typeid=i","cat":290399},{"id":214519,"n":"Shampooing Nuxe Hair Prodigieux 200ml","p":13.12,"u":"65,60 €/L","img":"https://fd2-photos.leclercdrive.fr/image.ashx?id=2651567&use=l&cat=p&typeid=i","cat":290400},{"id":214521,"n":"Crème lavante Weleda Corps & cheveux - 400ml","p":5.99,"u":"14,98 €/L","img":"https://fd2-photos.leclercdrive.fr/image.ashx?id=2590809&use=l&cat=p&typeid=i","cat":301591},{"id":214527,"n":"Baume lèvre Nuxe Very rose - 15g","p":7.49,"u":"499,33 €/KG","img":"https://fd2-photos.leclercdrive.fr/image.ashx?id=2670740&use=l&cat=p&typeid=i","cat":291172},{"id":214648,"n":"Nouilles Banzai Noodle bœuf  cup - 67g","p":1.25,"u":"18,66 €/KG","img":"https://fd2-photos.leclercdrive.fr/image.ashx?id=2730001&use=l&cat=p&typeid=i","cat":288992},{"id":214653,"n":"Biscuits Mulino Bianco Tenerezze Citron - 200g","p":3.89,"u":"19,45 €/KG","img":"https://fd2-photos.leclercdrive.fr/image.ashx?id=2593137&use=l&cat=p&typeid=i","cat":289010},{"id":214762,"n":"Nouilles Banzai Noodle poulet  cup - 67g","p":1.25,"u":"18,66 €/KG","img":"https://fd2-photos.leclercdrive.fr/image.ashx?id=2730004&use=l&cat=p&typeid=i","cat":288992},{"id":214808,"n":"Capsule Nescafé Dolce Gusto Neo  Espresso - x12","p":4.28,"pp":2.82,"u":"42,73 €/KG","img":"https://fd2-photos.leclercdrive.fr/image.ashx?id=2774709&use=l&cat=p&typeid=i","cat":293241},{"id":214811,"n":"Capsule Nescafé Dolce Gusto Neo  Hot Chocolate - x12","p":4.33,"pp":2.86,"u":"13,24 €/KG","img":"https://fd2-photos.leclercdrive.fr/image.ashx?id=2927702&use=l&cat=p&typeid=i","cat":293241},{"id":214814,"n":"Ail en semoule Ducro 335g","p":8.8,"u":"26,27 €/KG","img":"https://fd2-photos.leclercdrive.fr/image.ashx?id=2595665&use=l&cat=p&typeid=i","cat":298297},{"id":214848,"n":"Champignons blancs de Paris  Eco+ - 200g","p":0.95,"u":"4,75 €/KG","img":"https://fd2-photos.leclercdrive.fr/image.ashx?id=2742685&use=l&cat=p&typeid=i","cat":284352},{"id":214862,"n":"Compote Charles & Alice Passion Sans sucres ajoutés - 6x97g","p":1.77,"u":"3,04 €/KG","img":"https://fd2-photos.leclercdrive.fr/image.ashx?id=2595263&use=l&cat=p&typeid=i","cat":284416},{"id":215007,"n":"Thé glacé Lipton Ice Tea Pêche sans sucres - 4x1.25L","p":5.84,"u":"1,17 €/L","img":"https://fd2-photos.leclercdrive.fr/image.ashx?id=2596161&use=l&cat=p&typeid=i","cat":295019},{"id":215016,"n":"Croutons nature Tipiak 220g","p":3.44,"u":"15,64 €/KG","img":"https://fd2-photos.leclercdrive.fr/image.ashx?id=2842061&use=l&cat=p&typeid=i","cat":284464},{"id":215017,"n":"Croutons ail Tipiak 220g","p":3.29,"u":"14,95 €/KG","img":"https://fd2-photos.leclercdrive.fr/image.ashx?id=2688872&use=l&cat=p&typeid=i","cat":284464},{"id":215056,"n":"Recharge Lessive liquide  Rainett - Bicarbonate 1.6L","p":6.14,"u":"3,84 €/L","img":"https://fd2-photos.leclercdrive.fr/image.ashx?id=2940291&use=l&cat=p&typeid=i","cat":284640},{"id":215089,"n":"Friandises chien Pedigree Rodeo bœuf fromage x7 - 123g","p":2.34,"u":"19,02 €/KG","img":"https://fd2-photos.leclercdrive.fr/image.ashx?id=2753277&use=l&cat=p&typeid=i","cat":294527},{"id":215091,"n":"Complément Alimentaire Juvamine Vitamine C 500 x30","p":3.5,"u":"54,69 €/KG","img":"https://fd2-photos.leclercdrive.fr/image.ashx?id=2749724&use=l&cat=p&typeid=i","cat":313217},{"id":215093,"n":"Complément Alimentaire Juvamine Vitamine C 500 x30","p":4.36,"u":"56,62 €/KG","img":"https://fd2-photos.leclercdrive.fr/image.ashx?id=2749727&use=l&cat=p&typeid=i","cat":313217},{"id":215101,"n":"Complément Alimentaire Juvamine Vitamine C, D et Calcium - x30","p":3.83,"u":"49,74 €/KG","img":"https://fd2-photos.leclercdrive.fr/image.ashx?id=2749739&use=l&cat=p&typeid=i","cat":313217},{"id":215122,"n":"Pâtes Alpina Perle - 500g","p":1.25,"u":"2,50 €/KG","img":"https://fd2-photos.leclercdrive.fr/image.ashx?id=2789859&use=l&cat=p&typeid=i","cat":284427},{"id":215125,"n":"Caramel Fudges Vahiné 70g","p":3.3,"u":"47,14 €/KG","img":"https://fd2-photos.leclercdrive.fr/image.ashx?id=2596868&use=l&cat=p&typeid=i","cat":284504},{"id":215126,"n":"Chocolat au lait chunks Vahiné 100g","p":2.57,"u":"25,70 €/KG","img":"https://fd2-photos.leclercdrive.fr/image.ashx?id=2596865&use=l&cat=p&typeid=i","cat":284504},{"id":215139,"n":"Steak haché Tendre & Plus Façon bouchère 15%MG x8 - 1kg","p":12.57,"u":"12,57 €/KG","img":"https://fd2-photos.leclercdrive.fr/image.ashx?id=2748362&use=l&cat=p&typeid=i","cat":319778},{"id":215207,"n":"Dentifrice Oral-B 3D White Advanced Luxe perfection - 75ml","p":4.26,"u":"56,80 €/L","img":"https://fd2-photos.leclercdrive.fr/image.ashx?id=2737543&use=l&cat=p&typeid=i","cat":284612},{"id":215228,"n":"Melange garam masala Ducros 40g","p":3.28,"u":"82,00 €/KG","img":"https://fd2-photos.leclercdrive.fr/image.ashx?id=2597384&use=l&cat=p&typeid=i","cat":298297},{"id":215231,"n":"Petites gambas Fleury Ichon À la persillade - 280g","p":4.21,"u":"15,04 €/KG","img":"https://fd2-photos.leclercdrive.fr/image.ashx?id=2889499&use=l&cat=p&typeid=i","cat":333665},{"id":215237,"n":"Menu complet Lapin 800G","p":1.88,"u":"2,35 €/KG","img":"https://fd2-photos.leclercdrive.fr/image.ashx?id=2646818&use=l&cat=p&typeid=i","cat":284677},{"id":215238,"n":"Menu complet Lapin 3KG","p":6.6,"u":"2,20 €/KG","img":"https://fd2-photos.leclercdrive.fr/image.ashx?id=2646815&use=l&cat=p&typeid=i","cat":284677},{"id":215239,"n":"Menu complet Tous Mes Amis 800g","p":1.88,"u":"2,35 €/KG","img":"https://fd2-photos.leclercdrive.fr/image.ashx?id=2646812&use=l&cat=p&typeid=i","cat":284677},{"id":215281,"n":"Bonbons Copains Copines Soda fruit acide - 200 g","p":1.19,"u":"5,95 €/KG","img":"https://fd2-photos.leclercdrive.fr/image.ashx?id=2934766&use=l&cat=p&typeid=i","cat":304250},{"id":215311,"n":"P'tit biscuit Nestlé 180g","p":2.08,"u":"11,56 €/KG","img":"https://fd2-photos.leclercdrive.fr/image.ashx?id=2737225&use=l&cat=p&typeid=i","cat":312227},{"id":215377,"n":"Fromage Persillée Bresse Bleu Le véritable - 200g","p":2.8,"u":"14,00 €/KG","img":"https://fd2-photos.leclercdrive.fr/image.ashx?id=2927486&use=l&cat=p&typeid=i","cat":314032},{"id":215378,"n":"Sérum Visage Post-Acné Nivea Anti-taches Luminous - 30ml","p":19.62,"u":"654,00 €/L","img":"https://fd2-photos.leclercdrive.fr/image.ashx?id=2836124&use=l&cat=p&typeid=i","cat":325345},{"id":215403,"n":"Châtaignes pelées au feu Mont d'Or - 420g","p":5.96,"u":"14,19 €/KG","img":"https://fd2-photos.leclercdrive.fr/image.ashx?id=2600812&use=l&cat=p&typeid=i","cat":289010},{"id":215405,"n":"Rasoirs Wilkinson Xtreme 3 Ultimate comfort - 2x8","p":14.73,"u":"0,92 €/P","img":"https://fd2-photos.leclercdrive.fr/image.ashx?id=2861716&use=l&cat=p&typeid=i","cat":284616},{"id":215564,"n":"Boules praliné lait Jacquot Eclat de noisettes 1 Kg","p":14.35,"u":"14,35 €/KG","img":"https://fd2-photos.leclercdrive.fr/image.ashx?id=2599607&use=l&cat=p&typeid=i","cat":327595},{"id":215721,"n":"Boules Noël chocolat Milka Lait biscuit - 350g","p":9.89,"u":"28,26 €/KG","img":"https://fd2-photos.leclercdrive.fr/image.ashx?id=2916450&use=l&cat=p&typeid=i","cat":327592},{"id":215737,"n":"Smarties chocolat Mini Figurines - 147g","p":6.13,"u":"41,70 €/KG","img":"https://fd2-photos.leclercdrive.fr/image.ashx?id=3000450&use=l&cat=p&typeid=i","cat":327592},{"id":215749,"n":"Authentique Revillon Noir et  Lait- 360g","p":9.69,"u":"26,92 €/KG","img":"https://fd2-photos.leclercdrive.fr/image.ashx?id=2618399&use=l&cat=p&typeid=i","cat":327597},{"id":215789,"n":"Marrons entiers Mont d'Or 800g","p":5.98,"u":"7,48 €/KG","img":"https://fd2-photos.leclercdrive.fr/image.ashx?id=2600815&use=l&cat=p&typeid=i","cat":289010},{"id":215890,"n":"Piles alcalines Varta V23GA - x2","p":3.8,"u":"1,90 €/P","img":"https://fd2-photos.leclercdrive.fr/image.ashx?id=2600770&use=l&cat=p&typeid=i","cat":300572},{"id":215917,"n":"Liquide de Rinçage Finish  800ml","p":4.9,"u":"6,13 €/L","img":"https://fd2-photos.leclercdrive.fr/image.ashx?id=2864678&use=l&cat=p&typeid=i","cat":284657},{"id":216014,"n":"Feta bio Bio Village 150g","p":2.49,"u":"16,60 €/KG","img":"https://fd2-photos.leclercdrive.fr/image.ashx?id=2615813&use=l&cat=p&typeid=i","cat":314026},{"id":216095,"n":"Chips Tortilla Doritos Goût nacho cheese - 160g","p":1.53,"u":"9,56 €/KG","img":"https://fd2-photos.leclercdrive.fr/image.ashx?id=2990478&use=l&cat=p&typeid=i","cat":287899},{"id":216096,"n":"Chips Tortilla Doritos Goût Nature Sel - 160g","p":1.76,"u":"11,00 €/KG","img":"https://fd2-photos.leclercdrive.fr/image.ashx?id=2880715&use=l&cat=p&typeid=i","cat":287899},{"id":216097,"n":"Chips Tortilla Doritos Goût paprika - 160g","p":1.96,"u":"12,25 €/KG","img":"https://fd2-photos.leclercdrive.fr/image.ashx?id=2890091&use=l&cat=p&typeid=i","cat":287899},{"id":216098,"n":"Chips Tortilla Doritos Goût sweet chili - 160g","p":1.78,"u":"11,13 €/KG","img":"https://fd2-photos.leclercdrive.fr/image.ashx?id=2990475&use=l&cat=p&typeid=i","cat":287899},{"id":216099,"n":"Chips Tortilla Doritos Goût sour cream - 160g","p":1.98,"u":"12,38 €/KG","img":"https://fd2-photos.leclercdrive.fr/image.ashx?id=2890088&use=l&cat=p&typeid=i","cat":287899},{"id":216110,"n":"Compotes Materne Pomme Pêche de vigne - 4x100g","p":1.82,"u":"4,55 €/KG","img":"https://fd2-photos.leclercdrive.fr/image.ashx?id=3003110&use=l&cat=p&typeid=i","cat":284416},{"id":216119,"n":"Yaourt Panier de Yoplait Fruits Jaunes - 8x125g","p":2.66,"u":"2,66 €/KG","img":"https://fd2-photos.leclercdrive.fr/image.ashx?id=2811965&use=l&cat=p&typeid=i","cat":284410},{"id":216120,"n":"Yaourt Fruits Panier de Yoplait Fraise Framboise Cerise -8x125g","p":2.72,"u":"2,72 €/KG","img":"https://fd2-photos.leclercdrive.fr/image.ashx?id=2811968&use=l&cat=p&typeid=i","cat":284410},{"id":216123,"n":"Yaourt Fruits Panier de Yoplait Panaché - 16x125g","p":4.58,"u":"2,29 €/KG","img":"https://fd2-photos.leclercdrive.fr/image.ashx?id=2884489&use=l&cat=p&typeid=i","cat":284410},{"id":216125,"n":"Yaourt Panier de Yoplait Fruits Jaunes 0%Mg - 8x125g","p":2.7,"img":"https://fd2-photos.leclercdrive.fr/image.ashx?id=2733760&use=l&cat=p&typeid=i","cat":284410},{"id":216126,"n":"Yaourt Panier de Yoplait Fruits Rouges 0%Mg - 8x125g","p":2.78,"u":"2,78 €/KG","img":"https://fd2-photos.leclercdrive.fr/image.ashx?id=2830399&use=l&cat=p&typeid=i","cat":284410},{"id":216128,"n":"Yaourt Fruits Panier de Yoplait Panaché 0%Mg - 16x125g","p":4.43,"u":"2,22 €/KG","img":"https://fd2-photos.leclercdrive.fr/image.ashx?id=2884495&use=l&cat=p&typeid=i","cat":284410},{"id":216285,"n":"Bière blonde Mélusine 5% vol - 75cl","p":3.64,"u":"4,85 €/L","img":"https://fd2-photos.leclercdrive.fr/image.ashx?id=2604001&use=l&cat=p&typeid=i","cat":334873},{"id":216303,"n":"Riz Méditerranée Ben's original  Express 2mn - 220g","p":1.3,"u":"5,20 €/KG","img":"https://fd2-photos.leclercdrive.fr/image.ashx?id=2995301&use=l&cat=p&typeid=i","cat":287600},{"id":216350,"n":"Émincés de porc au curry L'Atelier Boucherie - 300g","p":4.59,"u":"15,30 €/KG","img":"https://fd2-photos.leclercdrive.fr/image.ashx?id=2854279&use=l&cat=p&typeid=i","cat":284331},{"id":216352,"n":"Émincés de porc thaï L'Atelier Boucherie - 300g","p":4.59,"u":"15,30 €/KG","img":"https://fd2-photos.leclercdrive.fr/image.ashx?id=2854294&use=l&cat=p&typeid=i","cat":284331},{"id":216353,"n":"Émincés de porc caramel L'Atelier Boucherie - 300g","p":4.59,"u":"15,30 €/KG","img":"https://fd2-photos.leclercdrive.fr/image.ashx?id=2854297&use=l&cat=p&typeid=i","cat":284331},{"id":216381,"n":"Émincés de boeuf Tex-Mex L'Atelier Boucherie - 200g","p":4.59,"u":"22,95 €/KG","img":"https://fd2-photos.leclercdrive.fr/image.ashx?id=2854282&use=l&cat=p&typeid=i","cat":284328},{"id":216383,"n":"Émincés de boeuf chinois L'Atelier Boucherie - 200g","p":4.79,"u":"23,95 €/KG","img":"https://fd2-photos.leclercdrive.fr/image.ashx?id=2854288&use=l&cat=p&typeid=i","cat":284328},{"id":216395,"n":"Émincés de veau Tomates Herbes L'Atelier Boucherie - 200g","p":4.59,"u":"22,95 €/KG","img":"https://fd2-photos.leclercdrive.fr/image.ashx?id=2854285&use=l&cat=p&typeid=i","cat":284329},{"id":216462,"n":"Spray Prêt à l'emploi St Marc  Acide Citrique - 500ml","p":2.69,"u":"5,38 €/L","img":"https://fd2-photos.leclercdrive.fr/image.ashx?id=2653867&use=l&cat=p&typeid=i","cat":325357},{"id":216463,"n":"Lingettes désinfectantes St  Marc Anti-Bactériennes - x80","p":2.25,"u":"0,03 €/P","img":"https://fd2-photos.leclercdrive.fr/image.ashx?id=2811341&use=l&cat=p&typeid=i","cat":325358},{"id":216519,"n":"Skyr Siggi's  Stracciatella - 2x140g","p":2.12,"u":"7,57 €/KG","img":"https://fd2-photos.leclercdrive.fr/image.ashx?id=2606885&use=l&cat=p&typeid=i","cat":315000},{"id":216624,"n":"Thé glacé Lipton Ice Tea Citron/citron vert - 4x1.25L","p":5.9,"u":"1,18 €/L","img":"https://fd2-photos.leclercdrive.fr/image.ashx?id=2608761&use=l&cat=p&typeid=i","cat":295019},{"id":217118,"n":"Dosettes café Senseo Espresso Intense x32","p":5.9,"u":"26,58 €/KG","img":"https://fd2-photos.leclercdrive.fr/image.ashx?id=2788055&use=l&cat=p&typeid=i","cat":293238},{"id":217145,"n":"Rhum Don Papa Baroko  40% vol. - 70cl","p":36.9,"u":"52,71 €/L","img":"https://fd2-photos.leclercdrive.fr/image.ashx?id=2654017&use=l&cat=p&typeid=i","cat":284550},{"id":217256,"n":"Champignons de Paris blancs Panier du Primeur - 400g","p":2.39,"u":"5,98 €/KG","img":"https://fd2-photos.leclercdrive.fr/image.ashx?id=2610765&use=l&cat=p&typeid=i","cat":284352},{"id":217401,"n":"Crème mains La Roche-Posay Cicaplast - 100ml","p":8.9,"u":"89,00 €/L","img":"https://fd2-photos.leclercdrive.fr/image.ashx?id=2613477&use=l&cat=p&typeid=i","cat":290424},{"id":217402,"n":"Baume B5 La Roche-Posay Cicaplast - 15ml","p":4.9,"u":"326,67 €/L","img":"https://fd2-photos.leclercdrive.fr/image.ashx?id=2613480&use=l&cat=p&typeid=i","cat":290421},{"id":217403,"n":"Baume B5+ La Roche-Posay Cicaplast - 40ml","p":6.98,"u":"174,50 €/L","img":"https://fd2-photos.leclercdrive.fr/image.ashx?id=2846006&use=l&cat=p&typeid=i","cat":290421},{"id":217405,"n":"Pansements ampoules Compeed Talon - Sport - x5","p":7.79,"u":"1,56 €/P","img":"https://fd2-photos.leclercdrive.fr/image.ashx?id=2612679&use=l&cat=p&typeid=i","cat":291163},{"id":217406,"n":"Pansements ampoules Compeed Moyen format - x10","p":10.96,"u":"1,10 €/P","img":"https://fd2-photos.leclercdrive.fr/image.ashx?id=2612706&use=l&cat=p&typeid=i","cat":291163},{"id":217408,"n":"Gel douche Atoderm Bioderma Eco-recharge - 1L","p":7.99,"u":"7,99 €/L","img":"https://fd2-photos.leclercdrive.fr/image.ashx?id=2613591&use=l&cat=p&typeid=i","cat":301591},{"id":217414,"n":"Baume lèvres Avène Eau thermale Réparateur - Cicalfate + - 10ml","p":5.98,"u":"598,00 €/L","img":"https://fd2-photos.leclercdrive.fr/image.ashx?id=2613447&use=l&cat=p&typeid=i","cat":291172},{"id":217417,"n":"Eau micellaire Avène Cleanance - 400ml","p":9.89,"u":"24,73 €/L","img":"https://fd2-photos.leclercdrive.fr/image.ashx?id=2613453&use=l&cat=p&typeid=i","cat":301587},{"id":217421,"n":"Soin Effaclar La Roche-Posay Duo + - 40ml","p":13.0,"u":"325,00 €/L","img":"https://fd2-photos.leclercdrive.fr/image.ashx?id=2613486&use=l&cat=p&typeid=i","cat":291166},{"id":217454,"n":"Gel vaginal Replens Hydratant - x8 - 2018","p":10.4,"u":"1,30 €/P","img":"https://fd2-photos.leclercdrive.fr/image.ashx?id=2612655&use=l&cat=p&typeid=i","cat":301348},{"id":217457,"n":"Patchs invisibles Compeed Bouton de fièvre - x15","p":9.73,"u":"0,65 €/P","img":"https://fd2-photos.leclercdrive.fr/image.ashx?id=2613582&use=l&cat=p&typeid=i","cat":291172},{"id":217460,"n":"Shampooing Bioderma Nodé P - Apaisant - 400ml","p":9.34,"u":"23,35 €/L","img":"https://fd2-photos.leclercdrive.fr/image.ashx?id=2612742&use=l&cat=p&typeid=i","cat":290400},{"id":217468,"n":"Complément alimentaire Supraflor - x30","p":13.39,"u":"0,45 €/P","img":"https://fd2-photos.leclercdrive.fr/image.ashx?id=2613510&use=l&cat=p&typeid=i","cat":301268},{"id":217470,"n":"Parmentier de canard confit Fleury Michon - 300g","p":3.91,"u":"13,03 €/KG","img":"https://fd2-photos.leclercdrive.fr/image.ashx?id=3003257&use=l&cat=p&typeid=i","cat":333665},{"id":217570,"n":"Complément alimentaire Chondrostéo+ - x180 - 2 mois","p":18.49,"u":"120,06 €/KG","img":"https://fd2-photos.leclercdrive.fr/image.ashx?id=2613561&use=l&cat=p&typeid=i","cat":301268},{"id":217572,"n":"Complément alimentaire Chondrostéo+ - 3x90","p":25.98,"u":"0,10 €/P","img":"https://fd2-photos.leclercdrive.fr/image.ashx?id=3002114&use=l&cat=p&typeid=i","cat":301268},{"id":217575,"n":"Spray Arkorelax Sommeil flash - 20ml","p":8.71,"u":"435,50 €/L","img":"https://fd2-photos.leclercdrive.fr/image.ashx?id=2614170&use=l&cat=p&typeid=i","cat":301265},{"id":217579,"n":"Complément alimentaire Cys- Control - Fort - x10","p":12.99,"u":"1,30 €/P","img":"https://fd2-photos.leclercdrive.fr/image.ashx?id=2886172&use=l&cat=p&typeid=i","cat":301268},{"id":217584,"n":"Complément alimentaire Arkorelax - Moral+ - x60","p":21.99,"u":"0,37 €/P","img":"https://fd2-photos.leclercdrive.fr/image.ashx?id=2614185&use=l&cat=p&typeid=i","cat":301268},{"id":217587,"n":"Complément alimentaire Chrondro -Aid - 100% articulation - x180","p":32.9,"u":"0,18 €/P","img":"https://fd2-photos.leclercdrive.fr/image.ashx?id=2614191&use=l&cat=p&typeid=i","cat":301268},{"id":217610,"n":"Café en grain  Bio Village Bio Pur arabica - 500g","p":8.39,"u":"16,78 €/KG","img":"https://fd2-photos.leclercdrive.fr/image.ashx?id=2615376&use=l&cat=p&typeid=i","cat":293237},{"id":217611,"n":"Chataigne Bio Village Bio - 195g","p":3.71,"u":"19,03 €/KG","img":"https://fd2-photos.leclercdrive.fr/image.ashx?id=2613747&use=l&cat=p&typeid=i","cat":312612},{"id":217612,"n":"Café en grain Plantation Pur arabica - 1kg","p":13.06,"u":"13,06 €/KG","img":"https://fd2-photos.leclercdrive.fr/image.ashx?id=2824307&use=l&cat=p&typeid=i","cat":293237},{"id":217618,"n":"Velouté bio Jardin Bio Potiron patate douce 1L","p":3.18,"u":"3,18 €/L","img":"https://fd2-photos.leclercdrive.fr/image.ashx?id=2615077&use=l&cat=p&typeid=i","cat":284462},{"id":217675,"n":"Dosettes Senseo Corsé 2x60 dosettes - 832g","p":17.95,"u":"21,57 €/KG","img":"https://fd2-photos.leclercdrive.fr/image.ashx?id=2765432&use=l&cat=p&typeid=i","cat":293238},{"id":217904,"n":"Desserts Lactés P'TIT ONCTUEUX Nature sucre canne 6M+ - 6x50g","p":2.27,"u":"7,57 €/KG","img":"https://fd2-photos.leclercdrive.fr/image.ashx?id=2615777&use=l&cat=p&typeid=i","cat":312392},{"id":217959,"n":"Dentifrice Oral-B  3D White luxe - 75ml","p":4.56,"u":"60,80 €/L","img":"https://fd2-photos.leclercdrive.fr/image.ashx?id=2737540&use=l&cat=p&typeid=i","cat":284612},{"id":217973,"n":"Culottes Huggies® Extra Care® Taille 4 x26 (9-14 kg)","p":12.74,"u":"0,49 €/P","img":"https://fd2-photos.leclercdrive.fr/image.ashx?id=2831405&use=l&cat=p&typeid=i","cat":290633},{"id":217989,"n":"Dentifrice Integral 8 Signal HaleineFraîche Prébiotique 75ml","p":2.24,"u":"29,87 €/L","img":"https://fd2-photos.leclercdrive.fr/image.ashx?id=2985660&use=l&cat=p&typeid=i","cat":284612},{"id":217993,"n":"Dentifrice Integral 8 Signal Blancheur Prébiotique 75ml","p":1.72,"u":"22,93 €/L","img":"https://fd2-photos.leclercdrive.fr/image.ashx?id=2974668&use=l&cat=p&typeid=i","cat":284612},{"id":218000,"n":"Dentifrice Signal Système Blancheur 1 semaine - 75ml","p":1.79,"u":"23,87 €/L","img":"https://fd2-photos.leclercdrive.fr/image.ashx?id=2777516&use=l&cat=p&typeid=i","cat":284612},{"id":218001,"n":"Dentifrice Signal Système Blancheur - Charbon - 75ml","p":2.24,"u":"29,87 €/L","img":"https://fd2-photos.leclercdrive.fr/image.ashx?id=2981421&use=l&cat=p&typeid=i","cat":284612},{"id":218002,"n":"Dentifrice Signal Système Blancheur Eclat brillance 75ml","p":2.62,"u":"34,93 €/L","img":"https://fd2-photos.leclercdrive.fr/image.ashx?id=2981424&use=l&cat=p&typeid=i","cat":284612},{"id":218003,"n":"Brosse à dents Signal Integral  8 - Noir - Souple - x1","p":2.36,"img":"https://fd2-photos.leclercdrive.fr/image.ashx?id=2748707&use=l&cat=p&typeid=i","cat":284614},{"id":218154,"n":"Vodka Absolut  Watermelon - 38% vol. 70cl","p":17.46,"u":"24,94 €/L","img":"https://fd2-photos.leclercdrive.fr/image.ashx?id=2645687&use=l&cat=p&typeid=i","cat":284550},{"id":218178,"n":"Nuggets de dinde Côté Croc 1kg","p":5.99,"img":"https://fd2-photos.leclercdrive.fr/image.ashx?id=2837072&use=l&cat=p&typeid=i","cat":333684},{"id":218189,"n":"Pizza croustimoelleuse extrême  Marie Tartiflette - 2+1 offerte","p":6.97,"u":"4,22 €/KG","img":"https://fd2-photos.leclercdrive.fr/image.ashx?id=2996665&use=l&cat=p&typeid=i","cat":284256},{"id":218209,"n":"Soupe harira marocaine Maggi 90g","p":1.43,"u":"15,89 €/KG","img":"https://fd2-photos.leclercdrive.fr/image.ashx?id=2618092&use=l&cat=p&typeid=i","cat":289013},{"id":218304,"n":"Cordon bleu de dinde Côté Croc 1kg","p":5.99,"u":"5,99 €/KG","img":"https://fd2-photos.leclercdrive.fr/image.ashx?id=2617319&use=l&cat=p&typeid=i","cat":333683},{"id":218305,"n":"Saucisses de Montbéliard IGP NRT - 500g","p":5.99,"u":"11,98 €/KG","img":"https://fd2-photos.leclercdrive.fr/image.ashx?id=2991509&use=l&cat=p&typeid=i","cat":316012},{"id":218310,"n":"Saumon fumé Delpeyrat Norvège 10 tranches - 300g","p":12.15,"u":"40,50 €/KG","img":"https://fd2-photos.leclercdrive.fr/image.ashx?id=2923540&use=l&cat=p&typeid=i","cat":285188},{"id":218311,"n":"Pain de mie Epi d'Or Cérales & Graines - 580g","p":2.54,"u":"4,38 €/KG","img":"https://fd2-photos.leclercdrive.fr/image.ashx?id=2728270&use=l&cat=p&typeid=i","cat":284477},{"id":218330,"n":"Mini croque-monsieur Côté Table Truffe x12 - 100g","p":4.99,"u":"49,90 €/KG","img":"https://fd2-photos.leclercdrive.fr/image.ashx?id=2617383&use=l&cat=p&typeid=i","cat":319774},{"id":218333,"n":"Yakitori poulet Ajinomoto Sauce Teriaki - 200g","p":4.65,"u":"23,25 €/KG","img":"https://fd2-photos.leclercdrive.fr/image.ashx?id=2692596&use=l&cat=p&typeid=i","cat":319774},{"id":218387,"n":"Salade Oslo Pierre Martinet 220g","p":2.56,"u":"11,64 €/KG","img":"https://fd2-photos.leclercdrive.fr/image.ashx?id=2877904&use=l&cat=p&typeid=i","cat":333657},{"id":218402,"n":"Badiane Ducros 25g","p":2.47,"u":"98,80 €/KG","img":"https://fd2-photos.leclercdrive.fr/image.ashx?id=2618891&use=l&cat=p&typeid=i","cat":298297},{"id":218407,"n":"Melange pour curry Ducros 20g","p":1.52,"u":"76,00 €/KG","img":"https://fd2-photos.leclercdrive.fr/image.ashx?id=2618888&use=l&cat=p&typeid=i","cat":298297},{"id":218423,"n":"Burrata di Bufala Les Croisés - 125g","p":2.91,"u":"23,28 €/KG","img":"https://fd2-photos.leclercdrive.fr/image.ashx?id=3009529&use=l&cat=p&typeid=i","cat":314026},{"id":218428,"n":"Bûche glacée Nestlé Fruits rouges meringue - 540g","p":5.98,"u":"11,07 €/KG","img":"https://fd2-photos.leclercdrive.fr/image.ashx?id=2936710&use=l&cat=p&typeid=i","cat":284266},{"id":218472,"n":"Compote Fruit Intense Materne Pomme myrtille sauvage - 400g","p":2.04,"u":"5,10 €/KG","img":"https://fd2-photos.leclercdrive.fr/image.ashx?id=3003113&use=l&cat=p&typeid=i","cat":284416},{"id":218475,"n":"Compote Fruit Intense Materne Pomme cerise noire - 400g","p":1.95,"u":"4,88 €/KG","img":"https://fd2-photos.leclercdrive.fr/image.ashx?id=3003116&use=l&cat=p&typeid=i","cat":284416},{"id":218490,"n":"Foie gras de canard entier Torchon Jean Larnaudie - 160g","p":24.95,"u":"155,94 €/KG","img":"https://fd2-photos.leclercdrive.fr/image.ashx?id=2916800&use=l&cat=p&typeid=i","cat":316008},{"id":218494,"n":"Panés aux poissons Eco+ 200g","p":1.55,"u":"7,75 €/KG","img":"https://fd2-photos.leclercdrive.fr/image.ashx?id=2618706&use=l&cat=p&typeid=i","cat":284344},{"id":218560,"n":"Tortillas Old El Paso de blé  nature familial x12 - 489g","p":3.35,"u":"0,28 €/P","img":"https://fd2-photos.leclercdrive.fr/image.ashx?id=2737669&use=l&cat=p&typeid=i","cat":288993},{"id":218563,"n":"Sauce Tomates Cuisinées Panzani - 650G","p":2.21,"u":"3,40 €/KG","img":"https://fd2-photos.leclercdrive.fr/image.ashx?id=2977936&use=l&cat=p&typeid=i","cat":287599},{"id":218581,"n":"Pesto alla genovese Sacla 190g","p":2.72,"u":"14,32 €/KG","img":"https://fd2-photos.leclercdrive.fr/image.ashx?id=2620737&use=l&cat=p&typeid=i","cat":289010},{"id":218584,"n":"Curry madras 45G - DUCROS","p":2.02,"u":"44,89 €/KG","img":"https://fd2-photos.leclercdrive.fr/image.ashx?id=2620131&use=l&cat=p&typeid=i","cat":298297},{"id":218586,"n":"Curry korma 42G- DUCROS","p":2.16,"u":"51,43 €/KG","img":"https://fd2-photos.leclercdrive.fr/image.ashx?id=2620134&use=l&cat=p&typeid=i","cat":298297},{"id":218587,"n":"Curry tandoori 37G - DUCROS","p":2.48,"u":"67,03 €/KG","img":"https://fd2-photos.leclercdrive.fr/image.ashx?id=2620137&use=l&cat=p&typeid=i","cat":298297},{"id":218804,"n":"Croquettes chat Perfect Fit Boeuf Stérilisés Adulte 1.4kg","p":6.96,"u":"4,97 €/KG","img":"https://fd2-photos.leclercdrive.fr/image.ashx?id=2622792&use=l&cat=p&typeid=i","cat":284680},{"id":219068,"n":"Thym Ducros 35g","p":1.77,"u":"50,57 €/KG","img":"https://fd2-photos.leclercdrive.fr/image.ashx?id=2624589&use=l&cat=p&typeid=i","cat":298297},{"id":219070,"n":"Poivre saveur & épices 40g","p":3.06,"u":"76,50 €/KG","img":"https://fd2-photos.leclercdrive.fr/image.ashx?id=2624592&use=l&cat=p&typeid=i","cat":284457},{"id":219283,"n":"Granola extra cookie Chocolat - 6x184g","p":10.5,"pp":7.35,"u":"6,66 €/KG","img":"https://fd2-photos.leclercdrive.fr/image.ashx?id=2629719&use=l&cat=p&typeid=i","cat":284488},{"id":219601,"n":"Petits pains grillés Pasquier Blé complet - 225g","p":1.76,"u":"7,82 €/KG","img":"https://fd2-photos.leclercdrive.fr/image.ashx?id=2834452&use=l&cat=p&typeid=i","cat":284479},{"id":219602,"n":"Petits pains grillés Pasquier Froment - 225g","p":1.84,"u":"8,18 €/KG","img":"https://fd2-photos.leclercdrive.fr/image.ashx?id=2834455&use=l&cat=p&typeid=i","cat":284479},{"id":219722,"n":"Bloc de foie gras de canard Pierre de Chaumeyrac - 300g","p":16.9,"u":"56,33 €/KG","img":"https://fd2-photos.leclercdrive.fr/image.ashx?id=2804341&use=l&cat=p&typeid=i","cat":316008},{"id":219909,"n":"Pineau des Charentes Reynac Vieux 5 ans 17%vol - 75cl","p":10.11,"u":"13,48 €/L","img":"https://fd2-photos.leclercdrive.fr/image.ashx?id=2630391&use=l&cat=p&typeid=i","cat":284913},{"id":219921,"n":"Saumon fumé Ronde des Mers Islande 4 tranches - 140g","p":4.99,"u":"35,64 €/KG","img":"https://fd2-photos.leclercdrive.fr/image.ashx?id=2833138&use=l&cat=p&typeid=i","cat":285188},{"id":220191,"n":"Noix de Saint Jacques sauvages Sans corail - 40/80 - 200g","p":5.25,"u":"26,25 €/KG","img":"https://fd2-photos.leclercdrive.fr/image.ashx?id=2634109&use=l&cat=p&typeid=i","cat":319787},{"id":220269,"n":"Friandises chat Catisfactions  Herbe à chat - 60g","p":1.19,"u":"19,83 €/KG","img":"https://fd2-photos.leclercdrive.fr/image.ashx?id=2914765&use=l&cat=p&typeid=i","cat":285285},{"id":220272,"n":"Sachet fraîcheur chat Whiskas  Carte mixte en gelée - 12x85g","p":4.96,"u":"4,86 €/KG","img":"https://fd2-photos.leclercdrive.fr/image.ashx?id=2902990&use=l&cat=p&typeid=i","cat":285286},{"id":220298,"n":"Bonbons Tubes Acid'  Copains Copines - 180g","p":1.39,"u":"7,72 €/KG","img":"https://fd2-photos.leclercdrive.fr/image.ashx?id=2934775&use=l&cat=p&typeid=i","cat":304250},{"id":220353,"n":"Foie gras de canard entier  Larnaudie Selection - 160g","p":17.9,"u":"111,88 €/KG","img":"https://fd2-photos.leclercdrive.fr/image.ashx?id=2633929&use=l&cat=p&typeid=i","cat":305148},{"id":220540,"n":"Raisin rosé sans pépins Panier du Primeur - 500g","p":3.99,"u":"7,98 €/KG","img":"https://fd2-photos.leclercdrive.fr/image.ashx?id=2858144&use=l&cat=p&typeid=i","cat":284356},{"id":220545,"n":"Raisin blanc sans pépins Panier du Primeur - 500g","p":3.99,"u":"7,98 €/KG","img":"https://fd2-photos.leclercdrive.fr/image.ashx?id=2858132&use=l&cat=p&typeid=i","cat":284356},{"id":220591,"n":"Brassé végétal Andros Fraise - 6x100g","p":2.63,"u":"4,38 €/KG","img":"https://fd2-photos.leclercdrive.fr/image.ashx?id=2638975&use=l&cat=p&typeid=i","cat":316071},{"id":220689,"n":"Dentifrice Integral 8 Signal Interdentaire Prébiotique 75ml","p":2.11,"u":"28,13 €/L","img":"https://fd2-photos.leclercdrive.fr/image.ashx?id=2940654&use=l&cat=p&typeid=i","cat":284612},{"id":220742,"n":"Savon Le Petit Marseillais  Recharge antibacterien - 250ml","p":1.43,"u":"5,72 €/L","img":"https://fd2-photos.leclercdrive.fr/image.ashx?id=2684230&use=l&cat=p&typeid=i","cat":284597},{"id":220786,"n":"Papier toilette humide Lotus Confort - x38","p":1.59,"u":"0,04 €/P","img":"https://fd2-photos.leclercdrive.fr/image.ashx?id=2864843&use=l&cat=p&typeid=i","cat":284634},{"id":220788,"n":"Recharge crème lavante mains Le Petit Marseillais Lait 250ml","p":0.78,"u":"3,12 €/L","img":"https://fd2-photos.leclercdrive.fr/image.ashx?id=2735242&use=l&cat=p&typeid=i","cat":284597},{"id":220794,"n":"Sérum Éclat La Provençale Bio Jouvence à la Vitamine C - 30ml","p":11.09,"u":"369,67 €/L","img":"https://fd2-photos.leclercdrive.fr/image.ashx?id=2950363&use=l&cat=p&typeid=i","cat":325345},{"id":220802,"n":"Rasoirs rechargeables Bic Click 3 Soleil - x4","p":4.63,"u":"1,16 €/P","img":"https://fd2-photos.leclercdrive.fr/image.ashx?id=2636072&use=l&cat=p&typeid=i","cat":325352},{"id":220818,"n":"Lames de rasoirs Bic Click 5 Soleil - x4","p":8.17,"u":"2,04 €/P","img":"https://fd2-photos.leclercdrive.fr/image.ashx?id=2768517&use=l&cat=p&typeid=i","cat":325352},{"id":220821,"n":"Crème lavante mains Le Petit Marseillais - Amande - 250ml","p":0.85,"u":"3,40 €/L","img":"https://fd2-photos.leclercdrive.fr/image.ashx?id=2684209&use=l&cat=p&typeid=i","cat":284597},{"id":220822,"n":"Gel lavant mains Le Petit Marseillais Antibactérien 300ml","p":1.88,"u":"6,27 €/L","img":"https://fd2-photos.leclercdrive.fr/image.ashx?id=2684557&use=l&cat=p&typeid=i","cat":284597},{"id":220827,"n":"Sérum Autobronzant Garnier Natural Bronzer visage - 30ml","p":11.19,"u":"373,00 €/L","img":"https://fd2-photos.leclercdrive.fr/image.ashx?id=2669280&use=l&cat=p&typeid=i","cat":325355},{"id":220851,"n":"Saumon fumé Ronde des Mers Écosse - 14 tranches - 490g","p":17.49,"u":"35,69 €/KG","img":"https://fd2-photos.leclercdrive.fr/image.ashx?id=2976303&use=l&cat=p&typeid=i","cat":285188},{"id":220906,"n":"AOP vin rouge Corbières Hérésie - 1.5L","p":18.5,"u":"12,33 €/L","img":"https://fd2-photos.leclercdrive.fr/image.ashx?id=2639666&use=l&cat=p&typeid=i","cat":289556},{"id":221053,"n":"Couronne de crevettes Delpierre Sauce mayonnaise citron - 220g","p":8.49,"u":"38,59 €/KG","img":"https://fd2-photos.leclercdrive.fr/image.ashx?id=2639612&use=l&cat=p&typeid=i","cat":284343},{"id":221174,"n":"Tablette de chocolat L'Atelier Blanc noisettes - 150g","p":3.66,"u":"24,40 €/KG","img":"https://fd2-photos.leclercdrive.fr/image.ashx?id=2807915&use=l&cat=p&typeid=i","cat":284957},{"id":221205,"n":"Fromage fondu Burger Eco+ x10 - 200g","p":1.15,"u":"5,75 €/KG","img":"https://fd2-photos.leclercdrive.fr/image.ashx?id=2956960&use=l&cat=p&typeid=i","cat":314028},{"id":221208,"n":"Disques à démaquiller x120","p":0.39,"img":"https://fd2-photos.leclercdrive.fr/image.ashx?id=2640119&use=l&cat=p&typeid=i","cat":285593},{"id":221398,"n":"Riz Tradizioni d'Italia Carnaroli - 500g","p":2.39,"u":"4,78 €/KG","img":"https://fd2-photos.leclercdrive.fr/image.ashx?id=2913793&use=l&cat=p&typeid=i","cat":284428},{"id":221401,"n":"Saumon fumé Ronde des Mers Norvège 14 tranches - 490g","p":17.49,"u":"35,69 €/KG","img":"https://fd2-photos.leclercdrive.fr/image.ashx?id=2976300&use=l&cat=p&typeid=i","cat":285188},{"id":221506,"n":"Crème lavante mains Fleur d'oranger Bio - 250ml","p":0.79,"u":"2,98 €/L","img":"https://fd2-photos.leclercdrive.fr/image.ashx?id=2684542&use=l&cat=p&typeid=i","cat":284597},{"id":221507,"n":"Infusion nuit tranquille  Elephant - x20 - 30g","p":1.47,"u":"49,00 €/KG","img":"https://fd2-photos.leclercdrive.fr/image.ashx?id=2655647&use=l&cat=p&typeid=i","cat":293234},{"id":221513,"n":"Gel lavant mains Le Petit Marseillais - Olive - 250ml","p":0.99,"img":"https://fd2-photos.leclercdrive.fr/image.ashx?id=2684227&use=l&cat=p&typeid=i","cat":284597},{"id":221596,"n":"Fromage bleu truffe blanche été L'Origine du Goût - 170g","p":5.5,"u":"32,35 €/KG","img":"https://fd2-photos.leclercdrive.fr/image.ashx?id=2817175&use=l&cat=p&typeid=i","cat":314032},{"id":221711,"n":"Queues de langoustines Savigny 400g","p":6.9,"u":"17,25 €/KG","img":"https://fd2-photos.leclercdrive.fr/image.ashx?id=2666186&use=l&cat=p&typeid=i","cat":319787},{"id":221884,"n":"Haricots verts extra fins Bonduelle - 3 x 440g","p":5.82,"u":"4,41 €/KG","img":"https://fd2-photos.leclercdrive.fr/image.ashx?id=2856967&use=l&cat=p&typeid=i","cat":312606},{"id":222027,"n":"Sérum physiologique Prorhinel 2x15cl","p":6.2,"u":"20,67 €/L","img":"https://fd2-photos.leclercdrive.fr/image.ashx?id=2826834&use=l&cat=p&typeid=i","cat":284741},{"id":222056,"n":"Citron vert  1p","p":0.35,"img":"https://fd2-photos.leclercdrive.fr/image.ashx?id=1628331&use=l&cat=p&typeid=i","cat":284356},{"id":222059,"n":"Oranges à déguster  1p","p":0.3,"img":"https://fd2-photos.leclercdrive.fr/image.ashx?id=1629690&use=l&cat=p&typeid=i","cat":284356},{"id":222088,"n":"Poire Conférence 1p","p":0.6,"img":"https://fd2-photos.leclercdrive.fr/image.ashx?id=1636641&use=l&cat=p&typeid=i","cat":284356},{"id":222091,"n":"Pomme Golden  1p","p":0.4,"img":"https://fd2-photos.leclercdrive.fr/image.ashx?id=1630966&use=l&cat=p&typeid=i","cat":284356},{"id":222111,"n":"Radis noir  1p","p":1.29,"img":"https://fd2-photos.leclercdrive.fr/image.ashx?id=578511&use=l&cat=p&typeid=i","cat":284352},{"id":222117,"n":"Poireau  1p","p":0.65,"img":"https://fd2-photos.leclercdrive.fr/image.ashx?id=1632716&use=l&cat=p&typeid=i","cat":284352},{"id":222124,"n":"Courgette  1p","p":0.65,"img":"https://fd2-photos.leclercdrive.fr/image.ashx?id=1631964&use=l&cat=p&typeid=i","cat":284352},{"id":222126,"n":"Courgette ronde  1p","p":1.05,"img":"https://fd2-photos.leclercdrive.fr/image.ashx?id=1631976&use=l&cat=p&typeid=i","cat":284352},{"id":222131,"n":"Poivron doux vert  1p","p":0.99,"img":"https://fd2-photos.leclercdrive.fr/image.ashx?id=1633202&use=l&cat=p&typeid=i","cat":284352},{"id":222134,"n":"Tomate ronde à farcir  1p","p":0.7,"img":"https://fd2-photos.leclercdrive.fr/image.ashx?id=1631239&use=l&cat=p&typeid=i","cat":284352},{"id":222148,"n":"Echalote longue  La pièce","p":0.25,"img":"https://fd2-photos.leclercdrive.fr/image.ashx?id=1631940&use=l&cat=p&typeid=i","cat":284352},{"id":222150,"n":"Oignon jaune  1p","p":0.35,"img":"https://fd2-photos.leclercdrive.fr/image.ashx?id=764178&use=l&cat=p&typeid=i","cat":284352},{"id":222163,"n":"Fruit de la passion 1p","p":1.39,"img":"https://fd2-photos.leclercdrive.fr/image.ashx?id=1633904&use=l&cat=p&typeid=i","cat":284356},{"id":222170,"n":"Citron  1p","p":0.45,"img":"https://fd2-photos.leclercdrive.fr/image.ashx?id=1628602&use=l&cat=p&typeid=i","cat":284356},{"id":222179,"n":"Pomelo rouge 1p","p":0.75,"img":"https://fd2-photos.leclercdrive.fr/image.ashx?id=1636326&use=l&cat=p&typeid=i","cat":284356},{"id":222229,"n":"Pomme Royal Gala  1p","p":0.45,"img":"https://fd2-photos.leclercdrive.fr/image.ashx?id=1630963&use=l&cat=p&typeid=i","cat":284356},{"id":222235,"n":"Pomme Pink Lady  1p","p":0.79,"img":"https://fd2-photos.leclercdrive.fr/image.ashx?id=2121659&use=l&cat=p&typeid=i","cat":284356},{"id":222258,"n":"Avocat  1p","p":1.19,"img":"https://fd2-photos.leclercdrive.fr/image.ashx?id=1633637&use=l&cat=p&typeid=i","cat":284352},{"id":222280,"n":"Aubergine 1p","p":0.89,"img":"https://fd2-photos.leclercdrive.fr/image.ashx?id=1631421&use=l&cat=p&typeid=i","cat":284352},{"id":222289,"n":"Poivron doux rouge  1p","p":0.99,"img":"https://fd2-photos.leclercdrive.fr/image.ashx?id=1633094&use=l&cat=p&typeid=i","cat":284352},{"id":222325,"n":"Ail blanc  1p","p":0.98,"img":"https://fd2-photos.leclercdrive.fr/image.ashx?id=1631469&use=l&cat=p&typeid=i","cat":284352},{"id":222335,"n":"Oignon rouge  1p","p":0.45,"img":"https://fd2-photos.leclercdrive.fr/image.ashx?id=2910419&use=l&cat=p&typeid=i","cat":284352},{"id":222473,"n":"Thé blanc bio Joyce Fraise menthe - 30g","p":2.25,"u":"75,00 €/KG","img":"https://fd2-photos.leclercdrive.fr/image.ashx?id=2924140&use=l&cat=p&typeid=i","cat":293233},{"id":222474,"n":"Thé blanc Bio Joyce  Saveur tarte au citron - 30g","p":2.25,"u":"75,00 €/KG","img":"https://fd2-photos.leclercdrive.fr/image.ashx?id=2651624&use=l&cat=p&typeid=i","cat":293233},{"id":222475,"n":"Thé noir Joyce Bio Earl grey fleuri - 30g","p":2.32,"u":"77,33 €/KG","img":"https://fd2-photos.leclercdrive.fr/image.ashx?id=2651627&use=l&cat=p&typeid=i","cat":293233},{"id":222479,"n":"Pop corn sucre de canne Vico Micro-ondable 240g","p":1.97,"u":"8,21 €/KG","img":"https://fd2-photos.leclercdrive.fr/image.ashx?id=2651585&use=l&cat=p&typeid=i","cat":304249},{"id":222486,"n":"Thé noir bio Joyce Pain d'épices - 30g","p":2.25,"u":"75,00 €/KG","img":"https://fd2-photos.leclercdrive.fr/image.ashx?id=2896651&use=l&cat=p&typeid=i","cat":293233},{"id":222516,"n":"Frites de poulet Maître Coq 800g","p":5.82,"u":"7,28 €/KG","img":"https://fd2-photos.leclercdrive.fr/image.ashx?id=2853931&use=l&cat=p&typeid=i","cat":333684},{"id":222518,"n":"Cubes de poulet Maître Coq Jaune - 450g","p":5.5,"u":"12,22 €/KG","img":"https://fd2-photos.leclercdrive.fr/image.ashx?id=2651936&use=l&cat=p&typeid=i","cat":284336},{"id":222519,"n":"Cubes de poulet Maître Coq Blanc - 450g","p":5.33,"u":"11,84 €/KG","img":"https://fd2-photos.leclercdrive.fr/image.ashx?id=2651939&use=l&cat=p&typeid=i","cat":284336},{"id":222522,"n":"Complément alimentaire Keraphan Keraphane - 180+60 gélules 107g","p":15.89,"u":"148,50 €/KG","img":"https://fd2-photos.leclercdrive.fr/image.ashx?id=2748557&use=l&cat=p&typeid=i","cat":301266},{"id":222582,"n":"Shampoing Restaurateur Eslève Glycolic Gloss - 200ml","p":6.14,"u":"30,70 €/L","img":"https://fd2-photos.leclercdrive.fr/image.ashx?id=2657157&use=l&cat=p&typeid=i","cat":284606},{"id":222583,"n":"Soin Cheveux Lamination Elsève Glycolic Gloss - 200ml","p":6.93,"u":"34,65 €/L","img":"https://fd2-photos.leclercdrive.fr/image.ashx?id=2656796&use=l&cat=p&typeid=i","cat":284608},{"id":222584,"n":"Pâte à tartiner Nutella 220g","p":2.37,"u":"10,77 €/KG","img":"https://fd2-photos.leclercdrive.fr/image.ashx?id=2755216&use=l&cat=p&typeid=i","cat":284481},{"id":222589,"n":"Sérum Soin Sans Rinçage Elsève Glycolic Gloss - 150ml","p":11.48,"u":"76,53 €/L","img":"https://fd2-photos.leclercdrive.fr/image.ashx?id=2656069&use=l&cat=p&typeid=i","cat":284608},{"id":222591,"n":"Soin anti-tâches L'Oréal Paris Bright Reveal SPF50+ - 50ml","p":14.26,"u":"285,20 €/L","img":"https://fd2-photos.leclercdrive.fr/image.ashx?id=2921879&use=l&cat=p&typeid=i","cat":325345},{"id":222594,"n":"Pur jus de raisin Jafaden  90cl","p":2.21,"u":"2,46 €/L","img":"https://fd2-photos.leclercdrive.fr/image.ashx?id=2723183&use=l&cat=p&typeid=i","cat":285435},{"id":222595,"n":"Pur jus d'ananas passion  Jafaden - 90cl","p":2.29,"u":"2,54 €/L","img":"https://fd2-photos.leclercdrive.fr/image.ashx?id=2723189&use=l&cat=p&typeid=i","cat":285435},{"id":222597,"n":"Sérum anti-taches L'Oréal Paris Bright Reveal - 30ml","p":12.41,"u":"413,67 €/L","img":"https://fd2-photos.leclercdrive.fr/image.ashx?id=2865881&use=l&cat=p&typeid=i","cat":325345},{"id":222599,"n":"Sérum correcteur L'Oréal Paris  Age Perfect - 30ml","p":11.97,"pp":7.9,"u":"263,33 €/L","img":"https://fd2-photos.leclercdrive.fr/image.ashx?id=2664491&use=l&cat=p&typeid=i","cat":325345},{"id":222638,"n":"Chocolat pâtissier Nestlé Corsé - 2x200g","p":5.85,"u":"14,63 €/KG","img":"https://fd2-photos.leclercdrive.fr/image.ashx?id=2905654&use=l&cat=p&typeid=i","cat":285562},{"id":222669,"n":"Tablette chocolat L'Atelier Noir biscuit caramel - 170g","p":3.63,"u":"21,35 €/KG","img":"https://fd2-photos.leclercdrive.fr/image.ashx?id=2674294&use=l&cat=p&typeid=i","cat":284497},{"id":222702,"n":"Dentifrice Integral 8 Signal Fraîcheur Intense 75ml","p":2.47,"u":"32,93 €/L","img":"https://fd2-photos.leclercdrive.fr/image.ashx?id=2818196&use=l&cat=p&typeid=i","cat":284612},{"id":222703,"n":"Dentifrice Signal Extra fraîcheur blancheur 75ml","p":2.09,"u":"27,87 €/L","img":"https://fd2-photos.leclercdrive.fr/image.ashx?id=2938328&use=l&cat=p&typeid=i","cat":284612},{"id":222704,"n":"Dentifrice Signal Extra fraîcheur intense - 75ml","p":1.99,"u":"26,53 €/L","img":"https://fd2-photos.leclercdrive.fr/image.ashx?id=2654212&use=l&cat=p&typeid=i","cat":284612},{"id":222718,"n":"Liquide vaisselle & mains Briochin - Ecocert 500ml","p":2.89,"u":"5,78 €/L","img":"https://fd2-photos.leclercdrive.fr/image.ashx?id=3000740&use=l&cat=p&typeid=i","cat":284655},{"id":222740,"n":"Pommes bicolores Eco+ x4","p":0.99,"u":"0,25 €/P","img":"https://fd2-photos.leclercdrive.fr/image.ashx?id=2928210&use=l&cat=p&typeid=i","cat":284356},{"id":222742,"n":"Swiffer wetjet Kit Lavable Système anti-poussière - x1","p":30.48,"pp":18.29,"img":"https://fd2-photos.leclercdrive.fr/image.ashx?id=2927708&use=l&cat=p&typeid=i","cat":325364},{"id":222779,"n":"Eau de javel La Croix Traditionnelle - 1.5L","p":1.4,"u":"0,93 €/L","img":"https://fd2-photos.leclercdrive.fr/image.ashx?id=2667556&use=l&cat=p&typeid=i","cat":284661},{"id":222782,"n":"Adoucissant Soupline Lingettes Voile Sèche-linge Grand air-x20","p":2.77,"u":"0,14 €/P","img":"https://fd2-photos.leclercdrive.fr/image.ashx?id=2654435&use=l&cat=p&typeid=i","cat":325302},{"id":222810,"n":"Complément alimentaire Bion 3 Vitalité 50+ - x90","p":29.12,"img":"https://fd2-photos.leclercdrive.fr/image.ashx?id=2662048&use=l&cat=p&typeid=i","cat":301264},{"id":222818,"n":"Berocca Energie x40 comprimés - 80g","p":16.26,"u":"203,25 €/KG","img":"https://fd2-photos.leclercdrive.fr/image.ashx?id=2654429&use=l&cat=p&typeid=i","cat":301264},{"id":222819,"n":"Berocca Energie Cassis - x45 comprimés - 290g","p":18.02,"u":"62,14 €/KG","img":"https://fd2-photos.leclercdrive.fr/image.ashx?id=2654432&use=l&cat=p&typeid=i","cat":301264},{"id":222820,"n":"Bonbons Haribo Pocket Assortiment mini sachets - 340g","p":2.82,"u":"8,29 €/KG","img":"https://fd2-photos.leclercdrive.fr/image.ashx?id=2654653&use=l&cat=p&typeid=i","cat":304250},{"id":222821,"n":"Complément alimentaire Mag2 Extra fort 24h - x45","p":16.28,"img":"https://fd2-photos.leclercdrive.fr/image.ashx?id=2656072&use=l&cat=p&typeid=i","cat":301264},{"id":222827,"n":"Complément alimentaire Granions Complexe anti-âge - x60 - 54g","p":19.9,"u":"368,52 €/KG","img":"https://fd2-photos.leclercdrive.fr/image.ashx?id=2735953&use=l&cat=p&typeid=i","cat":301266},{"id":222831,"n":"Complément alimentaire Biocyte Hyaluronic forte 300mg x90 53g","p":49.77,"u":"939,06 €/KG","img":"https://fd2-photos.leclercdrive.fr/image.ashx?id=2669313&use=l&cat=p&typeid=i","cat":301266},{"id":222833,"n":"Complément alimentaire Biocyte Collagen express - x45 - 135g","p":13.69,"u":"101,41 €/KG","img":"https://fd2-photos.leclercdrive.fr/image.ashx?id=2655043&use=l&cat=p&typeid=i","cat":301266},{"id":222835,"n":"Supradyn Itensia Efferverscent - x30 - 150g","p":11.9,"u":"79,33 €/KG","img":"https://fd2-photos.leclercdrive.fr/image.ashx?id=2656042&use=l&cat=p&typeid=i","cat":301264},{"id":222845,"n":"Gel douche Le Petit Marseillais Cocombre rose bio - 250ml","p":1.98,"u":"7,92 €/L","img":"https://fd2-photos.leclercdrive.fr/image.ashx?id=2685195&use=l&cat=p&typeid=i","cat":284594},{"id":222852,"n":"Radis roses Notre Jardin 250g","p":2.29,"u":"9,16 €/KG","img":"https://fd2-photos.leclercdrive.fr/image.ashx?id=2657993&use=l&cat=p&typeid=i","cat":284352},{"id":222854,"n":"Lingette lavable Swiffer Wetj Wetjet - Microfibre - x1","p":8.65,"pp":5.19,"img":"https://fd2-photos.leclercdrive.fr/image.ashx?id=2656240&use=l&cat=p&typeid=i","cat":325364},{"id":222898,"n":"Dentifrice Sensodyne Anti-Tâches - 75ml","p":6.21,"u":"82,80 €/L","img":"https://fd2-photos.leclercdrive.fr/image.ashx?id=2997775&use=l&cat=p&typeid=i","cat":284612},{"id":222899,"n":"Dentifrice Sensodyne Email renforcé - 75ml","p":6.76,"u":"90,13 €/L","img":"https://fd2-photos.leclercdrive.fr/image.ashx?id=2997208&use=l&cat=p&typeid=i","cat":284612},{"id":222934,"n":"Rasoirs jetables Gillette Blue 3 - Smooth - x6","p":8.2,"u":"1,37 €/P","img":"https://fd2-photos.leclercdrive.fr/image.ashx?id=2760996&use=l&cat=p&typeid=i","cat":284616},{"id":222958,"n":"Sérum bio So'Bio Etic Anti-âge global - Argan - 30ml","p":19.9,"u":"663,33 €/L","img":"https://fd2-photos.leclercdrive.fr/image.ashx?id=2977480&use=l&cat=p&typeid=i","cat":325345},{"id":222959,"n":"Soin jour bio So'Bio Etic Anti-tâches - Lys - 50ml","p":17.09,"u":"341,80 €/L","img":"https://fd2-photos.leclercdrive.fr/image.ashx?id=3000207&use=l&cat=p&typeid=i","cat":325345},{"id":222964,"n":"Colin d'Alaska MSC Pêche Océan Façon Fish & Chips - 400g","p":2.69,"u":"6,73 €/KG","img":"https://fd2-photos.leclercdrive.fr/image.ashx?id=2856211&use=l&cat=p&typeid=i","cat":319788},{"id":223004,"n":"Jambon supérieur Tradilège Sans nitrite 8 tranches - 280g","p":3.7,"u":"13,21 €/KG","img":"https://fd2-photos.leclercdrive.fr/image.ashx?id=2994399&use=l&cat=p&typeid=i","cat":316009},{"id":223023,"n":"Après-shampooing Herbal Essences - Aloe - 200ml","p":4.15,"u":"20,75 €/L","img":"https://fd2-photos.leclercdrive.fr/image.ashx?id=2759739&use=l&cat=p&typeid=i","cat":284607},{"id":223024,"n":"Shampooing Herbal Essences Aloe - 250ml","p":3.45,"u":"13,80 €/L","img":"https://fd2-photos.leclercdrive.fr/image.ashx?id=2748671&use=l&cat=p&typeid=i","cat":284606},{"id":223030,"n":"Après-shampooing Herbal Essences - Coconut - 200ml","p":3.39,"u":"16,95 €/L","img":"https://fd2-photos.leclercdrive.fr/image.ashx?id=2737813&use=l&cat=p&typeid=i","cat":284606},{"id":223157,"n":"Vinaigre blanc 5L - 10°","p":3.57,"u":"0,71 €/L","img":"https://fd2-photos.leclercdrive.fr/image.ashx?id=2659789&use=l&cat=p&typeid=i","cat":298543},{"id":223401,"n":"Bâtonnets Manger Main Bio Yooji Fraise banane avoine - 150g","p":4.2,"u":"28,00 €/KG","img":"https://fd2-photos.leclercdrive.fr/image.ashx?id=2662475&use=l&cat=p&typeid=i","cat":290631},{"id":223423,"n":"Donuts Curly Cacahuète - 190g","p":1.68,"u":"8,84 €/KG","img":"https://fd2-photos.leclercdrive.fr/image.ashx?id=2662370&use=l&cat=p&typeid=i","cat":284449},{"id":223446,"n":"Shampoing démêlant Fructis Antipelliculaire - 300ml","p":3.72,"u":"12,40 €/L","img":"https://fd2-photos.leclercdrive.fr/image.ashx?id=2669277&use=l&cat=p&typeid=i","cat":284606},{"id":223520,"n":"Biscuit sablé bio  Nocciolata Fourré pâte à tartiner - 250g","p":3.38,"u":"13,52 €/KG","img":"https://fd2-photos.leclercdrive.fr/image.ashx?id=2664244&use=l&cat=p&typeid=i","cat":284488},{"id":223521,"n":"Biscuit bio  Nocciolata bianca Fourré pâte à tartiner - 250g","p":3.44,"u":"13,76 €/KG","img":"https://fd2-photos.leclercdrive.fr/image.ashx?id=2664554&use=l&cat=p&typeid=i","cat":284487},{"id":223528,"n":"Culotte menstruelle Feel Natural - Noir - Taille XS","p":13.08,"pp":7.85,"img":"https://fd2-photos.leclercdrive.fr/image.ashx?id=2795216&use=l&cat=p&typeid=i","cat":284624},{"id":223533,"n":"Culotte menstruelle Feel Natural - Noir - Taille XL","p":13.08,"pp":7.85,"img":"https://fd2-photos.leclercdrive.fr/image.ashx?id=2830642&use=l&cat=p&typeid=i","cat":284624},{"id":223534,"n":"Culotte menstruelle Feel Natural - Noir - Taille XXL","p":13.08,"pp":7.85,"img":"https://fd2-photos.leclercdrive.fr/image.ashx?id=2664503&use=l&cat=p&typeid=i","cat":284624},{"id":223606,"n":"Crème Douche Nourrissante Cadum Miel de Fleurs Bio - 750ml","p":4.26,"u":"5,68 €/L","img":"https://fd2-photos.leclercdrive.fr/image.ashx?id=2805465&use=l&cat=p&typeid=i","cat":284594},{"id":223607,"n":"Gel Corps et Cheveux Cadum Hypoallergénique - 750ml","p":4.84,"u":"6,45 €/L","img":"https://fd2-photos.leclercdrive.fr/image.ashx?id=2802512&use=l&cat=p&typeid=i","cat":284594},{"id":223608,"n":"Crème Douche Tolérance Cadum Sans Sulfate - 400ml","p":2.69,"u":"6,73 €/L","img":"https://fd2-photos.leclercdrive.fr/image.ashx?id=2696007&use=l&cat=p&typeid=i","cat":284594},{"id":223612,"n":"Désodorisant Febreze Petit coin Linge frais - 7.5ml","p":3.53,"u":"441,25 €/L","img":"https://fd2-photos.leclercdrive.fr/image.ashx?id=2955233&use=l&cat=p&typeid=i","cat":311628},{"id":223613,"n":"Désodorisant Febreze Petit coin Coton - 7.5ml","p":3.2,"u":"400,00 €/L","img":"https://fd2-photos.leclercdrive.fr/image.ashx?id=2955236&use=l&cat=p&typeid=i","cat":311628},{"id":223631,"n":"Huile précieuse Gliss Hair Repair - Schwarzkopf - 75ml","p":6.43,"u":"85,73 €/L","img":"https://fd2-photos.leclercdrive.fr/image.ashx?id=2665274&use=l&cat=p&typeid=i","cat":284608},{"id":223648,"n":"Rasoir Gillette Skinguard + 1 recharge - Aloe vera - x1","p":10.59,"img":"https://fd2-photos.leclercdrive.fr/image.ashx?id=2665499&use=l&cat=p&typeid=i","cat":284616},{"id":223649,"n":"Shampooing Head & shoulder 2-en-1 - Classic - 300ml","p":4.69,"u":"15,63 €/L","img":"https://fd2-photos.leclercdrive.fr/image.ashx?id=2863003&use=l&cat=p&typeid=i","cat":284606},{"id":223650,"n":"Shampooing Head & shoulder 1in1 - Classic - 330ml","p":4.84,"u":"14,67 €/L","img":"https://fd2-photos.leclercdrive.fr/image.ashx?id=2859962&use=l&cat=p&typeid=i","cat":284606},{"id":223666,"n":"Biberon tétine ronde Dodie Anti-colique Bleu jungle 330ml","p":5.68,"img":"https://fd2-photos.leclercdrive.fr/image.ashx?id=2664833&use=l&cat=p&typeid=i","cat":290386},{"id":223668,"n":"Sucettes anatomiques Dodie Duo girly - +6 mois - x2","p":6.01,"u":"3,01 €/P","img":"https://fd2-photos.leclercdrive.fr/image.ashx?id=2665409&use=l&cat=p&typeid=i","cat":290430},{"id":223669,"n":"Sucettes anatomiques Dodie Duo nuit - +18 mois - x2","p":4.9,"u":"2,45 €/P","img":"https://fd2-photos.leclercdrive.fr/image.ashx?id=2664968&use=l&cat=p&typeid=i","cat":290430},{"id":223670,"n":"Berocca Energie Orange - x45- 290g","p":17.99,"u":"62,03 €/KG","img":"https://fd2-photos.leclercdrive.fr/image.ashx?id=2664830&use=l&cat=p&typeid=i","cat":301264},{"id":223674,"n":"Gel anti-douleur Granions Décontractant musculaire 100ml","p":9.49,"u":"94,90 €/L","img":"https://fd2-photos.leclercdrive.fr/image.ashx?id=2666198&use=l&cat=p&typeid=i","cat":291163},{"id":223850,"n":"Déodorant Spray Femme Narta Anti-Trace Blanche 48h - 200ml","p":2.35,"u":"11,75 €/L","img":"https://fd2-photos.leclercdrive.fr/image.ashx?id=2678589&use=l&cat=p&typeid=i","cat":284595},{"id":223851,"n":"Déodorant Spray Homme 48h Narta Fraîcheur Classique - 200mL","p":2.38,"u":"11,90 €/L","img":"https://fd2-photos.leclercdrive.fr/image.ashx?id=2675511&use=l&cat=p&typeid=i","cat":284618},{"id":223853,"n":"Déodorant Spray Femme Narta Fraîcheur Cologne 48h - 200ml","p":2.35,"u":"11,75 €/L","img":"https://fd2-photos.leclercdrive.fr/image.ashx?id=2678592&use=l&cat=p&typeid=i","cat":284595},{"id":223855,"n":"Déodorant Spray Homme 48h Narta Anti-Traces Blanches - 200ml","p":2.36,"u":"11,80 €/L","img":"https://fd2-photos.leclercdrive.fr/image.ashx?id=2681883&use=l&cat=p&typeid=i","cat":284618},{"id":223857,"n":"Déodorant Spray Femme Narta 48h Sans Alcool - 200ML","p":2.35,"u":"11,75 €/L","img":"https://fd2-photos.leclercdrive.fr/image.ashx?id=2680242&use=l&cat=p&typeid=i","cat":284595},{"id":223893,"n":"Lingettes de nettoyage Swiffer Wet Jet - x12","p":7.19,"pp":4.31,"u":"0,36 €/P","img":"https://fd2-photos.leclercdrive.fr/image.ashx?id=2948525&use=l&cat=p&typeid=i","cat":325364},{"id":223925,"n":"Riz Long grain Ben's original Vrac 10mn - 1kg","p":2.97,"u":"2,97 €/KG","img":"https://fd2-photos.leclercdrive.fr/image.ashx?id=2990961&use=l&cat=p&typeid=i","cat":284428},{"id":224064,"n":"Mini bâtonnets surimi MSC Fleury Michon - 230g","p":2.48,"u":"10,78 €/KG","img":"https://fd2-photos.leclercdrive.fr/image.ashx?id=2936914&use=l&cat=p&typeid=i","cat":285189},{"id":224082,"n":"Biscuits croquants Délichoc Chocolat au lait pocket - 250g","p":3.06,"u":"12,24 €/KG","img":"https://fd2-photos.leclercdrive.fr/image.ashx?id=2682192&use=l&cat=p&typeid=i","cat":284488},{"id":224140,"n":"Bun's jambon ketchup McCain 460g","p":3.48,"u":"7,57 €/KG","img":"https://fd2-photos.leclercdrive.fr/image.ashx?id=2741180&use=l&cat=p&typeid=i","cat":319822},{"id":224141,"n":"Bun's bolognaise McCain 460g","p":3.68,"u":"8,00 €/KG","img":"https://fd2-photos.leclercdrive.fr/image.ashx?id=2750675&use=l&cat=p&typeid=i","cat":319822},{"id":224143,"n":"Bun's Burger McCain 460g","p":3.68,"u":"8,00 €/KG","img":"https://fd2-photos.leclercdrive.fr/image.ashx?id=2741183&use=l&cat=p&typeid=i","cat":319822},{"id":224144,"n":"Bun's jambon 4 fromages McCain 460g","p":4.3,"u":"9,35 €/KG","img":"https://fd2-photos.leclercdrive.fr/image.ashx?id=2668111&use=l&cat=p&typeid=i","cat":319822},{"id":224263,"n":"Monster Energy zéro sucres 50cl","p":1.55,"u":"3,10 €/L","img":"https://fd2-photos.leclercdrive.fr/image.ashx?id=2669358&use=l&cat=p&typeid=i","cat":284533},{"id":224350,"n":"Mascara L'Oréal Panorama - Noir - x1","p":11.95,"pp":7.89,"img":"https://fd2-photos.leclercdrive.fr/image.ashx?id=2973538&use=l&cat=p&typeid=i","cat":287029},{"id":224353,"n":"Eosine Mercurochrome 2% Solution aquese - 100ml","p":3.55,"u":"35,50 €/L","img":"https://fd2-photos.leclercdrive.fr/image.ashx?id=2670710&use=l&cat=p&typeid=i","cat":284630},{"id":224359,"n":"Crème Visage Homme Nivea Men Anti-taches Power 2en1 - 50ml","p":13.4,"pp":8.84,"u":"176,80 €/L","img":"https://fd2-photos.leclercdrive.fr/image.ashx?id=3014617&use=l&cat=p&typeid=i","cat":284622},{"id":224360,"n":"Sérum Visage Homme Nivea Men Anti-taches Power 2en1 - 30ml","p":14.62,"pp":9.65,"u":"321,67 €/L","img":"https://fd2-photos.leclercdrive.fr/image.ashx?id=2944915&use=l&cat=p&typeid=i","cat":284622},{"id":224361,"n":"Lait Corps Anti-taches  Nivea Anti-vergeture Luminous - 200ml","p":11.67,"u":"58,35 €/L","img":"https://fd2-photos.leclercdrive.fr/image.ashx?id=2689049&use=l&cat=p&typeid=i","cat":325349},{"id":224362,"n":"Huile Corps Anti-taches  Nivea Anti-vergeture Luminous - 100ml","p":12.48,"u":"124,80 €/L","img":"https://fd2-photos.leclercdrive.fr/image.ashx?id=2689052&use=l&cat=p&typeid=i","cat":325349},{"id":224363,"n":"Piles alcalines Eco+ LR03 - x4","p":0.7,"u":"0,18 €/P","img":"https://fd2-photos.leclercdrive.fr/image.ashx?id=2714829&use=l&cat=p&typeid=i","cat":300572},{"id":224364,"n":"Piles alcalines Eco+ LR6 - x4","p":0.7,"u":"0,18 €/P","img":"https://fd2-photos.leclercdrive.fr/image.ashx?id=2714832&use=l&cat=p&typeid=i","cat":300572},{"id":224423,"n":"Concentré Sodastream Ice Tea - 440ml","p":5.99,"pp":4.99,"u":"11,34 €/L","img":"https://fd2-photos.leclercdrive.fr/image.ashx?id=2670917&use=l&cat=p&typeid=i","cat":295020},{"id":224706,"n":"Gnocchi star à poêler Lustucru  300g","p":1.7,"u":"5,67 €/KG","img":"https://fd2-photos.leclercdrive.fr/image.ashx?id=2921630&use=l&cat=p&typeid=i","cat":333682},{"id":224717,"n":"Gnocchi roll à poêler Lustucru Cheddar bacon - 280g","p":2.43,"u":"8,68 €/KG","img":"https://fd2-photos.leclercdrive.fr/image.ashx?id=2995121&use=l&cat=p&typeid=i","cat":333682},{"id":224762,"n":"Infusion Elephant  Douce elimination - x20 - 36g","p":2.22,"u":"61,67 €/KG","img":"https://fd2-photos.leclercdrive.fr/image.ashx?id=2677633&use=l&cat=p&typeid=i","cat":293234},{"id":224782,"n":"Madeleine Bonne Maman Pur beurre - 600g","p":3.65,"u":"6,08 €/KG","img":"https://fd2-photos.leclercdrive.fr/image.ashx?id=2986287&use=l&cat=p&typeid=i","cat":284492},{"id":224783,"n":"Liqueur Rivière du Mat L'Onctueux - 70cl","p":13.61,"u":"19,44 €/L","img":"https://fd2-photos.leclercdrive.fr/image.ashx?id=2693539&use=l&cat=p&typeid=i","cat":286032},{"id":224787,"n":"Liqueur Rivière du Mat Vanille Bourbon 17° - 70cl","p":12.9,"u":"18,43 €/L","img":"https://fd2-photos.leclercdrive.fr/image.ashx?id=2740001&use=l&cat=p&typeid=i","cat":286032},{"id":224805,"n":"Biscuits Kinder Kinderini Nature et cacao - 250g","p":2.9,"u":"11,60 €/KG","img":"https://fd2-photos.leclercdrive.fr/image.ashx?id=2708372&use=l&cat=p&typeid=i","cat":284488},{"id":224808,"n":"Riz Citron Ben's original  Express 2mn - 220g","p":1.29,"u":"5,86 €/KG","img":"https://fd2-photos.leclercdrive.fr/image.ashx?id=2906442&use=l&cat=p&typeid=i","cat":287600},{"id":224810,"n":"Riz Tomate Ben's original  Express 2mn - 220g","p":1.3,"u":"5,91 €/KG","img":"https://fd2-photos.leclercdrive.fr/image.ashx?id=2995295&use=l&cat=p&typeid=i","cat":287600},{"id":224818,"n":"Riz Basmati Ben's original  Express 2mn - 220g","p":1.28,"u":"5,82 €/KG","img":"https://fd2-photos.leclercdrive.fr/image.ashx?id=2995292&use=l&cat=p&typeid=i","cat":287600},{"id":224830,"n":"Riz Complet Ben's original Vrac 12mn - 1kg","p":4.3,"u":"4,30 €/KG","img":"https://fd2-photos.leclercdrive.fr/image.ashx?id=2886307&use=l&cat=p&typeid=i","cat":284428},{"id":224839,"n":"Riz a la Creole Ben's original  Express 2mn - 220g","p":1.75,"u":"7,95 €/KG","img":"https://fd2-photos.leclercdrive.fr/image.ashx?id=2886265&use=l&cat=p&typeid=i","cat":287600},{"id":224841,"n":"Riz a l'Indienne Ben's original  Express 2mn - 220g","p":1.76,"u":"8,00 €/KG","img":"https://fd2-photos.leclercdrive.fr/image.ashx?id=2886268&use=l&cat=p&typeid=i","cat":287600},{"id":224872,"n":"Riz Complet Ben's original  Express 2mn - 220g","p":1.54,"u":"7,00 €/KG","img":"https://fd2-photos.leclercdrive.fr/image.ashx?id=2886969&use=l&cat=p&typeid=i","cat":287600},{"id":224873,"n":"Riz Paella Ben's original Express 2mn - 220g","p":1.49,"u":"6,77 €/KG","img":"https://fd2-photos.leclercdrive.fr/image.ashx?id=2995310&use=l&cat=p&typeid=i","cat":287600},{"id":224874,"n":"Riz Champignons Ben's original Express 2mn - 220g","p":1.32,"u":"6,00 €/KG","img":"https://fd2-photos.leclercdrive.fr/image.ashx?id=2995307&use=l&cat=p&typeid=i","cat":287600},{"id":224879,"n":"Riz Curry Ben's original Express 2mn - 220g","p":1.43,"u":"6,50 €/KG","img":"https://fd2-photos.leclercdrive.fr/image.ashx?id=2906433&use=l&cat=p&typeid=i","cat":287600},{"id":224880,"n":"Riz aux Légumes Ben's original Express 2mn - 220g","p":1.44,"u":"6,55 €/KG","img":"https://fd2-photos.leclercdrive.fr/image.ashx?id=2906430&use=l&cat=p&typeid=i","cat":287600},{"id":224882,"n":"Riz Long grain Ben's original  Sachet cuisson 10mn - 1kg","p":3.0,"u":"3,00 €/KG","img":"https://fd2-photos.leclercdrive.fr/image.ashx?id=2957272&use=l&cat=p&typeid=i","cat":284428},{"id":224888,"n":"Riz Long grain Ben's original Vrac 20mn - 1kg","p":3.36,"u":"3,36 €/KG","img":"https://fd2-photos.leclercdrive.fr/image.ashx?id=2886301&use=l&cat=p&typeid=i","cat":284428},{"id":224931,"n":"Boisson soja Bjorg Bio Proteines - 1L","p":2.57,"u":"2,57 €/L","img":"https://fd2-photos.leclercdrive.fr/image.ashx?id=2939469&use=l&cat=p&typeid=i","cat":316067},{"id":224932,"n":"Boisson végétale Bjorg Bio noisettes sans sucres - 1L","p":2.81,"u":"2,81 €/L","img":"https://fd2-photos.leclercdrive.fr/image.ashx?id=2939466&use=l&cat=p&typeid=i","cat":316067},{"id":224933,"n":"Infusions Elephant Coffret découverte x50 - 89g","p":9.5,"pp":6.65,"u":"74,72 €/KG","img":"https://fd2-photos.leclercdrive.fr/image.ashx?id=2834839&use=l&cat=p&typeid=i","cat":293234},{"id":224937,"n":"Plat en morceaux Bledina 200g","p":2.51,"u":"12,55 €/KG","img":"https://fd2-photos.leclercdrive.fr/image.ashx?id=2866298&use=l&cat=p&typeid=i","cat":312239},{"id":224938,"n":"Liqueur au rhum Valois & Cie Mangue & abricot - 70cl","p":18.8,"u":"26,86 €/L","img":"https://fd2-photos.leclercdrive.fr/image.ashx?id=2954803&use=l&cat=p&typeid=i","cat":284550},{"id":224939,"n":"Liqueur au rhum Valoie & Cie FRamboise - 70cl","p":18.8,"u":"26,86 €/L","img":"https://fd2-photos.leclercdrive.fr/image.ashx?id=2954806&use=l&cat=p&typeid=i","cat":284550},{"id":224940,"n":"Liqueur au rhum Valois & Cie Ananas & passion - 70cl","p":18.8,"u":"26,86 €/L","img":"https://fd2-photos.leclercdrive.fr/image.ashx?id=2954815&use=l&cat=p&typeid=i","cat":284550},{"id":224976,"n":"Shampooing Kératine Ogx Du brésil Cheveux frisés 385ml","p":6.68,"u":"17,35 €/L","img":"https://fd2-photos.leclercdrive.fr/image.ashx?id=2805075&use=l&cat=p&typeid=i","cat":284606},{"id":224980,"n":"Après-shamppoing Kératine OGX Du Brésil Cheveux frisés 385ml","p":7.52,"u":"19,53 €/L","img":"https://fd2-photos.leclercdrive.fr/image.ashx?id=2805078&use=l&cat=p&typeid=i","cat":284607},{"id":225052,"n":"Dentifrice Oral-B 3D White Charbon - 3x75ml","p":8.81,"u":"39,16 €/L","img":"https://fd2-photos.leclercdrive.fr/image.ashx?id=2676228&use=l&cat=p&typeid=i","cat":284612},{"id":225213,"n":"Thé Matcha Energie Yogi Bio x15 - 27g","p":2.39,"u":"88,52 €/KG","img":"https://fd2-photos.leclercdrive.fr/image.ashx?id=2677495&use=l&cat=p&typeid=i","cat":293234},{"id":225214,"n":"Infusion Yogi bio  Gingembre orange - x15 - 27g","p":2.48,"u":"91,85 €/KG","img":"https://fd2-photos.leclercdrive.fr/image.ashx?id=2677492&use=l&cat=p&typeid=i","cat":293234},{"id":225217,"n":"Infusion Nuit Calme Yogi Bio x15 - 27g","p":2.4,"u":"88,89 €/KG","img":"https://fd2-photos.leclercdrive.fr/image.ashx?id=2677486&use=l&cat=p&typeid=i","cat":293234},{"id":225250,"n":"Recettes du Marché Tramier  Marinade Citron & Thym 150g","p":2.83,"u":"18,87 €/KG","img":"https://fd2-photos.leclercdrive.fr/image.ashx?id=2882617&use=l&cat=p&typeid=i","cat":284458},{"id":225253,"n":"Recettes du Marché Tramier  Marinade Piment & Paprika 150g","p":2.82,"u":"18,80 €/L","img":"https://fd2-photos.leclercdrive.fr/image.ashx?id=2882614&use=l&cat=p&typeid=i","cat":284450},{"id":225332,"n":"Complément alimentaire Vitavea Gummies sommeil","p":9.8,"u":"0,33 €/P","img":"https://fd2-photos.leclercdrive.fr/image.ashx?id=2744899&use=l&cat=p&typeid=i","cat":313217},{"id":225441,"n":"Fusilli au poulet Fleury Michon Sauce champignons - 280g","p":2.74,"u":"9,79 €/KG","img":"https://fd2-photos.leclercdrive.fr/image.ashx?id=3003233&use=l&cat=p&typeid=i","cat":333665},{"id":225445,"n":"Les tranches Fleury Michon Pois chiches x4 - 120g","p":2.0,"u":"16,67 €/KG","img":"https://fd2-photos.leclercdrive.fr/image.ashx?id=2902007&use=l&cat=p&typeid=i","cat":316036},{"id":225446,"n":"Les tranches Fleury Michon Lentilles corail  x4 - 120g","p":2.0,"u":"16,67 €/KG","img":"https://fd2-photos.leclercdrive.fr/image.ashx?id=2900905&use=l&cat=p&typeid=i","cat":316036},{"id":225447,"n":"Les tranches Fleury Michon Haricots blancs x4 - 120g","p":2.0,"u":"16,67 €/KG","img":"https://fd2-photos.leclercdrive.fr/image.ashx?id=2902010&use=l&cat=p&typeid=i","cat":316036},{"id":225461,"n":"Déodorant Bille Homme 48h Narta Anti-traces - 50ml","p":2.35,"u":"47,00 €/L","img":"https://fd2-photos.leclercdrive.fr/image.ashx?id=2681859&use=l&cat=p&typeid=i","cat":284618},{"id":225463,"n":"Déodorant Bille Homme 48h Narta Fraîcheur Polaire - 50ml","p":2.37,"u":"47,40 €/L","img":"https://fd2-photos.leclercdrive.fr/image.ashx?id=2681865&use=l&cat=p&typeid=i","cat":284618},{"id":225465,"n":"Déodorant Bille Femme Narta Anti-Traces 48h - 50ml","p":2.36,"u":"47,20 €/L","img":"https://fd2-photos.leclercdrive.fr/image.ashx?id=2681871&use=l&cat=p&typeid=i","cat":284595},{"id":225466,"n":"Déodorant Bille Femme Narta Anti-Traces Sans alcool - 50ml","p":2.35,"u":"47,00 €/L","img":"https://fd2-photos.leclercdrive.fr/image.ashx?id=2681874&use=l&cat=p&typeid=i","cat":284595},{"id":225467,"n":"Déodorant Bille Homme 48h Narta Invisible Sans Alcool - 50ml","p":4.36,"u":"87,20 €/L","img":"https://fd2-photos.leclercdrive.fr/image.ashx?id=2681877&use=l&cat=p&typeid=i","cat":284618},{"id":225468,"n":"Déodorant Bille Homme 48h Narta Anti-Traces Blanches - 50ml","p":2.35,"u":"47,00 €/L","img":"https://fd2-photos.leclercdrive.fr/image.ashx?id=2681886&use=l&cat=p&typeid=i","cat":284618},{"id":225614,"n":"Désinfectant Sanytol Eucalyptus - Multi-usage 500ml","p":2.07,"u":"4,14 €/L","img":"https://fd2-photos.leclercdrive.fr/image.ashx?id=2894800&use=l&cat=p&typeid=i","cat":325357},{"id":225615,"n":"Chips NRT Sel du Morbihan - 125g","p":1.79,"u":"14,32 €/KG","img":"https://fd2-photos.leclercdrive.fr/image.ashx?id=2771432&use=l&cat=p&typeid=i","cat":284447},{"id":225616,"n":"Chips NRT Piment d'espelette - 125g","p":1.99,"u":"15,92 €/KG","img":"https://fd2-photos.leclercdrive.fr/image.ashx?id=2771435&use=l&cat=p&typeid=i","cat":284447},{"id":225617,"n":"Désinfectant Sanytol Pamplemousse Multi-usage 500ml","p":2.7,"u":"5,40 €/L","img":"https://fd2-photos.leclercdrive.fr/image.ashx?id=2682144&use=l&cat=p&typeid=i","cat":325357},{"id":225618,"n":"Chips NRT Herbes de provence - 125g","p":1.99,"u":"15,92 €/KG","img":"https://fd2-photos.leclercdrive.fr/image.ashx?id=2771438&use=l&cat=p&typeid=i","cat":284447},{"id":225619,"n":"Désinfectant nettoyant Sanytol Multi-surfaces - Eucalyptus 1L","p":2.12,"u":"2,12 €/L","img":"https://fd2-photos.leclercdrive.fr/image.ashx?id=2866319&use=l&cat=p&typeid=i","cat":284907},{"id":225623,"n":"Lingettes optiques - Nettoyant  lunettes x30","p":1.29,"u":"0,04 €/P","img":"https://fd2-photos.leclercdrive.fr/image.ashx?id=2681539&use=l&cat=p&typeid=i","cat":288862},{"id":225645,"n":"Crêpes au caramel Whaou x8 - 256g","p":2.37,"u":"9,26 €/KG","img":"https://fd2-photos.leclercdrive.fr/image.ashx?id=2962869&use=l&cat=p&typeid=i","cat":284494},{"id":225655,"n":"Huile d'olive Terra Delyssa Vierge extra - 75cl","p":8.59,"u":"11,45 €/L","img":"https://fd2-photos.leclercdrive.fr/image.ashx?id=2686153&use=l&cat=p&typeid=i","cat":284453},{"id":225657,"n":"Mon Huile d'Olive Tramier  Subtile 1l","p":11.41,"u":"11,41 €/L","img":"https://fd2-photos.leclercdrive.fr/image.ashx?id=2834047&use=l&cat=p&typeid=i","cat":284453},{"id":225662,"n":"Purée lisse petits pois Yooji Bio - 4 mois - 400g","p":3.17,"u":"7,93 €/KG","img":"https://fd2-photos.leclercdrive.fr/image.ashx?id=2683187&use=l&cat=p&typeid=i","cat":319805},{"id":225666,"n":"Brochettes boeuf fromage Tables du Monde x6 - 226g","p":5.99,"u":"26,50 €/KG","img":"https://fd2-photos.leclercdrive.fr/image.ashx?id=2682021&use=l&cat=p&typeid=i","cat":319774},{"id":225709,"n":"Piège lumineux Raid Essentials Diffuseur - Insectes - x1","p":12.81,"img":"https://fd2-photos.leclercdrive.fr/image.ashx?id=2911549&use=l&cat=p&typeid=i","cat":298368},{"id":225732,"n":"Bonbons Haribo méga fête Assortiment mini sachets - 880g","p":8.38,"u":"9,52 €/KG","img":"https://fd2-photos.leclercdrive.fr/image.ashx?id=2984961&use=l&cat=p&typeid=i","cat":304250},{"id":225755,"n":"Crème dépilatoire Veet Men Peaux sensibles - 400ml","p":8.29,"u":"20,73 €/L","img":"https://fd2-photos.leclercdrive.fr/image.ashx?id=2785448&use=l&cat=p&typeid=i","cat":284617},{"id":225773,"n":"Mouchoirs Lotus Sensitive - x110","p":2.33,"u":"0,02 €/P","img":"https://fd2-photos.leclercdrive.fr/image.ashx?id=2684296&use=l&cat=p&typeid=i","cat":284638},{"id":225774,"n":"Rasoir Gillette Fusion + 1 recharge","p":9.74,"img":"https://fd2-photos.leclercdrive.fr/image.ashx?id=2737303&use=l&cat=p&typeid=i","cat":284616},{"id":225780,"n":"Dentifrice Sanogyl Biome Protège gencive - 75ml","p":4.87,"u":"64,93 €/L","img":"https://fd2-photos.leclercdrive.fr/image.ashx?id=2684152&use=l&cat=p&typeid=i","cat":284612},{"id":225786,"n":"Lingettes Intima Regul'Active - x20","p":2.64,"u":"0,13 €/P","img":"https://fd2-photos.leclercdrive.fr/image.ashx?id=2689787&use=l&cat=p&typeid=i","cat":284627},{"id":225789,"n":"Bandes de cire Veet Maillot - x16","p":4.89,"u":"0,31 €/P","img":"https://fd2-photos.leclercdrive.fr/image.ashx?id=2865662&use=l&cat=p&typeid=i","cat":325351},{"id":225790,"n":"Gel Intima Régulateur - 500ml","p":8.48,"u":"16,96 €/L","img":"https://fd2-photos.leclercdrive.fr/image.ashx?id=2889274&use=l&cat=p&typeid=i","cat":284627},{"id":225793,"n":"Liquide vaisselle Paic Acti Froid - Menthe - 500ml","p":2.47,"u":"4,94 €/L","img":"https://fd2-photos.leclercdrive.fr/image.ashx?id=2684335&use=l&cat=p&typeid=i","cat":284655},{"id":225794,"n":"Gle intime Mucogyne Non-hormonal x8 unidoses 40ml","p":13.09,"u":"327,25 €/L","img":"https://fd2-photos.leclercdrive.fr/image.ashx?id=2913295&use=l&cat=p&typeid=i","cat":328622},{"id":225796,"n":"Crème Créaline DS+crème Bioderma - Soin apaisant 40ml","p":10.99,"u":"274,75 €/L","img":"https://fd2-photos.leclercdrive.fr/image.ashx?id=2683775&use=l&cat=p&typeid=i","cat":291171},{"id":225798,"n":"Crème hydraliane SVR Hydratation intense - 50ml","p":11.99,"u":"239,80 €/L","img":"https://fd2-photos.leclercdrive.fr/image.ashx?id=2968355&use=l&cat=p&typeid=i","cat":291171},{"id":225819,"n":"Canderel liquide 200 ml","p":2.54,"u":"12,70 €/L","img":"https://fd2-photos.leclercdrive.fr/image.ashx?id=2812828&use=l&cat=p&typeid=i","cat":324846},{"id":225869,"n":"Blanc de poulet nature Herta - 4 tranches - 120g","p":1.67,"u":"13,92 €/KG","img":"https://fd2-photos.leclercdrive.fr/image.ashx?id=2684961&use=l&cat=p&typeid=i","cat":316010},{"id":225891,"n":"Bière blonde 1664 5,5° - 18x25cl","p":11.4,"pp":8.55,"u":"1,90 €/L","img":"https://fd2-photos.leclercdrive.fr/image.ashx?id=2684931&use=l&cat=p&typeid=i","cat":334873},{"id":225931,"n":"Tuiles Monster Munch  Crazy barbecue - 150g","p":1.9,"u":"12,67 €/KG","img":"https://fd2-photos.leclercdrive.fr/image.ashx?id=2923993&use=l&cat=p&typeid=i","cat":287899},{"id":225947,"n":"Bière blonde 1664 5,5° 24x25cl","p":14.14,"u":"2,36 €/L","img":"https://fd2-photos.leclercdrive.fr/image.ashx?id=2686597&use=l&cat=p&typeid=i","cat":334873},{"id":225951,"n":"Riz tandoori Jardin Bio bio 220g","p":2.96,"u":"13,45 €/KG","img":"https://fd2-photos.leclercdrive.fr/image.ashx?id=2686048&use=l&cat=p&typeid=i","cat":284953},{"id":225963,"n":"Petit beurre fourrés Jardin Bio Bio - 197g","p":2.86,"u":"14,52 €/KG","img":"https://fd2-photos.leclercdrive.fr/image.ashx?id=2859452&use=l&cat=p&typeid=i","cat":284487},{"id":225969,"n":"Cookie Jardin Bio Bio Pepites de chocolat - 175g","p":2.8,"u":"16,00 €/KG","img":"https://fd2-photos.leclercdrive.fr/image.ashx?id=2963208&use=l&cat=p&typeid=i","cat":325066},{"id":226036,"n":"Parfum de linge Lenor Unstoppable aérien x19 235g","p":6.64,"u":"28,26 €/KG","img":"https://fd2-photos.leclercdrive.fr/image.ashx?id=2863018&use=l&cat=p&typeid=i","cat":325302},{"id":226108,"n":"Chocolat Nesquik 800g","p":4.69,"u":"5,86 €/KG","img":"https://fd2-photos.leclercdrive.fr/image.ashx?id=3005377&use=l&cat=p&typeid=i","cat":293235},{"id":226111,"n":"Muesli  Grainea Chocolat noir - 500g","p":2.27,"u":"4,54 €/KG","img":"https://fd2-photos.leclercdrive.fr/image.ashx?id=2931859&use=l&cat=p&typeid=i","cat":309512},{"id":226113,"n":"Brioches Pitch Pépites de chocolats -300g","p":2.29,"u":"7,63 €/KG","img":"https://fd2-photos.leclercdrive.fr/image.ashx?id=2687872&use=l&cat=p&typeid=i","cat":293505},{"id":226115,"n":"Gourde compotes Pom'potes 5 fruits jaunes - 4x90g","p":2.4,"u":"6,67 €/KG","img":"https://fd2-photos.leclercdrive.fr/image.ashx?id=2991825&use=l&cat=p&typeid=i","cat":284508},{"id":226122,"n":"Biscuits Delacre Cigarettes Russes - 230g","p":1.78,"u":"7,74 €/KG","img":"https://fd2-photos.leclercdrive.fr/image.ashx?id=2688833&use=l&cat=p&typeid=i","cat":284490},{"id":226134,"n":"Gel wc canard Fresh disc 1p","p":2.94,"img":"https://fd2-photos.leclercdrive.fr/image.ashx?id=2690093&use=l&cat=p&typeid=i","cat":284662},{"id":226141,"n":"Purée lisse Bio Yooji Patate douce - Dès 4 mois 400g","p":3.32,"u":"8,30 €/KG","img":"https://fd2-photos.leclercdrive.fr/image.ashx?id=2689246&use=l&cat=p&typeid=i","cat":290631},{"id":226142,"n":"Purée lisse bébé Yooji Potiron Bio - 4 mois - 400g","p":3.16,"u":"7,90 €/KG","img":"https://fd2-photos.leclercdrive.fr/image.ashx?id=2689243&use=l&cat=p&typeid=i","cat":290631},{"id":226206,"n":"Compote Materne Pommes d'Occitanie  - 1.2kg","p":4.46,"u":"3,72 €/KG","img":"https://fd2-photos.leclercdrive.fr/image.ashx?id=3003125&use=l&cat=p&typeid=i","cat":284416},{"id":226295,"n":"Purée amandes Rigoni di Asiago Bio - 220g","p":6.54,"u":"29,73 €/KG","img":"https://fd2-photos.leclercdrive.fr/image.ashx?id=2966791&use=l&cat=p&typeid=i","cat":284481},{"id":226296,"n":"Biscuit Flammekueche Savour 100g","p":1.85,"u":"18,50 €/L","img":"https://fd2-photos.leclercdrive.fr/image.ashx?id=2781889&use=l&cat=p&typeid=i","cat":297000},{"id":226297,"n":"Biscuits Savour Olive herbes de provence - 100g","p":1.85,"u":"18,50 €/KG","img":"https://fd2-photos.leclercdrive.fr/image.ashx?id=2781886&use=l&cat=p&typeid=i","cat":297000},{"id":226302,"n":"Pâtes fraîches RANA Ravioli  Cèpes Champignons Ricotta -250g","p":3.06,"u":"12,24 €/KG","img":"https://fd2-photos.leclercdrive.fr/image.ashx?id=2737381&use=l&cat=p&typeid=i","cat":333682},{"id":226307,"n":"Biscuits Savour Chorizo - 100g","p":1.85,"u":"18,50 €/KG","img":"https://fd2-photos.leclercdrive.fr/image.ashx?id=2781883&use=l&cat=p&typeid=i","cat":297000},{"id":226315,"n":"Croquettes Vitafit Friskies Boeuf - 12kg","p":24.78,"u":"2,07 €/KG","img":"https://fd2-photos.leclercdrive.fr/image.ashx?id=2986996&use=l&cat=p&typeid=i","cat":284672},{"id":226317,"n":"Croquettes Vitafit Friskies Light Poulet légumes 7 kg","p":18.33,"u":"2,62 €/KG","img":"https://fd2-photos.leclercdrive.fr/image.ashx?id=2986993&use=l&cat=p&typeid=i","cat":284672},{"id":226320,"n":"Croquettes Edgard Cooper Naturelles sans céréales - 750g","p":7.31,"u":"9,75 €/KG","img":"https://fd2-photos.leclercdrive.fr/image.ashx?id=2770575&use=l&cat=p&typeid=i","cat":284680},{"id":226330,"n":"Croziflette Alpina Savoie 400g","p":2.88,"u":"7,20 €/KG","img":"https://fd2-photos.leclercdrive.fr/image.ashx?id=2692374&use=l&cat=p&typeid=i","cat":284427},{"id":226349,"n":"Boisson Gazeuse Maison Perrier Chic Citrus Fizz 4x25cl","p":2.92,"u":"2,92 €/L","img":"https://fd2-photos.leclercdrive.fr/image.ashx?id=2841595&use=l&cat=p&typeid=i","cat":284536},{"id":226350,"n":"Boisson Gazeuse Maison Perrier Chic Lemonjito 4x25cl","p":2.77,"u":"2,77 €/L","img":"https://fd2-photos.leclercdrive.fr/image.ashx?id=2692809&use=l&cat=p&typeid=i","cat":284536},{"id":226352,"n":"Boisson énergisante Maison Perrier mûre - 4x25cl","p":3.56,"u":"3,56 €/L","img":"https://fd2-photos.leclercdrive.fr/image.ashx?id=2692815&use=l&cat=p&typeid=i","cat":284533},{"id":226412,"n":"Barre de céréales Nature Valley  Protéine cranberries x4 -160g","p":2.67,"u":"16,69 €/KG","img":"https://fd2-photos.leclercdrive.fr/image.ashx?id=2693869&use=l&cat=p&typeid=i","cat":285869},{"id":226437,"n":"Jus multivitamines Tropicana 4x1.5L","p":12.9,"pp":9.67,"u":"1,61 €/L","img":"https://fd2-photos.leclercdrive.fr/image.ashx?id=2921429&use=l&cat=p&typeid=i","cat":284917},{"id":226438,"n":"Soda Coca-Cola Original Canette - Pack 6x20CL","p":3.69,"u":"3,08 €/L","img":"https://fd2-photos.leclercdrive.fr/image.ashx?id=2766571&use=l&cat=p&typeid=i","cat":284530},{"id":226484,"n":"Cookies Crunchy Kinder Pépites au cacao et lait - 136g","p":2.64,"u":"19,41 €/KG","img":"https://fd2-photos.leclercdrive.fr/image.ashx?id=2691995&use=l&cat=p&typeid=i","cat":325066},{"id":226510,"n":"Biscuits BN Chocolats -570g","p":2.31,"img":"https://fd2-photos.leclercdrive.fr/image.ashx?id=2693509&use=l&cat=p&typeid=i","cat":284488},{"id":226514,"n":"Filet de cabillaud Fish & Chips L'Atelier Poissonnerie - 200g","p":3.89,"u":"19,45 €/KG","img":"https://fd2-photos.leclercdrive.fr/image.ashx?id=2714456&use=l&cat=p&typeid=i","cat":284344},{"id":226534,"n":"Huile de tournesol Tramier  1L","p":5.59,"u":"5,59 €/L","img":"https://fd2-photos.leclercdrive.fr/image.ashx?id=2695097&use=l&cat=p&typeid=i","cat":284453},{"id":226591,"n":"Glace cone Extreme  Lemon cheesecake  x6 - 426g","p":3.84,"u":"9,01 €/KG","img":"https://fd2-photos.leclercdrive.fr/image.ashx?id=2732950&use=l&cat=p&typeid=i","cat":284264},{"id":226611,"n":"Mini surimi Moelleux Cocktail Fleury Michon - 230g","p":2.58,"u":"11,22 €/KG","img":"https://fd2-photos.leclercdrive.fr/image.ashx?id=2936917&use=l&cat=p&typeid=i","cat":285189},{"id":226636,"n":"Déodorant Homme Adidas Fresh Endurance - 150ml","p":2.87,"u":"19,13 €/L","img":"https://fd2-photos.leclercdrive.fr/image.ashx?id=2990772&use=l&cat=p&typeid=i","cat":284618},{"id":226646,"n":"Boisson Gazeuse Maison Perrier Forever Citron Vert 1L","p":0.99,"u":"0,99 €/L","img":"https://fd2-photos.leclercdrive.fr/image.ashx?id=2695103&use=l&cat=p&typeid=i","cat":284536},{"id":226657,"n":"Boisson Gazeuse Maison Perrier Forever Citron 1L","p":0.97,"u":"0,97 €/L","img":"https://fd2-photos.leclercdrive.fr/image.ashx?id=2887311&use=l&cat=p&typeid=i","cat":284536},{"id":226659,"n":"Boisson Gazeuse Maison Perrier Forever Orange 1L","p":0.99,"u":"0,99 €/L","img":"https://fd2-photos.leclercdrive.fr/image.ashx?id=2695106&use=l&cat=p&typeid=i","cat":284536},{"id":226661,"n":"Boisson Gazeuse Maison Perrier Forever Menthe 1L","p":1.0,"u":"1,00 €/L","img":"https://fd2-photos.leclercdrive.fr/image.ashx?id=2695112&use=l&cat=p&typeid=i","cat":284536},{"id":226663,"n":"Boisson Gazeuse Maison Perrier Forever Citron 6x50cl","p":4.02,"u":"1,34 €/L","img":"https://fd2-photos.leclercdrive.fr/image.ashx?id=2695100&use=l&cat=p&typeid=i","cat":284536},{"id":226664,"n":"Boisson Gazeuse Maison Perrier Forever Citron Vert 6x50cl","p":4.02,"u":"1,34 €/L","img":"https://fd2-photos.leclercdrive.fr/image.ashx?id=2695109&use=l&cat=p&typeid=i","cat":284536},{"id":226667,"n":"Boisson Gazeuse Maison Perrier Forever Citron 6x33cl","p":3.26,"u":"1,65 €/L","img":"https://fd2-photos.leclercdrive.fr/image.ashx?id=2878447&use=l&cat=p&typeid=i","cat":284536},{"id":226668,"n":"Boisson Gazeuse Maison Perrier Forever Citron Vert 6x33cl","p":3.26,"u":"1,65 €/L","img":"https://fd2-photos.leclercdrive.fr/image.ashx?id=2887308&use=l&cat=p&typeid=i","cat":284536},{"id":226776,"n":"Thé noir fruits rouges Lipton 20 sachets - 30g","p":1.72,"u":"57,33 €/KG","img":"https://fd2-photos.leclercdrive.fr/image.ashx?id=2695359&use=l&cat=p&typeid=i","cat":293233},{"id":226781,"n":"Thé noir pêche mangue Lipton 20 sachets - 34g","p":2.38,"u":"70,00 €/KG","img":"https://fd2-photos.leclercdrive.fr/image.ashx?id=2695362&use=l&cat=p&typeid=i","cat":293233},{"id":226797,"n":"Parfum de linge billes Lenor  Bouquet floral - x19 doses","p":6.7,"u":"28,51 €/KG","img":"https://fd2-photos.leclercdrive.fr/image.ashx?id=2839454&use=l&cat=p&typeid=i","cat":325302},{"id":226801,"n":"Parfum de linge billes Lenor  Jasmin Rose de mai x19 doses","p":6.7,"u":"28,51 €/KG","img":"https://fd2-photos.leclercdrive.fr/image.ashx?id=2841598&use=l&cat=p&typeid=i","cat":325302},{"id":226806,"n":"Liquide de rinçage Sun Brillance - 500ml","p":3.22,"u":"6,44 €/L","img":"https://fd2-photos.leclercdrive.fr/image.ashx?id=2829099&use=l&cat=p&typeid=i","cat":284657},{"id":226807,"n":"Liquide de rinçage Sun Séchage - 500ml","p":3.66,"u":"7,32 €/L","img":"https://fd2-photos.leclercdrive.fr/image.ashx?id=2738716&use=l&cat=p&typeid=i","cat":284657},{"id":226815,"n":"Dentifrice Oral-B kids 0-6ans - 50ml","p":2.26,"u":"45,20 €/L","img":"https://fd2-photos.leclercdrive.fr/image.ashx?id=2737801&use=l&cat=p&typeid=i","cat":288898},{"id":226818,"n":"Dentifrice Sensodyne Soin  complet Triple action - 75ml","p":3.8,"u":"50,67 €/L","img":"https://fd2-photos.leclercdrive.fr/image.ashx?id=2997778&use=l&cat=p&typeid=i","cat":284612},{"id":226819,"n":"Dentifrice Sensodyne Soin gencives Triple action - 75ml","p":4.26,"u":"56,80 €/L","img":"https://fd2-photos.leclercdrive.fr/image.ashx?id=3000384&use=l&cat=p&typeid=i","cat":284612},{"id":226824,"n":"Dentifrice Sensodyne Soin  Blancheur naturelle 24h - 75ml","p":3.81,"u":"50,80 €/L","img":"https://fd2-photos.leclercdrive.fr/image.ashx?id=2694944&use=l&cat=p&typeid=i","cat":284612},{"id":226825,"n":"Dentifrice Sensodyne Répare & protège Novamin - 75ml","p":4.21,"u":"56,13 €/L","img":"https://fd2-photos.leclercdrive.fr/image.ashx?id=2694947&use=l&cat=p&typeid=i","cat":284612},{"id":226826,"n":"Dentifrice Sensodyne Soin Blancheur triple action - 75ml","p":4.12,"u":"54,93 €/L","img":"https://fd2-photos.leclercdrive.fr/image.ashx?id=3000381&use=l&cat=p&typeid=i","cat":284612},{"id":226827,"n":"Nettoyant Machine Sun Lave Vaisselle 3 Doses","p":3.39,"u":"28,25 €/KG","img":"https://fd2-photos.leclercdrive.fr/image.ashx?id=2738710&use=l&cat=p&typeid=i","cat":284657},{"id":226829,"n":"Dentifrice Sensodyne Répare & protège extra fresh - 75ml","p":4.62,"u":"61,60 €/L","img":"https://fd2-photos.leclercdrive.fr/image.ashx?id=2694956&use=l&cat=p&typeid=i","cat":284612},{"id":226830,"n":"Dentifrice Sensodyne Répare & protège Blancheur - 75ml","p":4.44,"u":"59,20 €/L","img":"https://fd2-photos.leclercdrive.fr/image.ashx?id=2872955&use=l&cat=p&typeid=i","cat":284612},{"id":226876,"n":"P'tit brassé banane Nestlé mangue sans sucre - 4x90g","p":2.13,"u":"5,92 €/KG","img":"https://fd2-photos.leclercdrive.fr/image.ashx?id=2696133&use=l&cat=p&typeid=i","cat":312392},{"id":226879,"n":"Pate tomate colin Naturnes Dès 6 mois - 2x90g","p":2.17,"u":"12,06 €/KG","img":"https://fd2-photos.leclercdrive.fr/image.ashx?id=2696139&use=l&cat=p&typeid=i","cat":312235},{"id":226882,"n":"Chocolat en poudre Nesquik 300g","p":2.84,"u":"9,47 €/KG","img":"https://fd2-photos.leclercdrive.fr/image.ashx?id=3005374&use=l&cat=p&typeid=i","cat":293235},{"id":226911,"n":"Bille au chocolat Maltesers 400g","p":5.56,"u":"13,90 €/KG","img":"https://fd2-photos.leclercdrive.fr/image.ashx?id=2976050&use=l&cat=p&typeid=i","cat":304238},{"id":226912,"n":"Boisson énergisante Maison Perrier pêche - 25cl","p":0.92,"u":"3,68 €/L","img":"https://fd2-photos.leclercdrive.fr/image.ashx?id=2696142&use=l&cat=p&typeid=i","cat":284533},{"id":226921,"n":"Boisson énergisante Maison Perrier citron - 25cl","p":0.99,"u":"3,96 €/L","img":"https://fd2-photos.leclercdrive.fr/image.ashx?id=2696145&use=l&cat=p&typeid=i","cat":284533},{"id":226970,"n":"Tablette lave-vaisselle Sun  Expert Plus x40 -700g","p":7.9,"u":"11,29 €/KG","img":"https://fd2-photos.leclercdrive.fr/image.ashx?id=2738734&use=l&cat=p&typeid=i","cat":284656},{"id":226971,"n":"Sun Tablettes Lave-Vaisselle Tout en 1 Expert Plus x40","p":7.9,"u":"11,29 €/KG","img":"https://fd2-photos.leclercdrive.fr/image.ashx?id=2942012&use=l&cat=p&typeid=i","cat":284656},{"id":226972,"n":"Sun Tablettes Lave-Vaisselle Tout en 1 Regular Ecolabel x46","p":7.35,"u":"9,68 €/KG","img":"https://fd2-photos.leclercdrive.fr/image.ashx?id=3000902&use=l&cat=p&typeid=i","cat":284656},{"id":226973,"n":"Sun Tablettes Lave-Vaisselle Tout en 1 Citron Ecolabel x46","p":7.9,"u":"10,41 €/KG","img":"https://fd2-photos.leclercdrive.fr/image.ashx?id=3000905&use=l&cat=p&typeid=i","cat":284656},{"id":226978,"n":"Crème Anti-Âge Rose Re-Fortifiant - 50ml","p":11.97,"pp":7.9,"u":"158,00 €/L","img":"https://fd2-photos.leclercdrive.fr/image.ashx?id=2757425&use=l&cat=p&typeid=i","cat":325345},{"id":226982,"n":"Complément alimentaire ChronoDorm -x30 - 1.9mg","p":5.89,"u":"0,20 €/P","img":"https://fd2-photos.leclercdrive.fr/image.ashx?id=2711389&use=l&cat=p&typeid=i","cat":301265},{"id":227014,"n":"Gelées  fraîcheur Whiskas  28 + 12 offerts - 40x85g","p":10.59,"u":"4,45 €/KG","img":"https://fd2-photos.leclercdrive.fr/image.ashx?id=2697243&use=l&cat=p&typeid=i","cat":285601},{"id":227043,"n":"Soin intime Saforelle Miss Et corporel - 500ml","p":10.99,"u":"21,98 €/L","img":"https://fd2-photos.leclercdrive.fr/image.ashx?id=2697174&use=l&cat=p&typeid=i","cat":328622},{"id":227044,"n":"Soin lavant Saforelle Fraîcheur - 250ml","p":5.99,"u":"23,96 €/L","img":"https://fd2-photos.leclercdrive.fr/image.ashx?id=2711659&use=l&cat=p&typeid=i","cat":301348},{"id":227045,"n":"Crème Apaisante Saforelle 40ml","p":6.49,"u":"162,25 €/L","img":"https://fd2-photos.leclercdrive.fr/image.ashx?id=2697177&use=l&cat=p&typeid=i","cat":328622},{"id":227054,"n":"Gel intime Mucogyne 70ml","p":13.79,"u":"197,00 €/L","img":"https://fd2-photos.leclercdrive.fr/image.ashx?id=2913355&use=l&cat=p&typeid=i","cat":328622},{"id":227058,"n":"Lait ultra invisible Bioderma Photoderm - SPF50+ - 200ML","p":15.89,"u":"79,45 €/L","img":"https://fd2-photos.leclercdrive.fr/image.ashx?id=2696723&use=l&cat=p&typeid=i","cat":290396},{"id":227070,"n":"Thé glacé pétillant Lipton Ice Tea pêche - bouteille 1.25L","p":1.63,"u":"1,30 €/L","img":"https://fd2-photos.leclercdrive.fr/image.ashx?id=2887704&use=l&cat=p&typeid=i","cat":295019},{"id":227071,"n":"Thé pétillant Lipton Ice Tea Citron citron vert - 1.25L","p":1.63,"u":"1,30 €/L","img":"https://fd2-photos.leclercdrive.fr/image.ashx?id=2887707&use=l&cat=p&typeid=i","cat":295019},{"id":227153,"n":"Couches Carryboo de nos Régions Couches locales Taille 2 - x 50","p":15.51,"u":"0,31 €/P","img":"https://fd2-photos.leclercdrive.fr/image.ashx?id=2969245&use=l&cat=p&typeid=i","cat":284737},{"id":227165,"n":"Serum Acide Hyaluronique Mixa 30mL","p":10.17,"u":"339,00 €/L","img":"https://fd2-photos.leclercdrive.fr/image.ashx?id=2698711&use=l&cat=p&typeid=i","cat":325345},{"id":227166,"n":"Sérum Anti-tâches Vitamine C Mixa 30 mL","p":10.02,"u":"334,00 €/L","img":"https://fd2-photos.leclercdrive.fr/image.ashx?id=2698714&use=l&cat=p&typeid=i","cat":325345},{"id":227167,"n":"Serum anti-imperfections Niacinamide Mixa 30mL","p":10.18,"u":"339,33 €/L","img":"https://fd2-photos.leclercdrive.fr/image.ashx?id=2698717&use=l&cat=p&typeid=i","cat":325345},{"id":227240,"n":"Crème ultra parfumée Bioderma Ultra-nourrissante - 500ml","p":11.8,"u":"23,60 €/L","img":"https://fd2-photos.leclercdrive.fr/image.ashx?id=2981208&use=l&cat=p&typeid=i","cat":290421},{"id":227241,"n":"Sitck lèvres Atoderm Bioderma 2x4g","p":4.75,"u":"593,75 €/KG","img":"https://fd2-photos.leclercdrive.fr/image.ashx?id=2956556&use=l&cat=p&typeid=i","cat":291172},{"id":227242,"n":"Soin hydratant Bioderma Anti-imperfections - 30ml","p":10.99,"u":"366,33 €/L","img":"https://fd2-photos.leclercdrive.fr/image.ashx?id=2697836&use=l&cat=p&typeid=i","cat":291166},{"id":227243,"n":"Soin lavant Saforelle Ultra Hydratant - Eco recharge 400ml","p":8.99,"u":"22,48 €/L","img":"https://fd2-photos.leclercdrive.fr/image.ashx?id=2697839&use=l&cat=p&typeid=i","cat":301348},{"id":227244,"n":"Huile lavante Uriage 500ml","p":6.78,"u":"13,56 €/L","img":"https://fd2-photos.leclercdrive.fr/image.ashx?id=2697854&use=l&cat=p&typeid=i","cat":301591},{"id":227245,"n":"Baume démaquillant SVR Sensifine - 100g","p":8.89,"u":"88,90 €/KG","img":"https://fd2-photos.leclercdrive.fr/image.ashx?id=2697857&use=l&cat=p&typeid=i","cat":301587},{"id":227246,"n":"Ampoule flash Sebiaclear SVR Anti-imperfections - 30ml","p":20.8,"u":"693,33 €/L","img":"https://fd2-photos.leclercdrive.fr/image.ashx?id=2965142&use=l&cat=p&typeid=i","cat":291171},{"id":227247,"n":"Crème Sebiaclear SVR Matifiant hydratant - 40ml","p":7.84,"u":"196,00 €/L","img":"https://fd2-photos.leclercdrive.fr/image.ashx?id=2967893&use=l&cat=p&typeid=i","cat":291166},{"id":227307,"n":"Café capsules Dolce Gusto Starbucks White Moka - 123g","p":4.39,"u":"35,69 €/KG","img":"https://fd2-photos.leclercdrive.fr/image.ashx?id=3000459&use=l&cat=p&typeid=i","cat":284749},{"id":227318,"n":"P'tite Céréale Nestlé Vanille - 415g","p":2.6,"u":"6,27 €/KG","img":"https://fd2-photos.leclercdrive.fr/image.ashx?id=2700773&use=l&cat=p&typeid=i","cat":312225},{"id":227320,"n":"Céréales Nesquik 675g","p":4.45,"u":"6,59 €/KG","img":"https://fd2-photos.leclercdrive.fr/image.ashx?id=2971434&use=l&cat=p&typeid=i","cat":309513},{"id":227323,"n":"Céréales Crunch Nestlé 675g","p":4.44,"u":"6,58 €/KG","img":"https://fd2-photos.leclercdrive.fr/image.ashx?id=2949085&use=l&cat=p&typeid=i","cat":309513},{"id":227325,"n":"P'tite céréales Nestlé Saveur biscuit - 415g","p":3.11,"u":"7,49 €/KG","img":"https://fd2-photos.leclercdrive.fr/image.ashx?id=2700776&use=l&cat=p&typeid=i","cat":312225},{"id":227331,"n":"P'tite céréales Nestlé Cacao - 415g","p":2.6,"u":"6,27 €/KG","img":"https://fd2-photos.leclercdrive.fr/image.ashx?id=2700767&use=l&cat=p&typeid=i","cat":312225},{"id":227339,"n":"Capsules Nescafé Dolce Gusto  Lungo - x16","p":4.5,"u":"50,00 €/KG","img":"https://fd2-photos.leclercdrive.fr/image.ashx?id=2907716&use=l&cat=p&typeid=i","cat":293239},{"id":227341,"n":"Céréales Lion Nestlé 1.05kg","p":6.08,"u":"6,08 €/KG","img":"https://fd2-photos.leclercdrive.fr/image.ashx?id=2995433&use=l&cat=p&typeid=i","cat":309513},{"id":227352,"n":"Céréales Chocapic  645g","p":4.4,"u":"6,82 €/KG","img":"https://fd2-photos.leclercdrive.fr/image.ashx?id=2977732&use=l&cat=p&typeid=i","cat":309513},{"id":227372,"n":"Céréales Lion 675g","p":4.4,"u":"6,52 €/KG","img":"https://fd2-photos.leclercdrive.fr/image.ashx?id=2997256&use=l&cat=p&typeid=i","cat":309513},{"id":227373,"n":"Gelée de viande Eco+ 12x100g","p":2.99,"u":"2,49 €/KG","img":"https://fd2-photos.leclercdrive.fr/image.ashx?id=2744216&use=l&cat=p&typeid=i","cat":285286},{"id":227374,"n":"Céréales Chocapic 375g","p":2.72,"u":"7,25 €/KG","img":"https://fd2-photos.leclercdrive.fr/image.ashx?id=2977408&use=l&cat=p&typeid=i","cat":309513},{"id":227375,"n":"Capsule Nescafé Farmers Origins  Brazil Int 8 - x10","p":2.32,"u":"52,73 €/KG","img":"https://fd2-photos.leclercdrive.fr/image.ashx?id=2952166&use=l&cat=p&typeid=i","cat":284749},{"id":227376,"n":"Croquette Friskies Vitafit  Boeuf - 3kg","p":6.99,"u":"2,33 €/KG","img":"https://fd2-photos.leclercdrive.fr/image.ashx?id=2986999&use=l&cat=p&typeid=i","cat":284672},{"id":227378,"n":"Croquettes Friskies junior Poulet & legumes - 1.5kg","p":5.37,"u":"3,58 €/KG","img":"https://fd2-photos.leclercdrive.fr/image.ashx?id=2699612&use=l&cat=p&typeid=i","cat":284680},{"id":227381,"n":"Croquettes Friskies Vitafit Poulet & legumes - 3kg","p":6.99,"u":"2,33 €/KG","img":"https://fd2-photos.leclercdrive.fr/image.ashx?id=2986981&use=l&cat=p&typeid=i","cat":284672},{"id":227397,"n":"Croquettes Friskies  Dinde & legumes - 1.5kg","p":5.18,"u":"3,45 €/KG","img":"https://fd2-photos.leclercdrive.fr/image.ashx?id=2699621&use=l&cat=p&typeid=i","cat":284680},{"id":227400,"n":"Croquettes chat Friskies Saumon et legumes - 1.5 kg","p":5.22,"u":"3,48 €/KG","img":"https://fd2-photos.leclercdrive.fr/image.ashx?id=2940600&use=l&cat=p&typeid=i","cat":284680},{"id":227413,"n":"Semelles GelActiv' Scholl Décontracté - Taille 1","p":15.96,"img":"https://fd2-photos.leclercdrive.fr/image.ashx?id=2700665&use=l&cat=p&typeid=i","cat":325354},{"id":227418,"n":"Gel détartrant WC Net Détartrant total - 750ml","p":2.05,"u":"2,73 €/L","img":"https://fd2-photos.leclercdrive.fr/image.ashx?id=2702118&use=l&cat=p&typeid=i","cat":284662},{"id":227425,"n":"Boîte mouchoirs Lotus Classic+ - Pur Blanc - x80","p":1.52,"img":"https://fd2-photos.leclercdrive.fr/image.ashx?id=2700698&use=l&cat=p&typeid=i","cat":284638},{"id":227426,"n":"Boîte mouchoirs Lotus Classic+ - Pur Blanc - 2x80","p":3.63,"u":"0,02 €/P","img":"https://fd2-photos.leclercdrive.fr/image.ashx?id=2700701&use=l&cat=p&typeid=i","cat":284638},{"id":227427,"n":"Boîte mouchoirs Lotus Classic+ - Pur Blanc - x130","p":2.38,"u":"0,02 €/P","img":"https://fd2-photos.leclercdrive.fr/image.ashx?id=2700704&use=l&cat=p&typeid=i","cat":284638},{"id":227445,"n":"Riz basmati Taureau Ailé Nature - 220g","p":1.65,"u":"7,50 €/KG","img":"https://fd2-photos.leclercdrive.fr/image.ashx?id=2916327&use=l&cat=p&typeid=i","cat":287600},{"id":227448,"n":"Céréales Crunch 375g","p":2.53,"u":"6,75 €/KG","img":"https://fd2-photos.leclercdrive.fr/image.ashx?id=2939760&use=l&cat=p&typeid=i","cat":309513},{"id":227506,"n":"Capsule Nescafé Farmers Origins  India Int 9 - x18","p":4.12,"u":"52,15 €/KG","img":"https://fd2-photos.leclercdrive.fr/image.ashx?id=2700791&use=l&cat=p&typeid=i","cat":284749},{"id":227507,"n":"Capsule Nescafé Farmers Origins  India Int 9 - x10","p":2.32,"u":"52,73 €/KG","img":"https://fd2-photos.leclercdrive.fr/image.ashx?id=2952169&use=l&cat=p&typeid=i","cat":284749},{"id":227512,"n":"Chips Savour  Sel de guerande - 120g","p":1.48,"u":"12,33 €/KG","img":"https://fd2-photos.leclercdrive.fr/image.ashx?id=2743828&use=l&cat=p&typeid=i","cat":284447},{"id":227514,"n":"Chips Savour Sweet Chili - 120g","p":1.79,"u":"14,92 €/KG","img":"https://fd2-photos.leclercdrive.fr/image.ashx?id=2743825&use=l&cat=p&typeid=i","cat":284447},{"id":227515,"n":"Chips Savour Vinaigre de cidre - 120g","p":1.71,"u":"14,25 €/KG","img":"https://fd2-photos.leclercdrive.fr/image.ashx?id=2743822&use=l&cat=p&typeid=i","cat":284447},{"id":227516,"n":"Chips Savour Cheddar & Ciboulette - 120g","p":1.75,"u":"14,58 €/KG","img":"https://fd2-photos.leclercdrive.fr/image.ashx?id=2743819&use=l&cat=p&typeid=i","cat":284447},{"id":227520,"n":"Chips Lay's Sel & vinaigre - 130g","p":1.38,"u":"10,62 €/KG","img":"https://fd2-photos.leclercdrive.fr/image.ashx?id=3011161&use=l&cat=p&typeid=i","cat":284447},{"id":227528,"n":"Chips Lay's Poulet - 135g","p":1.17,"u":"8,67 €/KG","img":"https://fd2-photos.leclercdrive.fr/image.ashx?id=2995079&use=l&cat=p&typeid=i","cat":284447},{"id":227532,"n":"Chips Lay's Barbecue - 250g","p":1.95,"u":"7,80 €/KG","img":"https://fd2-photos.leclercdrive.fr/image.ashx?id=2994488&use=l&cat=p&typeid=i","cat":284447},{"id":227534,"n":"Chips Lay's Barbecue - 135g","p":1.09,"u":"8,07 €/KG","img":"https://fd2-photos.leclercdrive.fr/image.ashx?id=2994485&use=l&cat=p&typeid=i","cat":284447},{"id":227542,"n":"Croquettes pour chien Friskies Vitafit 12kg","p":24.83,"u":"2,07 €/KG","img":"https://fd2-photos.leclercdrive.fr/image.ashx?id=2986987&use=l&cat=p&typeid=i","cat":284672},{"id":227592,"n":"Jambon cru Serrano Aoste 6 tranches - 100g","p":3.34,"u":"33,40 €/KG","img":"https://fd2-photos.leclercdrive.fr/image.ashx?id=2937184&use=l&cat=p&typeid=i","cat":316007},{"id":227593,"n":"Jambon cru Speck Aoste 8 tranches - 100g","p":4.03,"u":"40,30 €/KG","img":"https://fd2-photos.leclercdrive.fr/image.ashx?id=2701262&use=l&cat=p&typeid=i","cat":316007},{"id":227600,"n":"Croquettes chat Friskies Boeuf, poulet et légumes - 3kg","p":9.96,"u":"3,32 €/KG","img":"https://fd2-photos.leclercdrive.fr/image.ashx?id=2940603&use=l&cat=p&typeid=i","cat":284680},{"id":227602,"n":"Croquettes Friskies  Poulet & légumes  1,5 kg","p":5.5,"u":"3,67 €/KG","img":"https://fd2-photos.leclercdrive.fr/image.ashx?id=2701400&use=l&cat=p&typeid=i","cat":284680},{"id":227603,"n":"Croquettes chat stérilisé Friskies Agneau légumes - 1.5kg","p":5.59,"u":"3,73 €/KG","img":"https://fd2-photos.leclercdrive.fr/image.ashx?id=2701064&use=l&cat=p&typeid=i","cat":284680},{"id":227608,"n":"Croquettes Friskies Junior  Poulet avec du lait - 3kg","p":8.51,"u":"2,84 €/KG","img":"https://fd2-photos.leclercdrive.fr/image.ashx?id=2986900&use=l&cat=p&typeid=i","cat":284672},{"id":227626,"n":"Barres chocolatées Mars  x7 - 315g","p":2.89,"u":"9,17 €/KG","img":"https://fd2-photos.leclercdrive.fr/image.ashx?id=2701043&use=l&cat=p&typeid=i","cat":284498},{"id":227629,"n":"Barres chocolatées Snickers x7 - 350g","p":3.29,"u":"9,40 €/KG","img":"https://fd2-photos.leclercdrive.fr/image.ashx?id=2701040&use=l&cat=p&typeid=i","cat":284498},{"id":227633,"n":"Barres chocolatées Twix  x10 -210g","p":2.24,"u":"10,67 €/KG","img":"https://fd2-photos.leclercdrive.fr/image.ashx?id=2980091&use=l&cat=p&typeid=i","cat":284498},{"id":227645,"n":"Barres Bounty chocolat & noix de coco x5 - 285g","p":2.74,"u":"9,61 €/KG","img":"https://fd2-photos.leclercdrive.fr/image.ashx?id=2701022&use=l&cat=p&typeid=i","cat":284498},{"id":227657,"n":"Soda Fanta Orange Sans Sucres  Canette - Pack 6x33cl","p":3.17,"u":"1,60 €/L","img":"https://fd2-photos.leclercdrive.fr/image.ashx?id=2701361&use=l&cat=p&typeid=i","cat":284532},{"id":227669,"n":"Boisson Gazeuse Maison Perrier Chic Roséllini 4x25cl","p":2.84,"u":"2,84 €/L","img":"https://fd2-photos.leclercdrive.fr/image.ashx?id=2701403&use=l&cat=p&typeid=i","cat":284536},{"id":227671,"n":"Bière aromatisée Desperados Tropical -  6X33cl","p":8.8,"u":"4,44 €/L","img":"https://fd2-photos.leclercdrive.fr/image.ashx?id=2701142&use=l&cat=p&typeid=i","cat":334878},{"id":227684,"n":"Barres chocolatées Twix x7 - 350g","p":3.22,"u":"9,20 €/KG","img":"https://fd2-photos.leclercdrive.fr/image.ashx?id=2701028&use=l&cat=p&typeid=i","cat":284498},{"id":227690,"n":"Parfum de linge Lenor Ambre orchidée x19D - 235g","p":6.64,"u":"28,26 €/KG","img":"https://fd2-photos.leclercdrive.fr/image.ashx?id=2839457&use=l&cat=p&typeid=i","cat":325302},{"id":227702,"n":"Fromage enfant La Vache qui rit Pik&Croq 8 portions - 280g","p":3.28,"u":"11,71 €/KG","img":"https://fd2-photos.leclercdrive.fr/image.ashx?id=2945436&use=l&cat=p&typeid=i","cat":314030},{"id":227706,"n":"Oeufs frais moyen sol x12","p":2.56,"u":"0,21 €/P","img":"https://fd2-photos.leclercdrive.fr/image.ashx?id=2891166&use=l&cat=p&typeid=i","cat":284378},{"id":227707,"n":"Oeufs frais gros sol x6","p":1.49,"u":"0,25 €/P","img":"https://fd2-photos.leclercdrive.fr/image.ashx?id=2891163&use=l&cat=p&typeid=i","cat":284378},{"id":227719,"n":"Jambon cuit supérieur découenné L'Atelier Charcuterie x4 - 220g","p":3.8,"u":"17,27 €/KG","img":"https://fd2-photos.leclercdrive.fr/image.ashx?id=2907413&use=l&cat=p&typeid=i","cat":316009},{"id":227722,"n":"Jambon cuit découenné L'Atelier Charcuterie x2 - 110g","p":2.21,"u":"20,09 €/KG","img":"https://fd2-photos.leclercdrive.fr/image.ashx?id=2999036&use=l&cat=p&typeid=i","cat":316009},{"id":227723,"n":"Jambon cuit supérieur -25% sel L'Atelier Charcuterie x4 - 220g","p":4.57,"u":"20,77 €/KG","img":"https://fd2-photos.leclercdrive.fr/image.ashx?id=2909356&use=l&cat=p&typeid=i","cat":316009},{"id":227731,"n":"Céréales Nesquik  375g","p":2.59,"u":"6,91 €/KG","img":"https://fd2-photos.leclercdrive.fr/image.ashx?id=2977411&use=l&cat=p&typeid=i","cat":309513},{"id":227737,"n":"Capsule Nescafé Farmers Origins  Colombia Int 6 - x10","p":2.73,"u":"62,05 €/KG","img":"https://fd2-photos.leclercdrive.fr/image.ashx?id=2701968&use=l&cat=p&typeid=i","cat":284749},{"id":227738,"n":"Capsule Nescafé Farmers Origins  Africas Int 10 - x10","p":2.32,"u":"52,73 €/KG","img":"https://fd2-photos.leclercdrive.fr/image.ashx?id=2952172&use=l&cat=p&typeid=i","cat":284749},{"id":227744,"n":"Capsule Nescafé Farmers Origins  Andes Int 5 - x10","p":2.84,"u":"64,55 €/KG","img":"https://fd2-photos.leclercdrive.fr/image.ashx?id=2701965&use=l&cat=p&typeid=i","cat":284749},{"id":227780,"n":"Liqueur GET Menthe & Citrons 17,9° - 70cl","p":12.99,"u":"18,56 €/L","img":"https://fd2-photos.leclercdrive.fr/image.ashx?id=2840629&use=l&cat=p&typeid=i","cat":286032},{"id":227822,"n":"Chips Lay's  Paprika - 130g","p":1.52,"u":"11,69 €/KG","img":"https://fd2-photos.leclercdrive.fr/image.ashx?id=3011158&use=l&cat=p&typeid=i","cat":284447},{"id":227831,"n":"Spray Nettoyant Menager Cif  Anti-calcaire Universel 750 ml","p":2.32,"u":"3,09 €/L","img":"https://fd2-photos.leclercdrive.fr/image.ashx?id=2890520&use=l&cat=p&typeid=i","cat":325362},{"id":227884,"n":"Bâtonnet Magnum White choco Cookie - x3 - 222g","p":2.58,"u":"11,62 €/KG","img":"https://fd2-photos.leclercdrive.fr/image.ashx?id=2793071&use=l&cat=p&typeid=i","cat":284265},{"id":227894,"n":"Bâtonnet Magnum Caramel salé Amandes x3 - 222g","p":2.97,"u":"13,38 €/KG","img":"https://fd2-photos.leclercdrive.fr/image.ashx?id=2793038&use=l&cat=p&typeid=i","cat":284265},{"id":227896,"n":"Glace Carte d'Or Les Essentiels Vanille de Madagascar 700ml","p":2.7,"pp":1.89,"u":"5,15 €/KG","img":"https://fd2-photos.leclercdrive.fr/image.ashx?id=2831149&use=l&cat=p&typeid=i","cat":284263},{"id":227897,"n":"Glace Bâtonnet MAGNUM Amande 4x100ml","p":2.88,"u":"9,60 €/KG","img":"https://fd2-photos.leclercdrive.fr/image.ashx?id=2849364&use=l&cat=p&typeid=i","cat":284265},{"id":227898,"n":"Bâtonnet Magnum Classic x4 - 300g","p":3.21,"u":"10,70 €/KG","img":"https://fd2-photos.leclercdrive.fr/image.ashx?id=2966794&use=l&cat=p&typeid=i","cat":284265},{"id":227900,"n":"Glace Bâtonnet MAGNUM Chocolat Blanc 4x100ml","p":3.14,"u":"10,68 €/KG","img":"https://fd2-photos.leclercdrive.fr/image.ashx?id=3011944&use=l&cat=p&typeid=i","cat":284265},{"id":227901,"n":"Bâtonnet Magnum Fraise et blanc - x4 - 324g","p":3.44,"u":"10,62 €/KG","img":"https://fd2-photos.leclercdrive.fr/image.ashx?id=3009293&use=l&cat=p&typeid=i","cat":284265},{"id":227902,"n":"Batonnets glace Magnum Chocolat Blanc Amande x4 - 300g","p":3.48,"u":"11,60 €/KG","img":"https://fd2-photos.leclercdrive.fr/image.ashx?id=3009296&use=l&cat=p&typeid=i","cat":284265},{"id":227904,"n":"Glace Bâtonnet MAGNUM Classique 8x100ml","p":5.32,"u":"8,87 €/KG","img":"https://fd2-photos.leclercdrive.fr/image.ashx?id=2974057&use=l&cat=p&typeid=i","cat":284265},{"id":227905,"n":"Bâtonnet Magnum Chocolat blanc x8 - 588g","p":5.92,"u":"10,07 €/KG","img":"https://fd2-photos.leclercdrive.fr/image.ashx?id=2805663&use=l&cat=p&typeid=i","cat":284265},{"id":227906,"n":"Glace Bâtonnet Mini MAGNUM Amande 6x55ml","p":2.76,"u":"10,38 €/KG","img":"https://fd2-photos.leclercdrive.fr/image.ashx?id=2843544&use=l&cat=p&typeid=i","cat":284265},{"id":227907,"n":"Glace Bâtonnet MAGNUM Classique 6x55ml","p":2.76,"u":"11,08 €/KG","img":"https://fd2-photos.leclercdrive.fr/image.ashx?id=2967968&use=l&cat=p&typeid=i","cat":284265},{"id":227908,"n":"Mini bâtonnet Magnum Chocolat blanc Amande x6 - 257g","p":3.98,"u":"15,49 €/KG","img":"https://fd2-photos.leclercdrive.fr/image.ashx?id=2849367&use=l&cat=p&typeid=i","cat":284265},{"id":227909,"n":"Glace Bâtonnet Mini MAGNUM Amande & Chocolat Blanc 6x55ml","p":3.69,"u":"11,18 €/L","img":"https://fd2-photos.leclercdrive.fr/image.ashx?id=2843541&use=l&cat=p&typeid=i","cat":284265},{"id":227918,"n":"Pois chiches Eco+ - 265g","p":0.67,"u":"2,53 €/KG","img":"https://fd2-photos.leclercdrive.fr/image.ashx?id=3003747&use=l&cat=p&typeid=i","cat":312609},{"id":227933,"n":"Chewing-gum Freedent Refresher  fraise citron x8 - 17g","p":1.0,"u":"58,82 €/KG","img":"https://fd2-photos.leclercdrive.fr/image.ashx?id=2833915&use=l&cat=p&typeid=i","cat":304251},{"id":227935,"n":"Chewing-gum Freedent Refreshers Bubble menthe x8 -17g","p":0.98,"u":"54,44 €/KG","img":"https://fd2-photos.leclercdrive.fr/image.ashx?id=2863785&use=l&cat=p&typeid=i","cat":304251},{"id":227961,"n":"Concentré cola light Sodastream - 440ml","p":4.99,"pp":3.99,"u":"9,07 €/L","img":"https://fd2-photos.leclercdrive.fr/image.ashx?id=2703332&use=l&cat=p&typeid=i","cat":295020},{"id":227962,"n":"Concentré agrumes sans sucres Sodastream - 440ml","p":4.99,"pp":3.99,"u":"9,07 €/L","img":"https://fd2-photos.leclercdrive.fr/image.ashx?id=2871133&use=l&cat=p&typeid=i","cat":295020},{"id":227966,"n":"Compotes goudes Pom'Potes Pomme framboise Goyave - 360g","p":2.15,"u":"5,97 €/KG","img":"https://fd2-photos.leclercdrive.fr/image.ashx?id=2703708&use=l&cat=p&typeid=i","cat":284508},{"id":227967,"n":"Compotes gourges Pom'Potes Pomme pêche carotte 360g","p":2.15,"u":"5,97 €/KG","img":"https://fd2-photos.leclercdrive.fr/image.ashx?id=2703705&use=l&cat=p&typeid=i","cat":284508},{"id":227973,"n":"Concentré saveur citron sans Sucres - Sodastream - 440ml","p":4.99,"pp":3.99,"u":"9,07 €/L","img":"https://fd2-photos.leclercdrive.fr/image.ashx?id=2765363&use=l&cat=p&typeid=i","cat":295020},{"id":227978,"n":"Concentré Sodastream Menthe sans sucres - 440ml","p":4.99,"pp":3.99,"u":"9,07 €/L","img":"https://fd2-photos.leclercdrive.fr/image.ashx?id=2765372&use=l&cat=p&typeid=i","cat":295020},{"id":227994,"n":"Concentré adoucissant Soupline Mandarine Vanille - 2x1,28L","p":10.49,"u":"4,10 €/L","img":"https://fd2-photos.leclercdrive.fr/image.ashx?id=2706683&use=l&cat=p&typeid=i","cat":284650},{"id":228003,"n":"Concentré adoucissant Soupline Ultra 3D grand air - 2,7L","p":10.08,"u":"3,73 €/L","img":"https://fd2-photos.leclercdrive.fr/image.ashx?id=2703870&use=l&cat=p&typeid=i","cat":284650},{"id":228005,"n":"Concentré adoucissant Soupline Ultra 3D coco - 2x1.28L","p":10.49,"u":"4,10 €/L","img":"https://fd2-photos.leclercdrive.fr/image.ashx?id=2703873&use=l&cat=p&typeid=i","cat":284650},{"id":228007,"n":"Concentré adoucissant Soupline Ultra 3D hypoallergénique  2,7L","p":10.49,"u":"3,89 €/L","img":"https://fd2-photos.leclercdrive.fr/image.ashx?id=2703876&use=l&cat=p&typeid=i","cat":284650},{"id":228008,"n":"Concentré adoucissant Soupline Ultra 3D lavande - x2 2,7L","p":10.49,"u":"3,89 €/L","img":"https://fd2-photos.leclercdrive.fr/image.ashx?id=2703879&use=l&cat=p&typeid=i","cat":284650},{"id":228102,"n":"Thé glacé Lipton Ice Tea Pêche Sans sucres - bouteille 1.75l","p":2.17,"u":"1,24 €/L","img":"https://fd2-photos.leclercdrive.fr/image.ashx?id=2857060&use=l&cat=p&typeid=i","cat":295019},{"id":228103,"n":"Thé glacé Lipton Ice Tea Pêche Zéro sucres - canettes 6x33cl","p":3.49,"u":"1,76 €/L","img":"https://fd2-photos.leclercdrive.fr/image.ashx?id=2959442&use=l&cat=p&typeid=i","cat":295019},{"id":228198,"n":"Sirop Frucci Grenadine - 1.3L","p":3.28,"u":"2,52 €/L","img":"https://fd2-photos.leclercdrive.fr/image.ashx?id=2909921&use=l&cat=p&typeid=i","cat":295020},{"id":228199,"n":"Sirop Frucci Menthe - 1.3L","p":3.02,"u":"2,32 €/L","img":"https://fd2-photos.leclercdrive.fr/image.ashx?id=2898038&use=l&cat=p&typeid=i","cat":295020},{"id":228205,"n":"Nettoyant ménager AJAX Air frais coquelicots - 1.25L","p":2.28,"u":"1,82 €/L","img":"https://fd2-photos.leclercdrive.fr/image.ashx?id=2944473&use=l&cat=p&typeid=i","cat":284907},{"id":228396,"n":"Thé glacé Lipton Ice Tea Pêche - 6x33cl","p":3.17,"u":"1,60 €/L","img":"https://fd2-photos.leclercdrive.fr/image.ashx?id=2852471&use=l&cat=p&typeid=i","cat":295019},{"id":228406,"n":"Mini bâtonnet glace Trium  Rocher vanille Pecan x4 - 214g","p":2.99,"u":"13,97 €/KG","img":"https://fd2-photos.leclercdrive.fr/image.ashx?id=2911726&use=l&cat=p&typeid=i","cat":284265},{"id":228460,"n":"Capsules lave-vaisselle Sun Tout-en-1 Absolu Plus 390g x26","p":7.9,"u":"20,26 €/KG","img":"https://fd2-photos.leclercdrive.fr/image.ashx?id=2960282&use=l&cat=p&typeid=i","cat":284656},{"id":228461,"n":"Spray Nettoyant Menager Cif  Cleanboost Technology - 750 ml","p":2.23,"u":"2,97 €/L","img":"https://fd2-photos.leclercdrive.fr/image.ashx?id=2866214&use=l&cat=p&typeid=i","cat":325357},{"id":228462,"n":"Spray Nettoyant 5-en-1 Cif Cuisine & Salle de Bain 750ml","p":2.0,"u":"2,67 €/L","img":"https://fd2-photos.leclercdrive.fr/image.ashx?id=2999336&use=l&cat=p&typeid=i","cat":325357},{"id":228463,"n":"Liquide vaisselle mini Paic Citron - 500ml","p":1.13,"u":"2,26 €/L","img":"https://fd2-photos.leclercdrive.fr/image.ashx?id=2708020&use=l&cat=p&typeid=i","cat":284655},{"id":228465,"n":"Nettoyant ménager Ajax Fête des fleurs muguets 1.25L","p":2.98,"u":"2,38 €/L","img":"https://fd2-photos.leclercdrive.fr/image.ashx?id=2926072&use=l&cat=p&typeid=i","cat":284907},{"id":228467,"n":"Spray nettoyant ménager Ajax Salle de bain - 500ml","p":2.68,"u":"5,36 €/L","img":"https://fd2-photos.leclercdrive.fr/image.ashx?id=2708041&use=l&cat=p&typeid=i","cat":325357},{"id":228468,"n":"Spray nettoyant ménager Ajax Multi-surfaces - 500ml","p":2.68,"u":"5,36 €/L","img":"https://fd2-photos.leclercdrive.fr/image.ashx?id=2708044&use=l&cat=p&typeid=i","cat":325357},{"id":228469,"n":"Perles de linge Soupline Grand Air - 230g","p":6.83,"u":"29,70 €/KG","img":"https://fd2-photos.leclercdrive.fr/image.ashx?id=2708032&use=l&cat=p&typeid=i","cat":325302},{"id":228473,"n":"Déodorant Bulldog Original - 125ml","p":4.46,"u":"35,68 €/L","img":"https://fd2-photos.leclercdrive.fr/image.ashx?id=2708259&use=l&cat=p&typeid=i","cat":284595},{"id":228480,"n":"Gel Douche Dove Advanced Care Nutrition Intense 225ml","p":2.91,"u":"12,93 €/L","img":"https://fd2-photos.leclercdrive.fr/image.ashx?id=2968580&use=l&cat=p&typeid=i","cat":284594},{"id":228484,"n":"Gel Douche Dove Hydratant 450ml","p":3.73,"u":"8,29 €/L","img":"https://fd2-photos.leclercdrive.fr/image.ashx?id=2993499&use=l&cat=p&typeid=i","cat":284594},{"id":228499,"n":"Lessive liquide X-tra Total 4 en 1 x63 - 2.835L","p":8.84,"u":"3,12 €/L","img":"https://fd2-photos.leclercdrive.fr/image.ashx?id=2921561&use=l&cat=p&typeid=i","cat":284640},{"id":228501,"n":"Lessive liquide X-tra Total Savon de Marseille x63  -2.835L","p":9.48,"u":"3,34 €/L","img":"https://fd2-photos.leclercdrive.fr/image.ashx?id=2921564&use=l&cat=p&typeid=i","cat":284640},{"id":228509,"n":"Lessive liquide Mir Laine Textile délicat x27 - 1.35L","p":5.63,"u":"4,17 €/L","img":"https://fd2-photos.leclercdrive.fr/image.ashx?id=2890118&use=l&cat=p&typeid=i","cat":284644},{"id":228510,"n":"Lessive liquide Super Croix X-tra Bora Bora x42 - 1.89L","p":8.25,"u":"4,37 €/L","img":"https://fd2-photos.leclercdrive.fr/image.ashx?id=2876263&use=l&cat=p&typeid=i","cat":284640},{"id":228511,"n":"Lessive liquide Maison Verte Fraîcheur d'été - 1.485L x33","p":7.28,"u":"4,90 €/L","img":"https://fd2-photos.leclercdrive.fr/image.ashx?id=2890121&use=l&cat=p&typeid=i","cat":284640},{"id":228512,"n":"Complément alimentaire Thalamag Equilibre interieur duo - 2x30","p":12.69,"img":"https://fd2-photos.leclercdrive.fr/image.ashx?id=2848304&use=l&cat=p&typeid=i","cat":301264},{"id":228567,"n":"Tequila Don Julio Blanco 38° - 70cl","p":38.5,"pp":34.65,"u":"49,50 €/L","img":"https://fd2-photos.leclercdrive.fr/image.ashx?id=2785034&use=l&cat=p&typeid=i","cat":284550},{"id":228862,"n":"Lait bébé Candia Baby croissance 3ème âge - 18x25cl","p":10.39,"u":"2,31 €/L","img":"https://fd2-photos.leclercdrive.fr/image.ashx?id=2963367&use=l&cat=p&typeid=i","cat":284728},{"id":228905,"n":"Soin capillaire Expess Le  Petit Marseillais Coco -200ml","p":2.65,"u":"13,25 €/L","img":"https://fd2-photos.leclercdrive.fr/image.ashx?id=2711947&use=l&cat=p&typeid=i","cat":284608},{"id":228934,"n":"P'tit brassé Pomme  Nestlé Framboise céréale 2X115g","p":1.8,"u":"7,83 €/KG","img":"https://fd2-photos.leclercdrive.fr/image.ashx?id=2712130&use=l&cat=p&typeid=i","cat":312392},{"id":228940,"n":"Naturnes Nestlé Jardinière de légumes 2x190g","p":2.17,"u":"5,71 €/KG","img":"https://fd2-photos.leclercdrive.fr/image.ashx?id=2712124&use=l&cat=p&typeid=i","cat":312235},{"id":228948,"n":"Biscuits Mulino Bianco Nascondini - 330g","p":5.16,"u":"15,64 €/KG","img":"https://fd2-photos.leclercdrive.fr/image.ashx?id=2850258&use=l&cat=p&typeid=i","cat":289010},{"id":228950,"n":"Biscuits Mulino Bianco Macine - 350g","p":3.86,"u":"11,03 €/KG","img":"https://fd2-photos.leclercdrive.fr/image.ashx?id=2880567&use=l&cat=p&typeid=i","cat":289010},{"id":228952,"n":"Biscuits Mulino Bianco Galetti - 350g","p":3.67,"u":"10,49 €/KG","img":"https://fd2-photos.leclercdrive.fr/image.ashx?id=2850252&use=l&cat=p&typeid=i","cat":289010},{"id":228964,"n":"P'tite céréales  Vanille - 270g","p":3.32,"u":"12,30 €/KG","img":"https://fd2-photos.leclercdrive.fr/image.ashx?id=2737777&use=l&cat=p&typeid=i","cat":312225},{"id":228976,"n":"Infusion Saveurs du soir Lipton Grand sud - 32g","p":1.19,"u":"37,19 €/KG","img":"https://fd2-photos.leclercdrive.fr/image.ashx?id=2718741&use=l&cat=p&typeid=i","cat":293234},{"id":228995,"n":"Coffret thé noir Lipton Sensations x50 - 82g","p":9.5,"pp":6.65,"u":"81,10 €/KG","img":"https://fd2-photos.leclercdrive.fr/image.ashx?id=2719636&use=l&cat=p&typeid=i","cat":293233},{"id":229001,"n":"Biscuits mini fourrés BN  Framboise - x5 - 175g","p":1.99,"u":"11,37 €/KG","img":"https://fd2-photos.leclercdrive.fr/image.ashx?id=2748230&use=l&cat=p&typeid=i","cat":284489},{"id":229002,"n":"Chips Tuiles Pringles HOT Flamin' Cheese - 160g","p":1.78,"u":"11,13 €/KG","img":"https://fd2-photos.leclercdrive.fr/image.ashx?id=2927609&use=l&cat=p&typeid=i","cat":287899},{"id":229041,"n":"Sauce pot japanese Sharwood's 415g","p":3.31,"u":"7,98 €/KG","img":"https://fd2-photos.leclercdrive.fr/image.ashx?id=2792894&use=l&cat=p&typeid=i","cat":288992},{"id":229062,"n":"Nouilles Ramen Tanoshi Crevettes - 360g","p":3.09,"u":"8,58 €/KG","img":"https://fd2-photos.leclercdrive.fr/image.ashx?id=2731954&use=l&cat=p&typeid=i","cat":288992},{"id":229064,"n":"Sauce huitre Ayam 150ml","p":2.28,"u":"15,20 €/L","img":"https://fd2-photos.leclercdrive.fr/image.ashx?id=2714822&use=l&cat=p&typeid=i","cat":288992},{"id":229075,"n":"Florelli Pinsa Romana 230g","p":3.47,"u":"15,09 €/KG","img":"https://fd2-photos.leclercdrive.fr/image.ashx?id=2714498&use=l&cat=p&typeid=i","cat":289010},{"id":229102,"n":"Capsule Nescafé Farmers Origins  Africas Int 10 - x18","p":4.14,"u":"52,41 €/KG","img":"https://fd2-photos.leclercdrive.fr/image.ashx?id=2714588&use=l&cat=p&typeid=i","cat":284749},{"id":229167,"n":"Eau de source Cristaline  Petillante - 6x33cl","p":2.28,"u":"1,15 €/L","img":"https://fd2-photos.leclercdrive.fr/image.ashx?id=2714018&use=l&cat=p&typeid=i","cat":284536},{"id":229224,"n":"Glace pâte à tartiner Nutella 230g","p":3.94,"u":"17,13 €/KG","img":"https://fd2-photos.leclercdrive.fr/image.ashx?id=2905672&use=l&cat=p&typeid=i","cat":284725},{"id":229243,"n":"Soin capillaire express Le  Petit Marseillais Karité -200ml","p":2.78,"u":"13,90 €/L","img":"https://fd2-photos.leclercdrive.fr/image.ashx?id=2735248&use=l&cat=p&typeid=i","cat":284608},{"id":229244,"n":"Soin capillaire express Le Petit Marseillais Argan - 200ml","p":2.89,"u":"14,45 €/L","img":"https://fd2-photos.leclercdrive.fr/image.ashx?id=2715255&use=l&cat=p&typeid=i","cat":284608},{"id":229245,"n":"AOP Sancerre Rouge Domaine Crochet - 75cl","p":14.08,"u":"18,77 €/L","img":"https://fd2-photos.leclercdrive.fr/image.ashx?id=2899527&use=l&cat=p&typeid=i","cat":289556},{"id":229288,"n":"Glace Carte d'Or Café - 374g","p":2.82,"pp":1.97,"u":"5,27 €/KG","img":"https://fd2-photos.leclercdrive.fr/image.ashx?id=2973348&use=l&cat=p&typeid=i","cat":284263},{"id":229289,"n":"Glace Carte d'Or Chocolat Noir - 374g","p":2.69,"pp":1.88,"u":"5,03 €/KG","img":"https://fd2-photos.leclercdrive.fr/image.ashx?id=2849370&use=l&cat=p&typeid=i","cat":284263},{"id":229291,"n":"Glace Carte d'Or Rhum raisin - 394g","p":2.92,"pp":2.04,"u":"5,18 €/KG","img":"https://fd2-photos.leclercdrive.fr/image.ashx?id=3009305&use=l&cat=p&typeid=i","cat":284263},{"id":229293,"n":"Crème Glacée Carte D'Or crème  de Vanille de Madagascar 700ml","p":3.27,"pp":2.29,"u":"6,24 €/KG","img":"https://fd2-photos.leclercdrive.fr/image.ashx?id=2793062&use=l&cat=p&typeid=i","cat":284263},{"id":229325,"n":"Bière Leffe Ruby 5% - 50cl canette","p":1.95,"u":"3,90 €/L","img":"https://fd2-photos.leclercdrive.fr/image.ashx?id=2716657&use=l&cat=p&typeid=i","cat":334853},{"id":229369,"n":"Soda Breizh Cola Cerise 1.5L","p":2.11,"u":"1,41 €/L","img":"https://fd2-photos.leclercdrive.fr/image.ashx?id=2717925&use=l&cat=p&typeid=i","cat":284530},{"id":229395,"n":"Crème glacée La Laitière Menthe Chocolat - 490g","p":3.24,"pp":2.27,"u":"4,63 €/KG","img":"https://fd2-photos.leclercdrive.fr/image.ashx?id=2877889&use=l&cat=p&typeid=i","cat":284263},{"id":229489,"n":"Complément alimentaire Symbiosis Alforex+ x30 gélules","p":14.99,"img":"https://fd2-photos.leclercdrive.fr/image.ashx?id=2717994&use=l&cat=p&typeid=i","cat":301268},{"id":229497,"n":"Chips Lay's  Bolognaise - 130g","p":1.38,"u":"10,62 €/KG","img":"https://fd2-photos.leclercdrive.fr/image.ashx?id=3011149&use=l&cat=p&typeid=i","cat":284447},{"id":229498,"n":"Chips Lay's Moutarde pickles - 135g","p":1.56,"u":"11,56 €/KG","img":"https://fd2-photos.leclercdrive.fr/image.ashx?id=3011152&use=l&cat=p&typeid=i","cat":284447},{"id":229499,"n":"Sérum concentré repulpant Avène Hyaluron Activ B3 - 30ml","p":28.89,"u":"963,00 €/L","img":"https://fd2-photos.leclercdrive.fr/image.ashx?id=2968259&use=l&cat=p&typeid=i","cat":291168},{"id":229517,"n":"Soda au cola Pepsi Zéro sucres Le lot de 6x33cl canettes","p":2.64,"u":"1,33 €/L","img":"https://fd2-photos.leclercdrive.fr/image.ashx?id=2773391&use=l&cat=p&typeid=i","cat":284530},{"id":229523,"n":"Thé glacé Lipton Ice Tea Pêche Le lot de 12x33cl canettes","p":6.31,"u":"1,59 €/L","img":"https://fd2-photos.leclercdrive.fr/image.ashx?id=2717550&use=l&cat=p&typeid=i","cat":295019},{"id":229524,"n":"Thé glacé pétillant Lipton Ice Tea pêche - canettes 6x33cl","p":3.65,"u":"1,84 €/L","img":"https://fd2-photos.leclercdrive.fr/image.ashx?id=2900833&use=l&cat=p&typeid=i","cat":295019},{"id":229593,"n":"Tablettes lave-vaisselle Visior Tout en 1 citron x45 - 765g","p":5.79,"u":"7,57 €/KG","img":"https://fd2-photos.leclercdrive.fr/image.ashx?id=2954905&use=l&cat=p&typeid=i","cat":284656},{"id":229614,"n":"Jus tropical Tropicana 1.5L","p":1.87,"u":"1,25 €/L","img":"https://fd2-photos.leclercdrive.fr/image.ashx?id=3010798&use=l&cat=p&typeid=i","cat":284916},{"id":229743,"n":"Pain burger Pasquier Le classique x4 - 235g","p":1.87,"u":"7,96 €/KG","img":"https://fd2-photos.leclercdrive.fr/image.ashx?id=2862266&use=l&cat=p&typeid=i","cat":325067},{"id":229762,"n":"Café capsules L'OR Espresso Delizioso - x50 - 260g","p":11.5,"u":"44,23 €/KG","img":"https://fd2-photos.leclercdrive.fr/image.ashx?id=2719861&use=l&cat=p&typeid=i","cat":284749},{"id":229765,"n":"Café capsules L'OR Espresso Forza - x50 - 260g","p":11.5,"u":"44,23 €/KG","img":"https://fd2-photos.leclercdrive.fr/image.ashx?id=2719864&use=l&cat=p&typeid=i","cat":284749},{"id":229769,"n":"Café capsules L'OR Espresso Ristretto - x50 - 260g","p":11.5,"u":"44,23 €/KG","img":"https://fd2-photos.leclercdrive.fr/image.ashx?id=2719867&use=l&cat=p&typeid=i","cat":284749},{"id":229770,"n":"Café capsules L'OR Espresso Splendente - x50 - 260g","p":11.5,"u":"44,23 €/KG","img":"https://fd2-photos.leclercdrive.fr/image.ashx?id=2719870&use=l&cat=p&typeid=i","cat":284749},{"id":229811,"n":"Crème fixative Polident Original 0% -44g -","p":3.29,"u":"74,77 €/KG","img":"https://fd2-photos.leclercdrive.fr/image.ashx?id=2719615&use=l&cat=p&typeid=i","cat":285158},{"id":229816,"n":"Adoucissant Air Frais Lenor 57 lavages - 798g","p":7.92,"u":"0,14 €/P","img":"https://fd2-photos.leclercdrive.fr/image.ashx?id=2719753&use=l&cat=p&typeid=i","cat":284650},{"id":229846,"n":"Serviettes fuites urinaires  Always Discreet - 3x10p","p":12.56,"u":"0,42 €/P","img":"https://fd2-photos.leclercdrive.fr/image.ashx?id=2721433&use=l&cat=p&typeid=i","cat":284628},{"id":229847,"n":"Serviettes fuites urinaires Always Discreet - x18p","p":12.03,"u":"0,67 €/P","img":"https://fd2-photos.leclercdrive.fr/image.ashx?id=2721436&use=l&cat=p&typeid=i","cat":284628},{"id":229848,"n":"Serviettes fuites urinaires Always Discreet - x24","p":12.56,"u":"0,52 €/P","img":"https://fd2-photos.leclercdrive.fr/image.ashx?id=2721439&use=l&cat=p&typeid=i","cat":284628},{"id":229884,"n":"Bière Bio Barbotine Blanche - 75cl","p":4.84,"u":"6,45 €/L","img":"https://fd2-photos.leclercdrive.fr/image.ashx?id=2718538&use=l&cat=p&typeid=i","cat":334872},{"id":229886,"n":"Bière Bio Barbotine Blonde - 75cl","p":4.88,"u":"6,51 €/L","img":"https://fd2-photos.leclercdrive.fr/image.ashx?id=2718545&use=l&cat=p&typeid=i","cat":334873},{"id":229887,"n":"Bière Bio Barbotine Ipa - 75cl","p":5.45,"u":"7,27 €/L","img":"https://fd2-photos.leclercdrive.fr/image.ashx?id=2718549&use=l&cat=p&typeid=i","cat":334872},{"id":229891,"n":"Pain de mie complet Harrys Sandwich Sans sucre ajouté 600g","p":1.69,"u":"2,82 €/KG","img":"https://fd2-photos.leclercdrive.fr/image.ashx?id=2962473&use=l&cat=p&typeid=i","cat":284477},{"id":229893,"n":"Pain de mie complet Harrys Sandwich Sans sucre ajouté 900g","p":2.21,"u":"2,46 €/KG","img":"https://fd2-photos.leclercdrive.fr/image.ashx?id=2962476&use=l&cat=p&typeid=i","cat":284477},{"id":229895,"n":"Sérum A-Derma Biology Hydratant Bio - 30ml","p":19.89,"u":"663,00 €/L","img":"https://fd2-photos.leclercdrive.fr/image.ashx?id=2719204&use=l&cat=p&typeid=i","cat":291171},{"id":229896,"n":"Pain de mie nature Harrys American Sandwich 550g","p":1.63,"u":"2,96 €/KG","img":"https://fd2-photos.leclercdrive.fr/image.ashx?id=2962446&use=l&cat=p&typeid=i","cat":284477},{"id":229897,"n":"Pain de mie nature Harrys Sandwich Sans sucre ajouté 825g","p":2.03,"u":"2,46 €/KG","img":"https://fd2-photos.leclercdrive.fr/image.ashx?id=2962449&use=l&cat=p&typeid=i","cat":284477},{"id":229908,"n":"Shampooing sec Klorane Avoine & céramide - 2x150ml","p":12.44,"u":"41,47 €/L","img":"https://fd2-photos.leclercdrive.fr/image.ashx?id=2719228&use=l&cat=p&typeid=i","cat":290400},{"id":229909,"n":"Masque Avène Apaisant éclat - 50ml","p":13.74,"u":"274,80 €/L","img":"https://fd2-photos.leclercdrive.fr/image.ashx?id=2719231&use=l&cat=p&typeid=i","cat":291165},{"id":229910,"n":"Soin anti-rougeurs Avène Concentré - 30ml","p":17.89,"u":"596,33 €/L","img":"https://fd2-photos.leclercdrive.fr/image.ashx?id=2719234&use=l&cat=p&typeid=i","cat":291171},{"id":229912,"n":"Gel-crème Avène Hyaluron Activ B3 - 50ml","p":29.99,"u":"599,80 €/L","img":"https://fd2-photos.leclercdrive.fr/image.ashx?id=2719237&use=l&cat=p&typeid=i","cat":291168},{"id":229913,"n":"Crème intensive jour Avène Vitamin Active Cg - 50ml","p":32.89,"u":"657,80 €/L","img":"https://fd2-photos.leclercdrive.fr/image.ashx?id=3011266&use=l&cat=p&typeid=i","cat":291168},{"id":229914,"n":"Crème mains Avène Cold cream - Concentrée 2x50ml","p":8.49,"u":"84,90 €/L","img":"https://fd2-photos.leclercdrive.fr/image.ashx?id=2719243&use=l&cat=p&typeid=i","cat":290424},{"id":229919,"n":"Huile végétale Laboratoire du Haut-Ségala - Argan Bio 50ml","p":9.99,"u":"199,80 €/L","img":"https://fd2-photos.leclercdrive.fr/image.ashx?id=2719471&use=l&cat=p&typeid=i","cat":290422},{"id":229920,"n":"Pain de mie rustique Harrys Sandwich Sans sucre ajouté 500g","p":2.29,"u":"4,58 €/KG","img":"https://fd2-photos.leclercdrive.fr/image.ashx?id=2962458&use=l&cat=p&typeid=i","cat":284477},{"id":229921,"n":"Pain de mie céréales Harrys Sandwich Sans sucre ajouté 550g","p":1.78,"u":"3,24 €/KG","img":"https://fd2-photos.leclercdrive.fr/image.ashx?id=2962452&use=l&cat=p&typeid=i","cat":284477},{"id":229957,"n":"12 Minis Babybel + 6 offerts - 396g","p":4.29,"u":"10,83 €/KG","img":"https://fd2-photos.leclercdrive.fr/image.ashx?id=2771705&use=l&cat=p&typeid=i","cat":314030},{"id":230099,"n":"Barres chocolatées Kitkat Noisettes - x8 - 332g","p":4.73,"u":"14,25 €/KG","img":"https://fd2-photos.leclercdrive.fr/image.ashx?id=2895053&use=l&cat=p&typeid=i","cat":284498},{"id":230160,"n":"Chocolat gianduja Novi Noisettes - 130g","p":3.05,"u":"23,46 €/KG","img":"https://fd2-photos.leclercdrive.fr/image.ashx?id=2778602&use=l&cat=p&typeid=i","cat":284497},{"id":230167,"n":"Lessive liquide X-tra Total  Ecopack  x41 - 1.845L","p":6.55,"u":"3,55 €/L","img":"https://fd2-photos.leclercdrive.fr/image.ashx?id=2890124&use=l&cat=p&typeid=i","cat":284640},{"id":230171,"n":"Bière Picon 1L","p":10.02,"u":"10,02 €/L","img":"https://fd2-photos.leclercdrive.fr/image.ashx?id=2720908&use=l&cat=p&typeid=i","cat":334872},{"id":230193,"n":"Nettoyant ménager La Croix Gel utra dégraissant - 1L","p":2.15,"u":"2,15 €/L","img":"https://fd2-photos.leclercdrive.fr/image.ashx?id=2721534&use=l&cat=p&typeid=i","cat":325357},{"id":230198,"n":"Gel nettoyant WC La Croix Ultra WC - 750ml","p":1.35,"u":"1,80 €/L","img":"https://fd2-photos.leclercdrive.fr/image.ashx?id=2721531&use=l&cat=p&typeid=i","cat":284662},{"id":230596,"n":"Colin à la Bordelaise Findus  MSC - 380g","p":4.04,"u":"10,63 €/KG","img":"https://fd2-photos.leclercdrive.fr/image.ashx?id=2899503&use=l&cat=p&typeid=i","cat":319786},{"id":230758,"n":"Dentifrice Oral-B 3D White Arctic Fresh - 75ml","p":3.54,"u":"47,20 €/L","img":"https://fd2-photos.leclercdrive.fr/image.ashx?id=2902385&use=l&cat=p&typeid=i","cat":284612},{"id":230778,"n":"Purée façon écrasé Dahl Yooji Bio - Dès 8 mois - 400g","p":3.81,"u":"9,53 €/KG","img":"https://fd2-photos.leclercdrive.fr/image.ashx?id=2723869&use=l&cat=p&typeid=i","cat":290631},{"id":231048,"n":"Yaourts brassés bio pêche Les 2 Vaches - 4x115g","p":2.01,"u":"4,37 €/KG","img":"https://fd2-photos.leclercdrive.fr/image.ashx?id=2725714&use=l&cat=p&typeid=i","cat":284410},{"id":231095,"n":"Mayonnaise de Dijon Amora 605g","p":3.24,"u":"5,36 €/KG","img":"https://fd2-photos.leclercdrive.fr/image.ashx?id=2877292&use=l&cat=p&typeid=i","cat":298295},{"id":231126,"n":"Thon entier MSC Rio Mare Filet d'huile d'olive - 120g","p":3.2,"u":"26,67 €/KG","img":"https://fd2-photos.leclercdrive.fr/image.ashx?id=2726263&use=l&cat=p&typeid=i","cat":303867},{"id":231127,"n":"Filets de thon Rio Mare Huile d'olive & piment 130g","p":4.3,"u":"33,08 €/KG","img":"https://fd2-photos.leclercdrive.fr/image.ashx?id=2726260&use=l&cat=p&typeid=i","cat":303867},{"id":231129,"n":"Filets de thon Rio Mare Huile d'olive vierge extra 130g","p":3.83,"u":"29,46 €/KG","img":"https://fd2-photos.leclercdrive.fr/image.ashx?id=2726257&use=l&cat=p&typeid=i","cat":303867},{"id":231203,"n":"Lessive liquide Super Croix  X-tra Japon x42- 1.89L","p":8.34,"u":"4,41 €/L","img":"https://fd2-photos.leclercdrive.fr/image.ashx?id=2876272&use=l&cat=p&typeid=i","cat":284640},{"id":231282,"n":"Chips Street food Vico  Saveur tzatziki - 120g","p":1.25,"u":"10,42 €/KG","img":"https://fd2-photos.leclercdrive.fr/image.ashx?id=2985192&use=l&cat=p&typeid=i","cat":284447},{"id":231366,"n":"Boîtes chien Cesar Natural Goodness en terrine - 3x400g","p":7.7,"u":"6,42 €/KG","img":"https://fd2-photos.leclercdrive.fr/image.ashx?id=2796405&use=l&cat=p&typeid=i","cat":288578},{"id":231368,"n":"Capsules café L'Or Espresso Supremo N°10 x30","p":9.16,"u":"58,72 €/KG","img":"https://fd2-photos.leclercdrive.fr/image.ashx?id=2788052&use=l&cat=p&typeid=i","cat":284749},{"id":231369,"n":"Capsules café L'Or Espresso Splendente N°7 x30","p":9.03,"u":"57,88 €/KG","img":"https://fd2-photos.leclercdrive.fr/image.ashx?id=2728846&use=l&cat=p&typeid=i","cat":284749},{"id":231370,"n":"Capsules café L'Or Espresso Ristretto N°11 x30","p":9.16,"u":"58,72 €/KG","img":"https://fd2-photos.leclercdrive.fr/image.ashx?id=2728843&use=l&cat=p&typeid=i","cat":284749},{"id":231372,"n":"Capsules café L'Or Espresso Delizioso N°5 x30","p":9.16,"u":"58,72 €/KG","img":"https://fd2-photos.leclercdrive.fr/image.ashx?id=2851345&use=l&cat=p&typeid=i","cat":284749},{"id":231407,"n":"Concentré saveur limonade  Sodastream sans sucre - 440ml","p":4.99,"pp":3.99,"u":"9,07 €/L","img":"https://fd2-photos.leclercdrive.fr/image.ashx?id=2728768&use=l&cat=p&typeid=i","cat":295020},{"id":231570,"n":"Badoit bulles de fruits rouges 1l","p":1.48,"u":"1,48 €/L","img":"https://fd2-photos.leclercdrive.fr/image.ashx?id=2964676&use=l&cat=p&typeid=i","cat":284536},{"id":231571,"n":"Badoit bulles de fruits  Exotiques - 1L","p":1.53,"u":"1,53 €/L","img":"https://fd2-photos.leclercdrive.fr/image.ashx?id=2753952&use=l&cat=p&typeid=i","cat":284536},{"id":231657,"n":"Tablettes lave-vaisselle Finish Power Plus - x35","p":7.43,"u":"13,27 €/KG","img":"https://fd2-photos.leclercdrive.fr/image.ashx?id=2749431&use=l&cat=p&typeid=i","cat":284656},{"id":231658,"n":"Lessive liquide X-tra Total  4 en 1 propreté x85 - 3.825L","p":13.51,"u":"3,53 €/L","img":"https://fd2-photos.leclercdrive.fr/image.ashx?id=2740568&use=l&cat=p&typeid=i","cat":284640},{"id":231697,"n":"Crème à raser Gillette Satin care - Douce - 177ml","p":15.23,"u":"86,05 €/L","img":"https://fd2-photos.leclercdrive.fr/image.ashx?id=2740883&use=l&cat=p&typeid=i","cat":325352},{"id":231699,"n":"Rasoir Gillette ProShield Power - +1 recharge","p":19.45,"img":"https://fd2-photos.leclercdrive.fr/image.ashx?id=2740865&use=l&cat=p&typeid=i","cat":284616},{"id":231706,"n":"Capsules lave-vaisselle Finish  Ultimate Citron - x42","p":9.88,"u":"18,23 €/KG","img":"https://fd2-photos.leclercdrive.fr/image.ashx?id=2749446&use=l&cat=p&typeid=i","cat":284656},{"id":231707,"n":"Capsules lave-vaisselle Finish  Ultimate - x42","p":10.03,"u":"17,66 €/KG","img":"https://fd2-photos.leclercdrive.fr/image.ashx?id=2749443&use=l&cat=p&typeid=i","cat":284656},{"id":231708,"n":"Capsules lave-vaisselle Finish  Quantum - x46","p":8.95,"u":"18,72 €/KG","img":"https://fd2-photos.leclercdrive.fr/image.ashx?id=2749440&use=l&cat=p&typeid=i","cat":284656},{"id":231709,"n":"Capsules lave-vaisselle Finish Ultimate Plus Citron - x35","p":8.95,"u":"20,96 €/KG","img":"https://fd2-photos.leclercdrive.fr/image.ashx?id=2749437&use=l&cat=p&typeid=i","cat":284656},{"id":231710,"n":"Capsules lave-vaisselle Finish Ultimate Plus - x35","p":8.95,"u":"20,96 €/KG","img":"https://fd2-photos.leclercdrive.fr/image.ashx?id=2749434&use=l&cat=p&typeid=i","cat":284656},{"id":231713,"n":"Spray nettoyant Cillit Bang Expert crasse & calcaire 750ml","p":2.88,"u":"3,84 €/L","img":"https://fd2-photos.leclercdrive.fr/image.ashx?id=2839755&use=l&cat=p&typeid=i","cat":325362},{"id":231715,"n":"Spray nettoyant Cillit Bang  Expert Javel - 750ml","p":2.96,"u":"3,95 €/L","img":"https://fd2-photos.leclercdrive.fr/image.ashx?id=2793653&use=l&cat=p&typeid=i","cat":325357},{"id":231923,"n":"Liquide vaisselle Maison Verte  Dégraissant, écologique - 500ml","p":1.73,"u":"3,46 €/L","img":"https://fd2-photos.leclercdrive.fr/image.ashx?id=2890619&use=l&cat=p&typeid=i","cat":284655},{"id":231983,"n":"AOP Côtes du Rhône Chateauneuf du Pape Domaine Brunely - 75 cl","p":20.88,"u":"27,84 €/L","img":"https://fd2-photos.leclercdrive.fr/image.ashx?id=2745061&use=l&cat=p&typeid=i","cat":289556},{"id":232112,"n":"Bâtonnets Magnum 3 variétés x8 - 572g","p":5.7,"u":"9,97 €/KG","img":"https://fd2-photos.leclercdrive.fr/image.ashx?id=3009308&use=l&cat=p&typeid=i","cat":284265},{"id":232145,"n":"Lessive liquide Mir Noir - 650ml - x13","p":4.72,"u":"7,26 €/L","img":"https://fd2-photos.leclercdrive.fr/image.ashx?id=2743043&use=l&cat=p&typeid=i","cat":284644},{"id":232183,"n":"Liquide vaisselle Mir  Dégraissant citron - 450ml","p":1.49,"u":"3,31 €/L","img":"https://fd2-photos.leclercdrive.fr/image.ashx?id=2744028&use=l&cat=p&typeid=i","cat":284655},{"id":232186,"n":"Liquide vaisselle Mir  Dégraissant orange - 450ml","p":1.66,"u":"3,69 €/L","img":"https://fd2-photos.leclercdrive.fr/image.ashx?id=2874907&use=l&cat=p&typeid=i","cat":284655},{"id":232195,"n":"Liquide vaisselle Mir  Peau sensible aloe vera - 450ml","p":1.47,"u":"3,27 €/L","img":"https://fd2-photos.leclercdrive.fr/image.ashx?id=2874904&use=l&cat=p&typeid=i","cat":284655},{"id":232230,"n":"Crème visage Mixa Expert Anti-tâches SPF20 - 50ml","p":10.59,"u":"211,80 €/L","img":"https://fd2-photos.leclercdrive.fr/image.ashx?id=2770551&use=l&cat=p&typeid=i","cat":325345},{"id":232231,"n":"Nettoyant confort visage Mixa Anti-secheresse - 150ml","p":5.87,"u":"39,13 €/L","img":"https://fd2-photos.leclercdrive.fr/image.ashx?id=2744171&use=l&cat=p&typeid=i","cat":284603},{"id":232233,"n":"Gelée matifiante visage Mixa Anti-imperfections - 50ml","p":9.97,"u":"199,40 €/L","img":"https://fd2-photos.leclercdrive.fr/image.ashx?id=2770554&use=l&cat=p&typeid=i","cat":325345},{"id":232237,"n":"Nettoyant confort visage Mixa Anti-imperfection - 150ml","p":5.87,"u":"39,13 €/L","img":"https://fd2-photos.leclercdrive.fr/image.ashx?id=2744168&use=l&cat=p&typeid=i","cat":284603},{"id":232302,"n":"Dentifrice Signal Professionnel Soin complet - 75ml","p":4.05,"u":"54,00 €/L","img":"https://fd2-photos.leclercdrive.fr/image.ashx?id=2903878&use=l&cat=p&typeid=i","cat":284612},{"id":232309,"n":"Bloc WC Fresh Disc Canard Citron vert - 1x36ml","p":2.74,"img":"https://fd2-photos.leclercdrive.fr/image.ashx?id=2745769&use=l&cat=p&typeid=i","cat":284662},{"id":232318,"n":"Tablette lave-vaisselle Sun Tout-en-1 - x86 - 1.419kg","p":14.78,"u":"10,42 €/KG","img":"https://fd2-photos.leclercdrive.fr/image.ashx?id=3000899&use=l&cat=p&typeid=i","cat":284656},{"id":232319,"n":"Tablettes lave-vaisselle Sun Tout-en-1 - x24 -396g","p":5.45,"u":"13,76 €/KG","img":"https://fd2-photos.leclercdrive.fr/image.ashx?id=2760543&use=l&cat=p&typeid=i","cat":284656},{"id":232321,"n":"Lessive capsules Tout-en-1 Skip Soin complet - x24 - 506.4g","p":12.27,"u":"24,25 €/KG","img":"https://fd2-photos.leclercdrive.fr/image.ashx?id=2773931&use=l&cat=p&typeid=i","cat":284641},{"id":232341,"n":"Bloc WC Canard Fresh Disc Fraîcheur marine - 36ml","p":2.64,"img":"https://fd2-photos.leclercdrive.fr/image.ashx?id=2747691&use=l&cat=p&typeid=i","cat":284662},{"id":232346,"n":"Tablettes Adoucissant Soupline Coeur Emotion Rose - x28 336g","p":6.43,"u":"19,14 €/KG","img":"https://fd2-photos.leclercdrive.fr/image.ashx?id=2745841&use=l&cat=p&typeid=i","cat":284650},{"id":232347,"n":"Perles de linge Soupline Coco - 230g","p":5.97,"u":"25,96 €/KG","img":"https://fd2-photos.leclercdrive.fr/image.ashx?id=2945829&use=l&cat=p&typeid=i","cat":325302},{"id":232348,"n":"Perles de linge Soupline Lavande - 230g","p":5.97,"u":"25,96 €/KG","img":"https://fd2-photos.leclercdrive.fr/image.ashx?id=2745835&use=l&cat=p&typeid=i","cat":325302},{"id":232351,"n":"Désinfectant du linge Lysol  Douceur de printemps - 1L","p":5.99,"pp":3.95,"u":"3,95 €/L","img":"https://fd2-photos.leclercdrive.fr/image.ashx?id=2745745&use=l&cat=p&typeid=i","cat":290451},{"id":232352,"n":"Désinfectant du linge Lysol  Parfum linge frais - 1,5L","p":5.99,"pp":3.95,"u":"2,63 €/L","img":"https://fd2-photos.leclercdrive.fr/image.ashx?id=2745742&use=l&cat=p&typeid=i","cat":290451},{"id":232358,"n":"Gel lavant désinfectant Sanytol Purifiant - 500ml","p":5.22,"u":"10,44 €/L","img":"https://fd2-photos.leclercdrive.fr/image.ashx?id=2904664&use=l&cat=p&typeid=i","cat":284597},{"id":232367,"n":"Déodorant spray homme Axe Black Vanilla 72h - 150ml","p":3.87,"u":"25,80 €/L","img":"https://fd2-photos.leclercdrive.fr/image.ashx?id=2910237&use=l&cat=p&typeid=i","cat":284618},{"id":232518,"n":"Pâtes Barilla Stelline - 500g","p":1.2,"u":"2,40 €/KG","img":"https://fd2-photos.leclercdrive.fr/image.ashx?id=2748662&use=l&cat=p&typeid=i","cat":284427},{"id":232519,"n":"Pâtes Barilla Risoni - 500g","p":1.25,"u":"2,50 €/KG","img":"https://fd2-photos.leclercdrive.fr/image.ashx?id=2748665&use=l&cat=p&typeid=i","cat":284427},{"id":232520,"n":"Pâtes Barilla Ditalini Rigati - 500g","p":1.27,"u":"2,54 €/KG","img":"https://fd2-photos.leclercdrive.fr/image.ashx?id=2748668&use=l&cat=p&typeid=i","cat":284427},{"id":232642,"n":"Boisson énergisante Red Bull Goût Juneberry, 250ml","p":1.23,"u":"4,92 €/L","img":"https://fd2-photos.leclercdrive.fr/image.ashx?id=2748713&use=l&cat=p&typeid=i","cat":284533},{"id":232701,"n":"Thon au naturel Petit Navire  93g","p":1.69,"u":"18,17 €/KG","img":"https://fd2-photos.leclercdrive.fr/image.ashx?id=2748101&use=l&cat=p&typeid=i","cat":303867},{"id":232855,"n":"Purée façon écrasé Tajine Yooji Bio - Dès 8 mois - 400g","p":4.38,"u":"10,95 €/KG","img":"https://fd2-photos.leclercdrive.fr/image.ashx?id=2750570&use=l&cat=p&typeid=i","cat":312236},{"id":232878,"n":"Brossettes interdentaires Gum Bi-direction - 0.9mmx6","p":3.49,"img":"https://fd2-photos.leclercdrive.fr/image.ashx?id=2750084&use=l&cat=p&typeid=i","cat":301595},{"id":232879,"n":"Brossettes interdentaires Gum Bi-direction - 0.7mmx6","p":3.49,"img":"https://fd2-photos.leclercdrive.fr/image.ashx?id=2750081&use=l&cat=p&typeid=i","cat":301595},{"id":232918,"n":"Gel douche Osmae Figuier sauvage - 1L","p":6.59,"u":"6,59 €/L","img":"https://fd2-photos.leclercdrive.fr/image.ashx?id=2751234&use=l&cat=p&typeid=i","cat":301591},{"id":232919,"n":"Gel douche Osmaé Rose impériale - 1L","p":6.59,"u":"6,59 €/L","img":"https://fd2-photos.leclercdrive.fr/image.ashx?id=2751231&use=l&cat=p&typeid=i","cat":301591},{"id":232922,"n":"Huile d'amande douce Natessance 100% naturelle Bio - 50ml","p":4.45,"u":"89,00 €/L","img":"https://fd2-photos.leclercdrive.fr/image.ashx?id=2750027&use=l&cat=p&typeid=i","cat":290422},{"id":232949,"n":"Cottage cheese Danone Nature x2 - 360g","p":3.85,"u":"10,69 €/KG","img":"https://fd2-photos.leclercdrive.fr/image.ashx?id=2915694&use=l&cat=p&typeid=i","cat":314029},{"id":232971,"n":"Râpe Scholl Manuelle Nanofile - x1","p":9.37,"img":"https://fd2-photos.leclercdrive.fr/image.ashx?id=2990958&use=l&cat=p&typeid=i","cat":323852},{"id":232974,"n":"Gel massage Intimy Pomme d'amour - 200ml","p":7.18,"u":"35,90 €/L","img":"https://fd2-photos.leclercdrive.fr/image.ashx?id=2751012&use=l&cat=p&typeid=i","cat":285160},{"id":232979,"n":"Bougie Glade Aromatherapy  Orange & Néroli - x1","p":7.06,"img":"https://fd2-photos.leclercdrive.fr/image.ashx?id=2867725&use=l&cat=p&typeid=i","cat":284666},{"id":232980,"n":"Bougie Glade Aromatherapy Lavande & bois de santal - x1","p":6.49,"img":"https://fd2-photos.leclercdrive.fr/image.ashx?id=2867722&use=l&cat=p&typeid=i","cat":284666},{"id":232982,"n":"Bougie Glade Vanille - 112g","p":3.62,"img":"https://fd2-photos.leclercdrive.fr/image.ashx?id=2751285&use=l&cat=p&typeid=i","cat":284666},{"id":232984,"n":"Bougie Glade I Love You - 112g","p":3.62,"img":"https://fd2-photos.leclercdrive.fr/image.ashx?id=2865440&use=l&cat=p&typeid=i","cat":284666},{"id":232985,"n":"Bougie Glade Honey & Chocolate - x1","p":3.62,"img":"https://fd2-photos.leclercdrive.fr/image.ashx?id=2865437&use=l&cat=p&typeid=i","cat":284666},{"id":232986,"n":"Bougie Glade Anti-tabac - 112g","p":3.62,"img":"https://fd2-photos.leclercdrive.fr/image.ashx?id=2751276&use=l&cat=p&typeid=i","cat":284666},{"id":232989,"n":"Spray nettoyant Cillit Bang  Expert Dégraissant - 750ml","p":3.03,"img":"https://fd2-photos.leclercdrive.fr/image.ashx?id=2751222&use=l&cat=p&typeid=i","cat":325357},{"id":232994,"n":"Gel Lubrifiant Intime Intimy Fleur de coton - 70ml","p":5.2,"u":"74,29 €/L","img":"https://fd2-photos.leclercdrive.fr/image.ashx?id=2774957&use=l&cat=p&typeid=i","cat":285160},{"id":233001,"n":"Gel Lubrifiant Durex Naturel Hydratant - 100ML","p":7.87,"u":"78,70 €/L","img":"https://fd2-photos.leclercdrive.fr/image.ashx?id=2962026&use=l&cat=p&typeid=i","cat":285160},{"id":233111,"n":"Shampooing/ Après-shampooing Herbal Essences Noix de coco x2","p":6.78,"img":"https://fd2-photos.leclercdrive.fr/image.ashx?id=2922248&use=l&cat=p&typeid=i","cat":284606},{"id":233137,"n":"Masque cheveux Fructis Réparateur - Papaye - 320ml","p":5.79,"u":"18,09 €/L","img":"https://fd2-photos.leclercdrive.fr/image.ashx?id=2754036&use=l&cat=p&typeid=i","cat":284608},{"id":233138,"n":"Masque cheveux Fructis Lissant - Macadamia - 320ml","p":5.8,"u":"18,13 €/L","img":"https://fd2-photos.leclercdrive.fr/image.ashx?id=2754039&use=l&cat=p&typeid=i","cat":284608},{"id":233151,"n":"Masque cheveux fructis Nourrissant - Banana - 320ml","p":5.79,"u":"18,09 €/L","img":"https://fd2-photos.leclercdrive.fr/image.ashx?id=2754042&use=l&cat=p&typeid=i","cat":284608},{"id":233153,"n":"Masque cheveux Fructis Nutrition Beurre de cacao 320ml","p":5.79,"u":"18,09 €/L","img":"https://fd2-photos.leclercdrive.fr/image.ashx?id=2788763&use=l&cat=p&typeid=i","cat":284608},{"id":233154,"n":"Masque cheveux Fructis Hydratant - Aloe Vera - 320ml","p":5.91,"u":"18,47 €/L","img":"https://fd2-photos.leclercdrive.fr/image.ashx?id=2754048&use=l&cat=p&typeid=i","cat":284608},{"id":233296,"n":"Repas en sauce Friskies Viande légumes 24x85g","p":7.83,"u":"3,84 €/KG","img":"https://fd2-photos.leclercdrive.fr/image.ashx?id=2878444&use=l&cat=p&typeid=i","cat":284673},{"id":233313,"n":"Gel WC Javel Harpic Ultra blancheur Agrumes - 750ml","p":1.75,"u":"2,33 €/L","img":"https://fd2-photos.leclercdrive.fr/image.ashx?id=2864690&use=l&cat=p&typeid=i","cat":284662},{"id":233443,"n":"Escalopes de dinde Eco+ x5 - 600g","p":5.98,"u":"9,97 €/KG","img":"https://fd2-photos.leclercdrive.fr/image.ashx?id=2759187&use=l&cat=p&typeid=i","cat":284337},{"id":233473,"n":"Bière blonde Leffe Prestige 124 8,5% - 75cl","p":4.11,"u":"5,48 €/L","img":"https://fd2-photos.leclercdrive.fr/image.ashx?id=2755816&use=l&cat=p&typeid=i","cat":334852},{"id":233474,"n":"Bière blonde Leffe Prestige  8,5% - 12x25cl","p":13.32,"u":"4,44 €/L","img":"https://fd2-photos.leclercdrive.fr/image.ashx?id=2755819&use=l&cat=p&typeid=i","cat":334852},{"id":233594,"n":"AOC Saint Julien Chateau Gloria vin rouge - 75 cl","p":40.56,"u":"54,08 €/L","img":"https://fd2-photos.leclercdrive.fr/image.ashx?id=3011620&use=l&cat=p&typeid=i","cat":289556},{"id":233626,"n":"Spray démêlant Le Petit Marseillais Pamplemousse 200ml","p":3.67,"u":"18,35 €/L","img":"https://fd2-photos.leclercdrive.fr/image.ashx?id=2758099&use=l&cat=p&typeid=i","cat":284608},{"id":233637,"n":"Concentré Sodastream Grenadine - 440ml","p":4.99,"pp":3.99,"u":"9,07 €/L","img":"https://fd2-photos.leclercdrive.fr/image.ashx?id=2765360&use=l&cat=p&typeid=i","cat":295020},{"id":233638,"n":"Concentré Sodastream Orange - 440ml","p":4.99,"pp":3.99,"u":"9,07 €/L","img":"https://fd2-photos.leclercdrive.fr/image.ashx?id=2765522&use=l&cat=p&typeid=i","cat":295020},{"id":233639,"n":"Concentré Sodastream Limonade - 440ml","p":4.99,"pp":3.99,"u":"90,68 €/L","img":"https://fd2-photos.leclercdrive.fr/image.ashx?id=2758758&use=l&cat=p&typeid=i","cat":295020},{"id":233640,"n":"Concentré Sodastream Tonic - 440ml","p":4.99,"pp":3.99,"u":"9,07 €/L","img":"https://fd2-photos.leclercdrive.fr/image.ashx?id=2765525&use=l&cat=p&typeid=i","cat":295020},{"id":233644,"n":"Escalopes de dinde Eco+ x2 - 240g","p":2.99,"u":"12,46 €/KG","img":"https://fd2-photos.leclercdrive.fr/image.ashx?id=2764797&use=l&cat=p&typeid=i","cat":284337},{"id":233645,"n":"Café Soluble Starbucks Caramel Latte 5 sticks - 115g","p":2.93,"u":"25,48 €/KG","img":"https://fd2-photos.leclercdrive.fr/image.ashx?id=2766099&use=l&cat=p&typeid=i","cat":284843},{"id":233646,"n":"Café Soluble Starbucks White Mocha 5 sticks - 120g","p":2.93,"u":"24,42 €/KG","img":"https://fd2-photos.leclercdrive.fr/image.ashx?id=2758463&use=l&cat=p&typeid=i","cat":284843},{"id":233648,"n":"Capsules Starbucks by Nespresso  Blonde Décaféiné Int 6 - x10","p":3.67,"u":"0,37 €/P","img":"https://fd2-photos.leclercdrive.fr/image.ashx?id=2758469&use=l&cat=p&typeid=i","cat":284749},{"id":233649,"n":"Bouchées vapeur aux crevettes Tables du Monde x8 - 164g","p":3.17,"u":"19,33 €/KG","img":"https://fd2-photos.leclercdrive.fr/image.ashx?id=2757949&use=l&cat=p&typeid=i","cat":319774},{"id":233696,"n":"Gaufres Brioche Pasquier aux  Perles de sucre x6 -240g","p":2.67,"u":"11,13 €/KG","img":"https://fd2-photos.leclercdrive.fr/image.ashx?id=2858633&use=l&cat=p&typeid=i","cat":294777},{"id":233719,"n":"Baume cicaplast La Roche-Posay B5 SPF50+ - 40ml","p":10.99,"u":"274,75 €/L","img":"https://fd2-photos.leclercdrive.fr/image.ashx?id=2795111&use=l&cat=p&typeid=i","cat":290397},{"id":233729,"n":"Lessive liquide Skip Cycle  Court Efficacité Express x54","p":13.95,"u":"6,46 €/L","img":"https://fd2-photos.leclercdrive.fr/image.ashx?id=2843553&use=l&cat=p&typeid=i","cat":284640},{"id":233730,"n":"Lessive liquide Skip Cycle Court Couleur Protect x54","p":13.95,"u":"6,46 €/L","img":"https://fd2-photos.leclercdrive.fr/image.ashx?id=2842168&use=l&cat=p&typeid=i","cat":284640},{"id":233731,"n":"Lessive liquide Skip Cycle  Court Odeur Control x54","p":13.95,"u":"6,46 €/L","img":"https://fd2-photos.leclercdrive.fr/image.ashx?id=2788253&use=l&cat=p&typeid=i","cat":284640},{"id":233756,"n":"Riz long grain Taureau Ailé Méditerranée - 800g","p":2.14,"u":"2,68 €/KG","img":"https://fd2-photos.leclercdrive.fr/image.ashx?id=2866801&use=l&cat=p&typeid=i","cat":284428},{"id":233886,"n":"Dosettes café Senseo Cappuccino x8","p":3.03,"u":"32,93 €/KG","img":"https://fd2-photos.leclercdrive.fr/image.ashx?id=2760187&use=l&cat=p&typeid=i","cat":293238},{"id":233920,"n":"Os Vitakraft Calcium Poulet  Pure Bonas","p":3.37,"img":"https://fd2-photos.leclercdrive.fr/image.ashx?id=2851255&use=l&cat=p&typeid=i","cat":294527},{"id":233947,"n":"Lessive capsules 3en1 Omo Rose & Lilas Blanc - 502g x29","p":9.66,"u":"19,24 €/KG","img":"https://fd2-photos.leclercdrive.fr/image.ashx?id=2841610&use=l&cat=p&typeid=i","cat":284641},{"id":233949,"n":"Lessive capsules 3en1 Omo Lavande & Patchouli - x29 502g","p":9.84,"u":"19,60 €/KG","img":"https://fd2-photos.leclercdrive.fr/image.ashx?id=2832599&use=l&cat=p&typeid=i","cat":284641},{"id":233950,"n":"Lessive capsules 3en1 Omo Jasmin fleur de coton 502g x29","p":9.84,"u":"19,60 €/KG","img":"https://fd2-photos.leclercdrive.fr/image.ashx?id=2841613&use=l&cat=p&typeid=i","cat":284641},{"id":233953,"n":"Lessive liquide Skip Cycle  Court Efficacité Express x37","p":9.66,"u":"6,53 €/L","img":"https://fd2-photos.leclercdrive.fr/image.ashx?id=2910240&use=l&cat=p&typeid=i","cat":284640},{"id":233955,"n":"Lessive liquide Skip Cycle Court Odeur Control x37","p":9.68,"u":"6,54 €/L","img":"https://fd2-photos.leclercdrive.fr/image.ashx?id=2927735&use=l&cat=p&typeid=i","cat":284640},{"id":233956,"n":"Lessive liquide Omo Rose & Lilas Blanc - 1.76L","p":9.53,"u":"5,40 €/L","img":"https://fd2-photos.leclercdrive.fr/image.ashx?id=2818208&use=l&cat=p&typeid=i","cat":284640},{"id":233961,"n":"Lessive liquide Omo Jasmin & Fleur de coton 1.764L x42","p":9.26,"u":"5,25 €/L","img":"https://fd2-photos.leclercdrive.fr/image.ashx?id=2841616&use=l&cat=p&typeid=i","cat":284640},{"id":233963,"n":"Lessive liquide Skip Cycle Court Couleur Protect x37","p":9.72,"u":"6,57 €/L","img":"https://fd2-photos.leclercdrive.fr/image.ashx?id=2910246&use=l&cat=p&typeid=i","cat":284640},{"id":233984,"n":"Nouilles instantanées Daisuki Curry Pirikara - 61g","p":1.65,"u":"27,05 €/KG","img":"https://fd2-photos.leclercdrive.fr/image.ashx?id=2762007&use=l&cat=p&typeid=i","cat":288992},{"id":233985,"n":"Nouilles instantanées Daisuki Boeuf Gyudon - 60g","p":1.7,"u":"28,33 €/KG","img":"https://fd2-photos.leclercdrive.fr/image.ashx?id=2762004&use=l&cat=p&typeid=i","cat":288992},{"id":234019,"n":"Bol nouilles instantanées  Daisuki - Poulet Teriyaki 60g","p":1.56,"u":"26,00 €/KG","img":"https://fd2-photos.leclercdrive.fr/image.ashx?id=2762001&use=l&cat=p&typeid=i","cat":288992},{"id":234149,"n":"Crème de douche Cadum Hypoallergenic - 750ml","p":5.05,"u":"6,73 €/L","img":"https://fd2-photos.leclercdrive.fr/image.ashx?id=2802515&use=l&cat=p&typeid=i","cat":284594},{"id":234150,"n":"Crème de douche Cadum Douceur velours - 450ml","p":2.81,"u":"6,24 €/L","img":"https://fd2-photos.leclercdrive.fr/image.ashx?id=2802518&use=l&cat=p&typeid=i","cat":284594},{"id":234152,"n":"Déodorant bille Ushuaïa Monoï & tiaré - 50ml","p":2.74,"u":"54,80 €/L","img":"https://fd2-photos.leclercdrive.fr/image.ashx?id=2769020&use=l&cat=p&typeid=i","cat":284595},{"id":234155,"n":"Déodorant bille femme Ushuaïa Grenade açores - 50ml","p":2.74,"u":"54,80 €/L","img":"https://fd2-photos.leclercdrive.fr/image.ashx?id=2789092&use=l&cat=p&typeid=i","cat":284595},{"id":234156,"n":"Déodorant bille Ushuaïa Vanille - 50ml","p":2.74,"u":"54,80 €/L","img":"https://fd2-photos.leclercdrive.fr/image.ashx?id=2769023&use=l&cat=p&typeid=i","cat":284595},{"id":234157,"n":"Déodorant spray Ushuaïa Grenade - 200ml","p":2.74,"u":"13,70 €/L","img":"https://fd2-photos.leclercdrive.fr/image.ashx?id=2769026&use=l&cat=p&typeid=i","cat":284595},{"id":234158,"n":"Déodorant spray Ushuaïa Orchidée - 200ml","p":2.74,"u":"13,70 €/L","img":"https://fd2-photos.leclercdrive.fr/image.ashx?id=2769029&use=l&cat=p&typeid=i","cat":284595},{"id":234159,"n":"Déodorant spray Ushuaïa Vanille - 200ml","p":2.74,"u":"13,70 €/L","img":"https://fd2-photos.leclercdrive.fr/image.ashx?id=2769032&use=l&cat=p&typeid=i","cat":284595},{"id":234163,"n":"Déodorant compressé Narta Resixyl Physio - 100ml","p":5.24,"u":"52,40 €/L","img":"https://fd2-photos.leclercdrive.fr/image.ashx?id=2778401&use=l&cat=p&typeid=i","cat":284595},{"id":234166,"n":"Déodorant spray homme Narta Resixyl Physio - 200ml","p":4.89,"u":"24,45 €/L","img":"https://fd2-photos.leclercdrive.fr/image.ashx?id=2769044&use=l&cat=p&typeid=i","cat":284596},{"id":234168,"n":"Déodorant bille homme Narta Resixyl Physio - 50ml","p":4.36,"u":"87,20 €/L","img":"https://fd2-photos.leclercdrive.fr/image.ashx?id=2769035&use=l&cat=p&typeid=i","cat":284596},{"id":234290,"n":"KINDER Surprise PLAYMOBIL Chocolat au lait - 3x20g","p":3.01,"u":"50,17 €/KG","img":"https://fd2-photos.leclercdrive.fr/image.ashx?id=2948495&use=l&cat=p&typeid=i","cat":284958},{"id":234333,"n":"Gourdes Pom'Potes Pomme poire banane x96 - 8.64kg","p":29.99,"u":"3,47 €/KG","img":"https://fd2-photos.leclercdrive.fr/image.ashx?id=2918553&use=l&cat=p&typeid=i","cat":284508},{"id":234370,"n":"Cornichons Croq'Vert  Amora Extra-fins aux épices 210g","p":1.82,"u":"8,67 €/KG","img":"https://fd2-photos.leclercdrive.fr/image.ashx?id=2770671&use=l&cat=p&typeid=i","cat":284458},{"id":234375,"n":"Nouilles Tables du Monde Poulet - 3x65g","p":1.39,"u":"7,13 €/KG","img":"https://fd2-photos.leclercdrive.fr/image.ashx?id=2763045&use=l&cat=p&typeid=i","cat":288992},{"id":234482,"n":"Infusion sans théine Kusmi Tea Rituel sommeil x18 - 36g","p":8.9,"u":"247,22 €/KG","img":"https://fd2-photos.leclercdrive.fr/image.ashx?id=2765252&use=l&cat=p&typeid=i","cat":293234},{"id":234483,"n":"Infusion sans théine Kusmi Tea Défenses immunitaires x18 - 36g","p":8.9,"u":"247,22 €/KG","img":"https://fd2-photos.leclercdrive.fr/image.ashx?id=2765255&use=l&cat=p&typeid=i","cat":293234},{"id":234603,"n":"Whisky Fondaudège Finition Tourbée 40° - 70cl","p":34.76,"u":"49,66 €/L","img":"https://fd2-photos.leclercdrive.fr/image.ashx?id=2766493&use=l&cat=p&typeid=i","cat":284547},{"id":234745,"n":"Thon entier Rio Mare  filet d'huile d'olive - 120g","p":3.22,"u":"26,83 €/KG","img":"https://fd2-photos.leclercdrive.fr/image.ashx?id=2767240&use=l&cat=p&typeid=i","cat":303867},{"id":234751,"n":"Déodorant bille Rexona Men Invisible Ice Fresh - 2x50ml","p":5.69,"u":"56,90 €/L","img":"https://fd2-photos.leclercdrive.fr/image.ashx?id=2767030&use=l&cat=p&typeid=i","cat":284618},{"id":234789,"n":"Brassé façon skyr Yabon Nature - 120g","p":1.56,"u":"13,00 €/KG","img":"https://fd2-photos.leclercdrive.fr/image.ashx?id=2767971&use=l&cat=p&typeid=i","cat":284506},{"id":234790,"n":"Brassé façon skyr Yabon Vanille - 120g","p":1.56,"u":"13,00 €/KG","img":"https://fd2-photos.leclercdrive.fr/image.ashx?id=2767974&use=l&cat=p&typeid=i","cat":284506},{"id":234791,"n":"Brassé façon skyr Yabon Citron - 120g","p":1.54,"u":"12,83 €/KG","img":"https://fd2-photos.leclercdrive.fr/image.ashx?id=2767977&use=l&cat=p&typeid=i","cat":284506},{"id":234849,"n":"Etuis mouchoirs Lotus Compact+ - x40","p":2.9,"img":"https://fd2-photos.leclercdrive.fr/image.ashx?id=2769161&use=l&cat=p&typeid=i","cat":284638},{"id":234860,"n":"Fromage Mini Caprice Des Dieux Filet de 4 Portions - 200g","p":3.22,"u":"16,10 €/KG","img":"https://fd2-photos.leclercdrive.fr/image.ashx?id=2768933&use=l&cat=p&typeid=i","cat":314033},{"id":234869,"n":"Gâteau moelleux Chocalin Harrys Cacao et Chocolat X10 - 350G","p":3.35,"u":"9,57 €/KG","img":"https://fd2-photos.leclercdrive.fr/image.ashx?id=2962464&use=l&cat=p&typeid=i","cat":284495},{"id":234870,"n":"Gâteaux Choco Mousse Harrys Fourrés au chocolat  X8 - 280G","p":2.72,"u":"9,71 €/KG","img":"https://fd2-photos.leclercdrive.fr/image.ashx?id=2985069&use=l&cat=p&typeid=i","cat":284495},{"id":234873,"n":"Glaçons cubes Eco+ 2kg","p":1.99,"u":"1,00 €/KG","img":"https://fd2-photos.leclercdrive.fr/image.ashx?id=2768758&use=l&cat=p&typeid=i","cat":285987},{"id":234947,"n":"Filets de thon Rio Mare Huile d'Olive & Gingembre -130g","p":4.3,"u":"33,08 €/KG","img":"https://fd2-photos.leclercdrive.fr/image.ashx?id=2770915&use=l&cat=p&typeid=i","cat":303867},{"id":235066,"n":"Repas bébé Blédichef 12 mois Potirons et panais -2x230g","p":4.13,"u":"8,98 €/KG","img":"https://fd2-photos.leclercdrive.fr/image.ashx?id=2935780&use=l&cat=p&typeid=i","cat":312237},{"id":235067,"n":"Repas bébé Blédichef Dès 12mois Carotte et semoule - 4x230g","p":8.09,"u":"8,79 €/KG","img":"https://fd2-photos.leclercdrive.fr/image.ashx?id=2773216&use=l&cat=p&typeid=i","cat":312237},{"id":235121,"n":"Morceaux de thon Petit Navire Au naturel - 3x112g","p":5.39,"u":"16,04 €/KG","img":"https://fd2-photos.leclercdrive.fr/image.ashx?id=2887488&use=l&cat=p&typeid=i","cat":303867},{"id":235127,"n":"Biscuits parmesan poivre Savour 100g","p":1.85,"u":"18,50 €/KG","img":"https://fd2-photos.leclercdrive.fr/image.ashx?id=2791048&use=l&cat=p&typeid=i","cat":297000},{"id":235202,"n":"Menthe Pastille Giffard 24%vol - 150cl","p":22.9,"pp":20.9,"u":"13,93 €/L","img":"https://fd2-photos.leclercdrive.fr/image.ashx?id=2775712&use=l&cat=p&typeid=i","cat":286032},{"id":235247,"n":"M&M's Peanut x5 180g","p":1.96,"u":"10,89 €/KG","img":"https://fd2-photos.leclercdrive.fr/image.ashx?id=3009011&use=l&cat=p&typeid=i","cat":304238},{"id":235260,"n":"Pâte Lotus Biscoff Speculoos Creamy - 410g","p":3.71,"u":"9,05 €/KG","img":"https://fd2-photos.leclercdrive.fr/image.ashx?id=2776208&use=l&cat=p&typeid=i","cat":284481},{"id":235349,"n":"Sucre glace Daddy 500g","p":1.65,"u":"3,30 €/KG","img":"https://fd2-photos.leclercdrive.fr/image.ashx?id=2975864&use=l&cat=p&typeid=i","cat":284502},{"id":235413,"n":"Tube harissa El Manar  - 140g","p":0.84,"u":"6,00 €/KG","img":"https://fd2-photos.leclercdrive.fr/image.ashx?id=2776552&use=l&cat=p&typeid=i","cat":289013},{"id":235459,"n":"Goûter moelleux Tendrissime Cacao Noisette x8 - 264g","p":3.27,"u":"12,39 €/KG","img":"https://fd2-photos.leclercdrive.fr/image.ashx?id=2962461&use=l&cat=p&typeid=i","cat":284495},{"id":235671,"n":"Fromage chaud Le Braison 240g","p":5.89,"u":"24,54 €/KG","img":"https://fd2-photos.leclercdrive.fr/image.ashx?id=2970771&use=l&cat=p&typeid=i","cat":314037},{"id":235685,"n":"Lait bébé en poudre Calisma Gallia Croissance 12 mois 830g","p":11.18,"u":"13,47 €/KG","img":"https://fd2-photos.leclercdrive.fr/image.ashx?id=2794274&use=l&cat=p&typeid=i","cat":290219},{"id":235710,"n":"Chapelure Tablier Blanc 400g","p":0.88,"u":"2,20 €/KG","img":"https://fd2-photos.leclercdrive.fr/image.ashx?id=2793335&use=l&cat=p&typeid=i","cat":288382},{"id":235786,"n":"Tablette lave-vaisselle Visior Tout-en-un - x45 - 765g","p":5.27,"u":"6,89 €/KG","img":"https://fd2-photos.leclercdrive.fr/image.ashx?id=2954902&use=l&cat=p&typeid=i","cat":284656},{"id":235796,"n":"Mouliné de légumes verts Régal 1L","p":1.88,"u":"1,88 €/L","img":"https://fd2-photos.leclercdrive.fr/image.ashx?id=2781007&use=l&cat=p&typeid=i","cat":284462},{"id":235802,"n":"Diffuseur électrique Insectivor Anti-moustique - +1 recharge","p":5.35,"img":"https://fd2-photos.leclercdrive.fr/image.ashx?id=2781004&use=l&cat=p&typeid=i","cat":298368},{"id":235831,"n":"Brosse à dent électrique +1 Recharge Active Power","p":14.99,"img":"https://fd2-photos.leclercdrive.fr/image.ashx?id=2781049&use=l&cat=p&typeid=i","cat":297133},{"id":235835,"n":"Lessive capsules Skip Extra détachant - 759.6g x36","p":13.13,"u":"17,28 €/KG","img":"https://fd2-photos.leclercdrive.fr/image.ashx?id=2929242&use=l&cat=p&typeid=i","cat":284641},{"id":235860,"n":"Solution micellaire Filorga Skin-Prep - 400ml","p":16.04,"u":"40,10 €/L","img":"https://fd2-photos.leclercdrive.fr/image.ashx?id=2782135&use=l&cat=p&typeid=i","cat":284603},{"id":235870,"n":"Chocolat Côte d'Or selection 187g","p":9.95,"pp":6.96,"u":"37,22 €/KG","img":"https://fd2-photos.leclercdrive.fr/image.ashx?id=2916453&use=l&cat=p&typeid=i","cat":327595},{"id":235910,"n":"Calendrier de l'Avent Milka Père Noël - 213g","p":13.89,"u":"65,21 €/KG","img":"https://fd2-photos.leclercdrive.fr/image.ashx?id=2937983&use=l&cat=p&typeid=i","cat":336112},{"id":235921,"n":"Whisky Aberlour 40% 70cl","p":30.61,"u":"43,73 €/L","img":"https://fd2-photos.leclercdrive.fr/image.ashx?id=3000369&use=l&cat=p&typeid=i","cat":284547},{"id":235951,"n":"Frite classique Mc Cain Air Fryer - 600g","p":2.69,"u":"4,48 €/KG","img":"https://fd2-photos.leclercdrive.fr/image.ashx?id=2973345&use=l&cat=p&typeid=i","cat":319791},{"id":236050,"n":"Lait bébé en poudre Calisma Gallia Junior Dès 18 mois 830g","p":10.94,"u":"13,18 €/KG","img":"https://fd2-photos.leclercdrive.fr/image.ashx?id=2907860&use=l&cat=p&typeid=i","cat":290219},{"id":236236,"n":"Café en capsules Lavazza Tales of Roma x10 - 57g","p":3.67,"u":"64,39 €/KG","img":"https://fd2-photos.leclercdrive.fr/image.ashx?id=2919042&use=l&cat=p&typeid=i","cat":284749},{"id":236240,"n":"Café en capsules Lavazza Tales  of Napoli x10 - 55g","p":3.66,"u":"66,55 €/KG","img":"https://fd2-photos.leclercdrive.fr/image.ashx?id=2919039&use=l&cat=p&typeid=i","cat":284749},{"id":236243,"n":"Rôti de chapon farci Maître Coq Marrons - 700g","p":13.98,"u":"19,97 €/KG","img":"https://fd2-photos.leclercdrive.fr/image.ashx?id=2784776&use=l&cat=p&typeid=i","cat":327289},{"id":236433,"n":"Haché moelleux Férial 600g","p":6.55,"u":"10,92 €/KG","img":"https://fd2-photos.leclercdrive.fr/image.ashx?id=2789700&use=l&cat=p&typeid=i","cat":319779},{"id":236620,"n":"Pandoro Bauli 700g","p":7.43,"u":"10,61 €/KG","img":"https://fd2-photos.leclercdrive.fr/image.ashx?id=2938163&use=l&cat=p&typeid=i","cat":327607},{"id":236633,"n":"Saumon fumé Labeyrie Norvège - 170g","p":7.09,"u":"41,71 €/KG","img":"https://fd2-photos.leclercdrive.fr/image.ashx?id=2794256&use=l&cat=p&typeid=i","cat":285188},{"id":236676,"n":"Bâtonnets Mikado Chocolat au lait - 6x100g","p":10.45,"u":"17,42 €/KG","img":"https://fd2-photos.leclercdrive.fr/image.ashx?id=2805885&use=l&cat=p&typeid=i","cat":284488},{"id":236715,"n":"Soin lavant Saforelle Doux  2x500ml +100ml","p":15.28,"u":"13,89 €/L","img":"https://fd2-photos.leclercdrive.fr/image.ashx?id=2795126&use=l&cat=p&typeid=i","cat":301591},{"id":236809,"n":"Pavé de saumon Eco+ 2x110g","p":4.99,"u":"22,68 €/KG","img":"https://fd2-photos.leclercdrive.fr/image.ashx?id=2796330&use=l&cat=p&typeid=i","cat":284342},{"id":236810,"n":"Pavé de saumon Eco+ 4x110g","p":8.99,"u":"20,43 €/KG","img":"https://fd2-photos.leclercdrive.fr/image.ashx?id=2796333&use=l&cat=p&typeid=i","cat":284342},{"id":237061,"n":"Boite candy canes Fizzy - 140g","p":3.11,"u":"22,21 €/KG","img":"https://fd2-photos.leclercdrive.fr/image.ashx?id=2796833&use=l&cat=p&typeid=i","cat":327592},{"id":237072,"n":"Bombe Chocolat Libeert Chocolat chaud - 80g","p":5.04,"u":"63,00 €/KG","img":"https://fd2-photos.leclercdrive.fr/image.ashx?id=2801479&use=l&cat=p&typeid=i","cat":327592},{"id":237073,"n":"Bombe Libeert Triple chocolat - 80g","p":4.95,"u":"61,88 €/KG","img":"https://fd2-photos.leclercdrive.fr/image.ashx?id=2801476&use=l&cat=p&typeid=i","cat":327592},{"id":237114,"n":"Cornet Piemonte Hazelnut Creations Chocolat noir - 150g","p":7.91,"u":"52,73 €/KG","img":"https://fd2-photos.leclercdrive.fr/image.ashx?id=2798298&use=l&cat=p&typeid=i","cat":327595},{"id":237115,"n":"Cornet Cremino Hazelnut Creations Chocolat noir - 150g","p":6.95,"u":"46,33 €/KG","img":"https://fd2-photos.leclercdrive.fr/image.ashx?id=2798304&use=l&cat=p&typeid=i","cat":327595},{"id":237116,"n":"Cornet Nocciolata Hazelnut Creations Chocolat noir - 150g","p":7.91,"u":"52,73 €/KG","img":"https://fd2-photos.leclercdrive.fr/image.ashx?id=2798301&use=l&cat=p&typeid=i","cat":327595},{"id":237120,"n":"Père Noël Milka Party mix - 61g","p":3.65,"u":"59,84 €/KG","img":"https://fd2-photos.leclercdrive.fr/image.ashx?id=2796998&use=l&cat=p&typeid=i","cat":327592},{"id":237127,"n":"Boîte chocolat Lanvin Mixte chocolats - 285g","p":14.05,"u":"49,30 €/KG","img":"https://fd2-photos.leclercdrive.fr/image.ashx?id=2797145&use=l&cat=p&typeid=i","cat":327595},{"id":237128,"n":"Assortiment chocolat Lanvin Chocolat noir - 294g","p":14.44,"u":"49,12 €/KG","img":"https://fd2-photos.leclercdrive.fr/image.ashx?id=2966149&use=l&cat=p&typeid=i","cat":327595},{"id":237131,"n":"Boîte chocolat Lanvin Assortiment chocolat Lait 274g","p":14.05,"u":"51,28 €/KG","img":"https://fd2-photos.leclercdrive.fr/image.ashx?id=2797139&use=l&cat=p&typeid=i","cat":327595},{"id":237132,"n":"L'escargot chocolat Lanvin Trio Lait Blanc Noir - 362g","p":14.64,"u":"40,44 €/KG","img":"https://fd2-photos.leclercdrive.fr/image.ashx?id=2966146&use=l&cat=p&typeid=i","cat":327595},{"id":237133,"n":"L'escargot Lanvin Chocolat Blanc - 362g","p":14.64,"u":"40,44 €/KG","img":"https://fd2-photos.leclercdrive.fr/image.ashx?id=2897402&use=l&cat=p&typeid=i","cat":327595},{"id":237134,"n":"L'escargot chocolat Lanvin Duo Lait noir - 362G","p":14.64,"u":"40,44 €/KG","img":"https://fd2-photos.leclercdrive.fr/image.ashx?id=2902843&use=l&cat=p&typeid=i","cat":327595},{"id":237137,"n":"Bouchées Les Recettes de L'Atelier - Noir - 401g","p":14.75,"pp":11.06,"u":"27,58 €/KG","img":"https://fd2-photos.leclercdrive.fr/image.ashx?id=2960102&use=l&cat=p&typeid=i","cat":327595},{"id":237140,"n":"L'escargot trio Lanvin Lait Amande Caramel - 362g","p":14.74,"u":"40,72 €/KG","img":"https://fd2-photos.leclercdrive.fr/image.ashx?id=2897405&use=l&cat=p&typeid=i","cat":327595},{"id":237156,"n":"Boîte chocolat Révillon Grand assortiment lait - 407g","p":17.47,"u":"42,92 €/KG","img":"https://fd2-photos.leclercdrive.fr/image.ashx?id=2900788&use=l&cat=p&typeid=i","cat":327595},{"id":237158,"n":"Boîte chocolat Révillon Noir 70% Lait Blanc - 409g","p":16.99,"u":"41,54 €/KG","img":"https://fd2-photos.leclercdrive.fr/image.ashx?id=2900797&use=l&cat=p&typeid=i","cat":327595},{"id":237159,"n":"Boîte chocolat Révillon Grand Assortiment Noir 70% - 409g","p":17.81,"u":"43,55 €/KG","img":"https://fd2-photos.leclercdrive.fr/image.ashx?id=2900791&use=l&cat=p&typeid=i","cat":327595},{"id":237162,"n":"Ballotin Révillon Chocolat Chocolat noir 70% - 215g","p":9.1,"u":"42,33 €/KG","img":"https://fd2-photos.leclercdrive.fr/image.ashx?id=2900785&use=l&cat=p&typeid=i","cat":327595},{"id":237163,"n":"Ballotin Révillon Chocolat Noir Lait Blanc - 215g","p":9.1,"u":"42,33 €/KG","img":"https://fd2-photos.leclercdrive.fr/image.ashx?id=2879685&use=l&cat=p&typeid=i","cat":327595},{"id":237851,"n":"Mini Flam's Coté table x12 - 360g","p":5.99,"u":"16,64 €/KG","img":"https://fd2-photos.leclercdrive.fr/image.ashx?id=2801282&use=l&cat=p&typeid=i","cat":319774},{"id":237856,"n":"Baume pieds Akileine Hydra défense - 125ml","p":7.9,"u":"63,20 €/L","img":"https://fd2-photos.leclercdrive.fr/image.ashx?id=2796818&use=l&cat=p&typeid=i","cat":290424},{"id":237859,"n":"Emulsion lavante intime  Saugella Dermoliquide- 750ml","p":9.78,"u":"13,04 €/L","img":"https://fd2-photos.leclercdrive.fr/image.ashx?id=2796354&use=l&cat=p&typeid=i","cat":301348},{"id":237860,"n":"Insect Ecran spécial tropiques  75ml","p":5.7,"u":"76,00 €/L","img":"https://fd2-photos.leclercdrive.fr/image.ashx?id=2796324&use=l&cat=p&typeid=i","cat":290402},{"id":237861,"n":"Soin intime naturel Roge  Cavailles Extra doux - 2x500ml","p":17.9,"u":"17,90 €/L","img":"https://fd2-photos.leclercdrive.fr/image.ashx?id=2798569&use=l&cat=p&typeid=i","cat":301348},{"id":237862,"n":"Traitement cystites Femannose N 14 sachets","p":13.07,"img":"https://fd2-photos.leclercdrive.fr/image.ashx?id=2912638&use=l&cat=p&typeid=i","cat":291163},{"id":237864,"n":"Anti-moustiques Insect Ecran Famille - 100ml","p":6.06,"u":"60,60 €/L","img":"https://fd2-photos.leclercdrive.fr/image.ashx?id=2796321&use=l&cat=p&typeid=i","cat":290402},{"id":237865,"n":"Soin intime Hydralin  Calmant irritations - 2x200ml","p":12.89,"img":"https://fd2-photos.leclercdrive.fr/image.ashx?id=2796860&use=l&cat=p&typeid=i","cat":301348},{"id":237866,"n":"Soin lavant intime Saugella Dermoliquide - 2x200ml","p":8.3,"u":"16,60 €/L","img":"https://fd2-photos.leclercdrive.fr/image.ashx?id=2796357&use=l&cat=p&typeid=i","cat":301348},{"id":237931,"n":"Assortiment de chocolats belges Hamlet - 200g","p":6.89,"pp":4.55,"u":"22,75 €/KG","img":"https://fd2-photos.leclercdrive.fr/image.ashx?id=2797897&use=l&cat=p&typeid=i","cat":327595},{"id":238056,"n":"Pâtes Barilla Spaghettoni  Al Bronzo - 500g","p":1.95,"u":"3,90 €/KG","img":"https://fd2-photos.leclercdrive.fr/image.ashx?id=2798686&use=l&cat=p&typeid=i","cat":284427},{"id":238073,"n":"Soda Coca-Cola Sans Sucres Bouteille - Pack 6x50CL","p":5.6,"u":"1,87 €/L","img":"https://fd2-photos.leclercdrive.fr/image.ashx?id=2860532&use=l&cat=p&typeid=i","cat":284530},{"id":238167,"n":"Whisky Aberlour Triple Cast 40% 70cl","p":37.17,"u":"53,10 €/L","img":"https://fd2-photos.leclercdrive.fr/image.ashx?id=2999006&use=l&cat=p&typeid=i","cat":284547},{"id":238179,"n":"Whisky Aberlour 14ans d'âge 40% 70cl","p":38.33,"u":"54,76 €/L","img":"https://fd2-photos.leclercdrive.fr/image.ashx?id=2999003&use=l&cat=p&typeid=i","cat":284547},{"id":238313,"n":"Nouilles Tables du Monde Curry - 3x65g","p":1.39,"u":"7,13 €/KG","img":"https://fd2-photos.leclercdrive.fr/image.ashx?id=2799850&use=l&cat=p&typeid=i","cat":288992},{"id":238377,"n":"Mousse à raser Wilkinson 200ml","p":3.06,"u":"15,30 €/L","img":"https://fd2-photos.leclercdrive.fr/image.ashx?id=2801252&use=l&cat=p&typeid=i","cat":284617},{"id":238378,"n":"Gel à raser Wilkinson 200ml","p":3.81,"u":"19,05 €/L","img":"https://fd2-photos.leclercdrive.fr/image.ashx?id=2801255&use=l&cat=p&typeid=i","cat":284617},{"id":238410,"n":"Pancakes bio Yooji pour bébé Carotte et Maïs 120g","p":3.57,"u":"29,75 €/KG","img":"https://fd2-photos.leclercdrive.fr/image.ashx?id=2800950&use=l&cat=p&typeid=i","cat":290631},{"id":238411,"n":"Pancakes bio Yooji pour bébé Petit pois epinard 120g","p":3.43,"u":"28,58 €/KG","img":"https://fd2-photos.leclercdrive.fr/image.ashx?id=2800953&use=l&cat=p&typeid=i","cat":290631},{"id":238415,"n":"Pancakes bio Yooji pour bébé Banane 120g","p":3.57,"u":"29,75 €/KG","img":"https://fd2-photos.leclercdrive.fr/image.ashx?id=2800956&use=l&cat=p&typeid=i","cat":312394},{"id":238423,"n":"Chewing-gum Refreshers  Menthe verte, 67g","p":2.96,"u":"44,18 €/KG","img":"https://fd2-photos.leclercdrive.fr/image.ashx?id=3008990&use=l&cat=p&typeid=i","cat":304251},{"id":238520,"n":"Cold Cream Uriage Crème protectrice -100ml","p":10.18,"u":"101,80 €/L","img":"https://fd2-photos.leclercdrive.fr/image.ashx?id=2854630&use=l&cat=p&typeid=i","cat":291171},{"id":238530,"n":"Ravioli Lustucru Selection  4 fromages - 310g","p":1.9,"u":"6,13 €/KG","img":"https://fd2-photos.leclercdrive.fr/image.ashx?id=2962524&use=l&cat=p&typeid=i","cat":333682},{"id":238565,"n":"Compotes gourdes Pom'Potes Multivariétés - 64x90g","p":28.39,"pp":19.87,"u":"3,45 €/KG","img":"https://fd2-photos.leclercdrive.fr/image.ashx?id=2977270&use=l&cat=p&typeid=i","cat":284508},{"id":238567,"n":"Masque cheveux Fructis Garnier Longueur & glow Ananas - 320ml","p":6.22,"u":"19,44 €/L","img":"https://fd2-photos.leclercdrive.fr/image.ashx?id=2802129&use=l&cat=p&typeid=i","cat":284608},{"id":238785,"n":"Jambon Le tranché fin  Dégustation 4 tranches 120g","p":2.52,"u":"21,00 €/KG","img":"https://fd2-photos.leclercdrive.fr/image.ashx?id=2889298&use=l&cat=p&typeid=i","cat":316009},{"id":238872,"n":"Quinoa facile Lustucru 300g","p":2.25,"u":"7,50 €/KG","img":"https://fd2-photos.leclercdrive.fr/image.ashx?id=2804565&use=l&cat=p&typeid=i","cat":284429},{"id":238899,"n":"Yaourt protéiné Skyr Yoplait Vanille 0%Mg - 450g","p":2.07,"u":"4,60 €/KG","img":"https://fd2-photos.leclercdrive.fr/image.ashx?id=2884447&use=l&cat=p&typeid=i","cat":315000},{"id":238904,"n":"Yaourt protéiné Skyr Yoplait Stracciatella 2%mg - 4x120g","p":3.33,"u":"6,94 €/KG","img":"https://fd2-photos.leclercdrive.fr/image.ashx?id=2973748&use=l&cat=p&typeid=i","cat":315000},{"id":238984,"n":"Rasoir Tondeuse Carré Homme Hybride +1 recharge","p":17.9,"u":"17,90 €/PRT","img":"https://fd2-photos.leclercdrive.fr/image.ashx?id=2804072&use=l&cat=p&typeid=i","cat":284616},{"id":238985,"n":"Recharge rasoir tondeuse Hybride - Carré homme","p":8.99,"img":"https://fd2-photos.leclercdrive.fr/image.ashx?id=2804075&use=l&cat=p&typeid=i","cat":284616},{"id":239101,"n":"Riz Thaï Taureau Ailé 1kg","p":2.98,"u":"2,98 €/KG","img":"https://fd2-photos.leclercdrive.fr/image.ashx?id=2805558&use=l&cat=p&typeid=i","cat":284428},{"id":239213,"n":"Huile Essentielle So Bio Etic Arbre à thé Bio - 12ml","p":5.14,"u":"428,33 €/L","img":"https://fd2-photos.leclercdrive.fr/image.ashx?id=2805459&use=l&cat=p&typeid=i","cat":284630},{"id":239218,"n":"Lingettes Décolor Stop  Anti-décoloration x52","p":5.69,"u":"0,11 €/P","img":"https://fd2-photos.leclercdrive.fr/image.ashx?id=2805264&use=l&cat=p&typeid=i","cat":290450},{"id":239220,"n":"Bain de Bouche Listerine Haleine Fraiche 500ml","p":3.89,"u":"7,78 €/L","img":"https://fd2-photos.leclercdrive.fr/image.ashx?id=2806309&use=l&cat=p&typeid=i","cat":284613},{"id":239226,"n":"Adoucissant recharge Soupline à diluer Grand Air - 600ml","p":2.19,"u":"3,65 €/L","img":"https://fd2-photos.leclercdrive.fr/image.ashx?id=2957314&use=l&cat=p&typeid=i","cat":284650},{"id":239228,"n":"Adoucissant recharge Soupline à diluer Moment Magique-600ml","p":2.89,"u":"4,82 €/L","img":"https://fd2-photos.leclercdrive.fr/image.ashx?id=2863027&use=l&cat=p&typeid=i","cat":284650},{"id":239229,"n":"Brume de linge Soupline spray Grand Air - 300ml","p":5.73,"u":"19,10 €/L","img":"https://fd2-photos.leclercdrive.fr/image.ashx?id=2866202&use=l&cat=p&typeid=i","cat":325302},{"id":239231,"n":"Dentifrice Sensitive Elmex Blancheur - 75ml","p":5.8,"u":"77,33 €/L","img":"https://fd2-photos.leclercdrive.fr/image.ashx?id=2806447&use=l&cat=p&typeid=i","cat":284612},{"id":239234,"n":"Dentifrice Colgate Total Résistance de l'émail 75ml","p":3.02,"u":"40,27 €/L","img":"https://fd2-photos.leclercdrive.fr/image.ashx?id=2832578&use=l&cat=p&typeid=i","cat":284612},{"id":239236,"n":"Lingettes pocket bébé Biolane Visage et mains - x20","p":1.67,"img":"https://fd2-photos.leclercdrive.fr/image.ashx?id=2806195&use=l&cat=p&typeid=i","cat":284738},{"id":239254,"n":"Filet de poulet jaune Maitre Coq nourri mais 300g","p":4.53,"u":"15,10 €/KG","img":"https://fd2-photos.leclercdrive.fr/image.ashx?id=2856100&use=l&cat=p&typeid=i","cat":284336},{"id":239256,"n":"Filet de poulet blanc Maitre Coq nourri blé 300g","p":3.81,"u":"12,70 €/KG","img":"https://fd2-photos.leclercdrive.fr/image.ashx?id=2856097&use=l&cat=p&typeid=i","cat":284336},{"id":239371,"n":"Capsules café L'Or Espresso Supremo N°10 x50","p":14.37,"u":"55,27 €/KG","img":"https://fd2-photos.leclercdrive.fr/image.ashx?id=3000480&use=l&cat=p&typeid=i","cat":284749},{"id":239478,"n":"Burger Géant Jacquet Nature x4 - 330g","p":1.02,"u":"3,09 €/KG","img":"https://fd2-photos.leclercdrive.fr/image.ashx?id=3010981&use=l&cat=p&typeid=i","cat":325067},{"id":239504,"n":"Burger Géant Jacquet Nature x6 - 495g","p":1.51,"u":"3,05 €/KG","img":"https://fd2-photos.leclercdrive.fr/image.ashx?id=2991876&use=l&cat=p&typeid=i","cat":325067},{"id":239509,"n":"Préparation maison Vahiné Gâteau 3en1 chocolat  280g","p":2.59,"u":"9,25 €/KG","img":"https://fd2-photos.leclercdrive.fr/image.ashx?id=2806961&use=l&cat=p&typeid=i","cat":284505},{"id":239596,"n":"Thé vert minceur Kusmi Tea Bio - fraise cerise - x18  36g","p":8.9,"u":"247,22 €/KG","img":"https://fd2-photos.leclercdrive.fr/image.ashx?id=2807672&use=l&cat=p&typeid=i","cat":293233},{"id":239678,"n":"Purée façon écrasé Risotto  Yooji 8 mois - 400g","p":3.77,"u":"9,43 €/KG","img":"https://fd2-photos.leclercdrive.fr/image.ashx?id=2811482&use=l&cat=p&typeid=i","cat":312236},{"id":239883,"n":"Velouté Eco+ Poireaux pomme de terre","p":0.87,"u":"0,87 €/L","img":"https://fd2-photos.leclercdrive.fr/image.ashx?id=2808724&use=l&cat=p&typeid=i","cat":284462},{"id":239888,"n":"Bouillon Maggi Tomate vermicelle - 70g","p":0.56,"u":"8,00 €/KG","img":"https://fd2-photos.leclercdrive.fr/image.ashx?id=2811713&use=l&cat=p&typeid=i","cat":288379},{"id":239891,"n":"Poule aux vermicelles Maggi 65g","p":0.61,"u":"9,38 €/KG","img":"https://fd2-photos.leclercdrive.fr/image.ashx?id=2811716&use=l&cat=p&typeid=i","cat":288379},{"id":239902,"n":"Saumon en croûte Côté Table 700g","p":7.49,"u":"10,70 €/KG","img":"https://fd2-photos.leclercdrive.fr/image.ashx?id=2808733&use=l&cat=p&typeid=i","cat":319776},{"id":239905,"n":"Nouilles Tables du Monde Legumes - 3x65g","p":1.39,"u":"7,13 €/KG","img":"https://fd2-photos.leclercdrive.fr/image.ashx?id=2808727&use=l&cat=p&typeid=i","cat":288992},{"id":239928,"n":"Pâte à tartinerLotus Speculoos crunchy Biscoff 390g","p":3.75,"u":"9,62 €/KG","img":"https://fd2-photos.leclercdrive.fr/image.ashx?id=2811575&use=l&cat=p&typeid=i","cat":284481},{"id":240002,"n":"Billes M&Ms caramel salé 367g","p":5.84,"u":"15,91 €/KG","img":"https://fd2-photos.leclercdrive.fr/image.ashx?id=2924770&use=l&cat=p&typeid=i","cat":304238},{"id":240004,"n":"Absolut  40% - 70cl","p":17.43,"u":"24,90 €/L","img":"https://fd2-photos.leclercdrive.fr/image.ashx?id=2811632&use=l&cat=p&typeid=i","cat":284550},{"id":240234,"n":"Bûche glacée Pilpa Duo de Vanilles - 535g","p":5.27,"u":"9,85 €/KG","img":"https://fd2-photos.leclercdrive.fr/image.ashx?id=2812765&use=l&cat=p&typeid=i","cat":284266},{"id":240239,"n":"Bûche glacée Nestlé Norvégienne - 455g","p":5.98,"u":"12,86 €/KG","img":"https://fd2-photos.leclercdrive.fr/image.ashx?id=2812768&use=l&cat=p&typeid=i","cat":284266},{"id":240338,"n":"Laque Elnett Fixation normale  200ml","p":5.79,"u":"28,95 €/L","img":"https://fd2-photos.leclercdrive.fr/image.ashx?id=2814064&use=l&cat=p&typeid=i","cat":284609},{"id":240425,"n":"Soda à l'orange Orangina 1,5L","p":1.9,"u":"1,27 €/L","img":"https://fd2-photos.leclercdrive.fr/image.ashx?id=2946499&use=l&cat=p&typeid=i","cat":284532},{"id":240426,"n":"Soda à l'orange Orangina 2x1,5L","p":3.78,"u":"1,26 €/L","img":"https://fd2-photos.leclercdrive.fr/image.ashx?id=2812690&use=l&cat=p&typeid=i","cat":284532},{"id":240428,"n":"Soda à l'orange Orangina 6x33cl","p":3.65,"u":"1,84 €/L","img":"https://fd2-photos.leclercdrive.fr/image.ashx?id=2946502&use=l&cat=p&typeid=i","cat":284532},{"id":240482,"n":"Riz basmati Lustucru 10min - 5x180g","p":3.02,"u":"3,36 €/KG","img":"https://fd2-photos.leclercdrive.fr/image.ashx?id=2814163&use=l&cat=p&typeid=i","cat":284428},{"id":240623,"n":"Laque fixation forte Elnett 200ml","p":6.3,"u":"31,50 €/L","img":"https://fd2-photos.leclercdrive.fr/image.ashx?id=2828013&use=l&cat=p&typeid=i","cat":284609},{"id":240751,"n":"Spaghetti Barilla Quadrati Al bronzo - 500g","p":1.95,"u":"3,90 €/KG","img":"https://fd2-photos.leclercdrive.fr/image.ashx?id=2815145&use=l&cat=p&typeid=i","cat":284427},{"id":240837,"n":"Tablette chocolat au lait  Pistaches - Novi - 110g","p":3.59,"u":"32,64 €/KG","img":"https://fd2-photos.leclercdrive.fr/image.ashx?id=2818133&use=l&cat=p&typeid=i","cat":284497},{"id":240842,"n":"Skyr nature Délisse 4x100g","p":1.72,"u":"4,30 €/KG","img":"https://fd2-photos.leclercdrive.fr/image.ashx?id=2992588&use=l&cat=p&typeid=i","cat":315000},{"id":240843,"n":"Skyr nature Délisse 850g","p":2.75,"u":"3,24 €/KG","img":"https://fd2-photos.leclercdrive.fr/image.ashx?id=2992600&use=l&cat=p&typeid=i","cat":315000},{"id":240883,"n":"Saumon fumé Delpeyrat Ecosse 4 tranches mini - 110g","p":6.6,"u":"60,00 €/KG","img":"https://fd2-photos.leclercdrive.fr/image.ashx?id=2901716&use=l&cat=p&typeid=i","cat":285188},{"id":240889,"n":"Oeufs de lompe Labeyrie  MSC 80g","p":3.99,"u":"49,88 €/KG","img":"https://fd2-photos.leclercdrive.fr/image.ashx?id=2817602&use=l&cat=p&typeid=i","cat":285191},{"id":240890,"n":"Oeufs de lompe rouge Labeyrie MSC 80g","p":3.99,"u":"49,88 €/KG","img":"https://fd2-photos.leclercdrive.fr/image.ashx?id=2817605&use=l&cat=p&typeid=i","cat":285191},{"id":240908,"n":"Pomme de terre piment Espelette Nos Régions ont du Talent 500g","p":3.5,"u":"7,00 €/KG","img":"https://fd2-photos.leclercdrive.fr/image.ashx?id=2954181&use=l&cat=p&typeid=i","cat":319792},{"id":240920,"n":"Saumon fumé Delpeyrat Noorvège 4 tranches - 120g","p":6.36,"u":"53,00 €/KG","img":"https://fd2-photos.leclercdrive.fr/image.ashx?id=2901713&use=l&cat=p&typeid=i","cat":285188},{"id":241099,"n":"Nouilles asiatiques Maggi Pad Thai - 128g","p":1.95,"u":"15,23 €/KG","img":"https://fd2-photos.leclercdrive.fr/image.ashx?id=2899776&use=l&cat=p&typeid=i","cat":288992},{"id":241210,"n":"Dentifrice Enfants Signal  Super Mario - Fruité - 75ml","p":2.19,"u":"29,20 €/L","img":"https://fd2-photos.leclercdrive.fr/image.ashx?id=2993173&use=l&cat=p&typeid=i","cat":288898},{"id":241211,"n":"Dentifrice Enfants Signal Super Mario - Fraise - 75ml","p":2.06,"u":"27,47 €/L","img":"https://fd2-photos.leclercdrive.fr/image.ashx?id=2987047&use=l&cat=p&typeid=i","cat":288898},{"id":241256,"n":"M&M's minis pochons  360g","p":5.04,"u":"14,00 €/KG","img":"https://fd2-photos.leclercdrive.fr/image.ashx?id=3005290&use=l&cat=p&typeid=i","cat":304238},{"id":241392,"n":"Coton Biolane Bio  Douceur x150","p":4.66,"u":"0,03 €/P","img":"https://fd2-photos.leclercdrive.fr/image.ashx?id=2849830&use=l&cat=p&typeid=i","cat":284739},{"id":241497,"n":"Foie gras de canard Pierre de Chaumeyrac 150g","p":13.9,"u":"92,67 €/KG","img":"https://fd2-photos.leclercdrive.fr/image.ashx?id=2817226&use=l&cat=p&typeid=i","cat":316008},{"id":241498,"n":"Foie gras de canard entier Pierre de Chaumeyrac 200g","p":16.99,"u":"84,95 €/KG","img":"https://fd2-photos.leclercdrive.fr/image.ashx?id=2817229&use=l&cat=p&typeid=i","cat":316008},{"id":241500,"n":"Mousse foie gras de canard Eco+ 2x40g","p":3.35,"u":"41,88 €/KG","img":"https://fd2-photos.leclercdrive.fr/image.ashx?id=2817223&use=l&cat=p&typeid=i","cat":316008},{"id":241513,"n":"Bloc foie gras de canard  Pierre de Chaumeyrac 200g","p":11.59,"u":"57,95 €/KG","img":"https://fd2-photos.leclercdrive.fr/image.ashx?id=2817238&use=l&cat=p&typeid=i","cat":316008},{"id":241653,"n":"Riz parfumé Taureau ailé 500g","p":1.66,"u":"3,32 €/KG","img":"https://fd2-photos.leclercdrive.fr/image.ashx?id=2828343&use=l&cat=p&typeid=i","cat":284428},{"id":241657,"n":"Riz Thai Taureau ailé 500g","p":2.11,"u":"4,22 €/KG","img":"https://fd2-photos.leclercdrive.fr/image.ashx?id=2828340&use=l&cat=p&typeid=i","cat":284428},{"id":241812,"n":"Gourde bébé Blédina - 10 mois Multifruits - 8x85g","p":7.72,"u":"11,35 €/KG","img":"https://fd2-photos.leclercdrive.fr/image.ashx?id=2826642&use=l&cat=p&typeid=i","cat":312393},{"id":242214,"n":"Bloc WC Bref Deluxe  Magnolia précieux 2+1","p":2.88,"u":"0,96 €/P","img":"https://fd2-photos.leclercdrive.fr/image.ashx?id=2965022&use=l&cat=p&typeid=i","cat":284662},{"id":242220,"n":"Lingettes Mixa bébé  eau minérale x48","p":3.0,"u":"0,06 €/P","img":"https://fd2-photos.leclercdrive.fr/image.ashx?id=2828082&use=l&cat=p&typeid=i","cat":284738},{"id":242229,"n":"Lingettes Mixa bébé Physio x48","p":3.31,"u":"0,07 €/P","img":"https://fd2-photos.leclercdrive.fr/image.ashx?id=2828088&use=l&cat=p&typeid=i","cat":284738},{"id":242235,"n":"Lingettes bébé Cadum  Ultra-douces x48","p":4.54,"u":"0,05 €/P","img":"https://fd2-photos.leclercdrive.fr/image.ashx?id=2828091&use=l&cat=p&typeid=i","cat":284738},{"id":242258,"n":"Laque Elnett 300ml","p":7.68,"u":"25,60 €/L","img":"https://fd2-photos.leclercdrive.fr/image.ashx?id=2828019&use=l&cat=p&typeid=i","cat":284609},{"id":242259,"n":"Laque Elnett fixation forte 300ml","p":7.65,"u":"25,50 €/L","img":"https://fd2-photos.leclercdrive.fr/image.ashx?id=2828016&use=l&cat=p&typeid=i","cat":284609},{"id":242261,"n":"Laque Elnett Fixation normale 400ml","p":9.28,"u":"23,20 €/L","img":"https://fd2-photos.leclercdrive.fr/image.ashx?id=2828025&use=l&cat=p&typeid=i","cat":284609},{"id":242262,"n":"Laque Elnett Fixation forte 400ml","p":9.84,"u":"24,60 €/L","img":"https://fd2-photos.leclercdrive.fr/image.ashx?id=2828022&use=l&cat=p&typeid=i","cat":284609},{"id":242329,"n":"Bonbons Copains Copines Acides - 200g","p":1.13,"u":"5,65 €/KG","img":"https://fd2-photos.leclercdrive.fr/image.ashx?id=2934793&use=l&cat=p&typeid=i","cat":304250},{"id":242587,"n":"Ravioli carbonara TURINI 250G","p":1.77,"u":"7,08 €/KG","img":"https://fd2-photos.leclercdrive.fr/image.ashx?id=2897868&use=l&cat=p&typeid=i","cat":333682},{"id":242703,"n":"Déodorant Mennen Intracable  Xtrem 72h - 50ml","p":3.91,"u":"78,20 €/L","img":"https://fd2-photos.leclercdrive.fr/image.ashx?id=2828109&use=l&cat=p&typeid=i","cat":284596},{"id":242803,"n":"Granions décontractant Musculaire - 60 comprimés","p":8.99,"u":"128,43 €/KG","img":"https://fd2-photos.leclercdrive.fr/image.ashx?id=2824037&use=l&cat=p&typeid=i","cat":298633},{"id":242805,"n":"Granions pilulier magnésium Bisglycinate - 59g - x60","p":11.98,"u":"203,05 €/KG","img":"https://fd2-photos.leclercdrive.fr/image.ashx?id=2824040&use=l&cat=p&typeid=i","cat":301264},{"id":242808,"n":"Complément alimentaire Pro Keracys Cheveux 3x90 comprimés","p":21.89,"img":"https://fd2-photos.leclercdrive.fr/image.ashx?id=3008881&use=l&cat=p&typeid=i","cat":301266},{"id":242809,"n":"Complément alimentaire Granions Chondrostéo Articulations 280g","p":17.89,"u":"63,89 €/KG","img":"https://fd2-photos.leclercdrive.fr/image.ashx?id=2841502&use=l&cat=p&typeid=i","cat":301268},{"id":242899,"n":"Soda à l'orange Orangina 4x1.5L","p":7.6,"u":"1,27 €/L","img":"https://fd2-photos.leclercdrive.fr/image.ashx?id=2825598&use=l&cat=p&typeid=i","cat":284532},{"id":242907,"n":"Gel douche Sanex Zero Essential Peaux sensible 2x47.5ml","p":9.18,"u":"9,66 €/L","img":"https://fd2-photos.leclercdrive.fr/image.ashx?id=2826255&use=l&cat=p&typeid=i","cat":284594},{"id":242942,"n":"Riz basmati Taureau Ailé  Bio - 500g","p":3.54,"u":"7,08 €/KG","img":"https://fd2-photos.leclercdrive.fr/image.ashx?id=2826015&use=l&cat=p&typeid=i","cat":284428},{"id":243160,"n":"Complément alimentaire Phyto Chute de cheveux - 64g - x84","p":38.46,"u":"600,94 €/KG","img":"https://fd2-photos.leclercdrive.fr/image.ashx?id=2833795&use=l&cat=p&typeid=i","cat":301266},{"id":243161,"n":"Gel minceur Eafit 360 - Amincissant - 200ml","p":24.42,"u":"122,10 €/L","img":"https://fd2-photos.leclercdrive.fr/image.ashx?id=2841828&use=l&cat=p&typeid=i","cat":291161},{"id":243163,"n":"Complément alimentaire Azinc Junior - 12 vitamines  - x30","p":7.99,"img":"https://fd2-photos.leclercdrive.fr/image.ashx?id=2833546&use=l&cat=p&typeid=i","cat":301264},{"id":243164,"n":"Infusion EuphytoseNuit Sommeil Réparateur Fleur d'oranger 48g","p":5.99,"u":"124,79 €/KG","img":"https://fd2-photos.leclercdrive.fr/image.ashx?id=2825287&use=l&cat=p&typeid=i","cat":301265},{"id":243249,"n":"Foie gras de canard Delpeyrat Bloc 540g","p":39.9,"u":"73,89 €/KG","img":"https://fd2-photos.leclercdrive.fr/image.ashx?id=2833267&use=l&cat=p&typeid=i","cat":316008},{"id":243385,"n":"Complément alimentaire Azinc Junior - 9 vitamines - 120g","p":7.25,"u":"60,42 €/KG","img":"https://fd2-photos.leclercdrive.fr/image.ashx?id=2833720&use=l&cat=p&typeid=i","cat":301264},{"id":243386,"n":"Complément alimentaire Forté Nuit - Sommeil - x60 gummies","p":17.09,"img":"https://fd2-photos.leclercdrive.fr/image.ashx?id=2833768&use=l&cat=p&typeid=i","cat":301265},{"id":243387,"n":"Complément alimentaire Forté  Nuit Mélatonine 1900 - x60","p":10.2,"img":"https://fd2-photos.leclercdrive.fr/image.ashx?id=2993442&use=l&cat=p&typeid=i","cat":301265},{"id":243389,"n":"Complément alimentaire Cystima Médical Infection urinaire x14","p":16.0,"u":"571,43 €/KG","img":"https://fd2-photos.leclercdrive.fr/image.ashx?id=2829226&use=l&cat=p&typeid=i","cat":301268},{"id":243390,"n":"Complément alimentaire Granions Biotine 10 000µg - 32g","p":18.04,"u":"56,38 €/L","img":"https://fd2-photos.leclercdrive.fr/image.ashx?id=2846460&use=l&cat=p&typeid=i","cat":301266},{"id":243391,"n":"Complément alimentaire Granions Double Magnésium 360mg - 90g","p":14.99,"u":"166,56 €/KG","img":"https://fd2-photos.leclercdrive.fr/image.ashx?id=2841882&use=l&cat=p&typeid=i","cat":301264},{"id":243394,"n":"Complément alimentaire Granions Collagène Marin Neutre - 278.6g","p":30.22,"u":"108,32 €/KG","img":"https://fd2-photos.leclercdrive.fr/image.ashx?id=2857581&use=l&cat=p&typeid=i","cat":301266},{"id":243396,"n":"Complément alimentaire Biocyte Collagène Marin - 210g","p":47.4,"u":"225,71 €/KG","img":"https://fd2-photos.leclercdrive.fr/image.ashx?id=2833891&use=l&cat=p&typeid=i","cat":301266},{"id":243397,"n":"Complément alimentaire Luxéol Chute cheveux progressive x90","p":39.49,"img":"https://fd2-photos.leclercdrive.fr/image.ashx?id=2833900&use=l&cat=p&typeid=i","cat":301266},{"id":243399,"n":"Complément alimentaire Ortis Bénétransit Ecopack - x90","p":12.46,"pp":8.72,"img":"https://fd2-photos.leclercdrive.fr/image.ashx?id=2829235&use=l&cat=p&typeid=i","cat":301268},{"id":243400,"n":"Complément alimentaire Desmodium 2300mg x20","p":12.99,"pp":9.74,"u":"9,74 €/PRT","img":"https://fd2-photos.leclercdrive.fr/image.ashx?id=2829238&use=l&cat=p&typeid=i","cat":301268},{"id":243403,"n":"Complément alimentaire Nausélib Etats nauséeux - 20g - x36","p":6.55,"u":"327,50 €/KG","img":"https://fd2-photos.leclercdrive.fr/image.ashx?id=2833543&use=l&cat=p&typeid=i","cat":301268},{"id":243404,"n":"Complément alimentaire Bouffées de chaleur - x120","p":21.99,"img":"https://fd2-photos.leclercdrive.fr/image.ashx?id=2829220&use=l&cat=p&typeid=i","cat":301268},{"id":243685,"n":"Complément alimentaire Herbesan Adoucid Menthe - x30 - 69g","p":7.91,"pp":5.54,"u":"80,29 €/KG","img":"https://fd2-photos.leclercdrive.fr/image.ashx?id=2832074&use=l&cat=p&typeid=i","cat":301264},{"id":243687,"n":"Complément alimentaire Somnifor Mélatonine Bio - x30 comprimés","p":11.98,"img":"https://fd2-photos.leclercdrive.fr/image.ashx?id=3008557&use=l&cat=p&typeid=i","cat":301265},{"id":243690,"n":"Complément alimentaire Somnifor Melatonine 1.9mg x30 comprimés","p":6.99,"u":"258,89 €/KG","img":"https://fd2-photos.leclercdrive.fr/image.ashx?id=3008560&use=l&cat=p&typeid=i","cat":301265},{"id":243691,"n":"Complément alimentaire Mag2 Gommes Framboise - x45","p":12.37,"img":"https://fd2-photos.leclercdrive.fr/image.ashx?id=2833750&use=l&cat=p&typeid=i","cat":301264},{"id":243694,"n":"Complément alimentaire Maux de Tête Flash Bio Naturactive x14","p":5.85,"img":"https://fd2-photos.leclercdrive.fr/image.ashx?id=2833765&use=l&cat=p&typeid=i","cat":301268},{"id":243696,"n":"Complément alimentaire Forté Magnésium Ultra Fort - x30","p":8.79,"img":"https://fd2-photos.leclercdrive.fr/image.ashx?id=2833771&use=l&cat=p&typeid=i","cat":301264},{"id":243700,"n":"Pastilles FortéPharma Forté Royal Miel - x24","p":5.29,"img":"https://fd2-photos.leclercdrive.fr/image.ashx?id=2832176&use=l&cat=p&typeid=i","cat":301268},{"id":243701,"n":"Complément alimentaire Granions Multivitamines Fraise - x60","p":8.69,"img":"https://fd2-photos.leclercdrive.fr/image.ashx?id=2841873&use=l&cat=p&typeid=i","cat":301264},{"id":243702,"n":"Complément alimentaire Granions Collagène I & II - x80","p":28.56,"u":"352,59 €/KG","img":"https://fd2-photos.leclercdrive.fr/image.ashx?id=2846463&use=l&cat=p&typeid=i","cat":301266},{"id":243704,"n":"Complément alimentaire Granions Probiotiques 45 milliards d'ufc","p":21.89,"img":"https://fd2-photos.leclercdrive.fr/image.ashx?id=2851198&use=l&cat=p&typeid=i","cat":301268},{"id":243948,"n":"Complément alimentaire Granions Morosil 400mg - x60 comprimés","p":19.99,"u":"356,96 €/KG","img":"https://fd2-photos.leclercdrive.fr/image.ashx?id=2834623&use=l&cat=p&typeid=i","cat":301264},{"id":243953,"n":"Crème amincissant Somatoline Ventre et hanches - 250ml","p":32.99,"u":"131,96 €/L","img":"https://fd2-photos.leclercdrive.fr/image.ashx?id=2834821&use=l&cat=p&typeid=i","cat":301267},{"id":243954,"n":"Complément alimentaire Forté Pharma Booster immunité x30","p":10.59,"img":"https://fd2-photos.leclercdrive.fr/image.ashx?id=2834605&use=l&cat=p&typeid=i","cat":301264},{"id":243956,"n":"Complément alimentaire Forté Pharma Désir & vigueur 350g","p":14.95,"u":"42,71 €/KG","img":"https://fd2-photos.leclercdrive.fr/image.ashx?id=2834211&use=l&cat=p&typeid=i","cat":301264},{"id":243964,"n":"Lessive liquide Ecopack Winni's Savon d'Alep et Verveine 1350ml","p":7.73,"u":"5,73 €/L","img":"https://fd2-photos.leclercdrive.fr/image.ashx?id=2834542&use=l&cat=p&typeid=i","cat":284640},{"id":243968,"n":"Lessive liquide Ecopack Winni's Couleurs Ecolabel 1350ml x30","p":7.06,"u":"5,23 €/L","img":"https://fd2-photos.leclercdrive.fr/image.ashx?id=2834548&use=l&cat=p&typeid=i","cat":284640},{"id":243971,"n":"Liquide vaisselle Winni's Citron vert - Ecolabel - 500ml","p":2.28,"u":"4,56 €/L","img":"https://fd2-photos.leclercdrive.fr/image.ashx?id=2834557&use=l&cat=p&typeid=i","cat":284655},{"id":243974,"n":"Liquide vaisselle Winni's Eco- Pack Citron vert - 1000ml","p":4.27,"img":"https://fd2-photos.leclercdrive.fr/image.ashx?id=2938734&use=l&cat=p&typeid=i","cat":284655},{"id":243995,"n":"Croutons saveur ail Pasquier 80g","p":1.06,"u":"13,25 €/KG","img":"https://fd2-photos.leclercdrive.fr/image.ashx?id=2834458&use=l&cat=p&typeid=i","cat":284464},{"id":243996,"n":"Croutons nature Pasquier 80g","p":0.99,"u":"12,38 €/KG","img":"https://fd2-photos.leclercdrive.fr/image.ashx?id=2834461&use=l&cat=p&typeid=i","cat":284464},{"id":244204,"n":"Poêlée Champêtre Ec0+ 1kg","p":2.49,"img":"https://fd2-photos.leclercdrive.fr/image.ashx?id=2835045&use=l&cat=p&typeid=i","cat":319823},{"id":244229,"n":"Croquettes Friskies chat adulte Lapin Poulet Légumes - 1.5kg","p":4.42,"u":"2,95 €/KG","img":"https://fd2-photos.leclercdrive.fr/image.ashx?id=2835160&use=l&cat=p&typeid=i","cat":284680},{"id":244230,"n":"Croquettes Friskies chat adulte Poulet Légumes - 3kg","p":8.1,"u":"2,70 €/KG","img":"https://fd2-photos.leclercdrive.fr/image.ashx?id=2835151&use=l&cat=p&typeid=i","cat":284680},{"id":244234,"n":"Croquettes Friskies chat adulte Saumon Légumes - 1.5kg","p":4.46,"u":"2,97 €/KG","img":"https://fd2-photos.leclercdrive.fr/image.ashx?id=2860586&use=l&cat=p&typeid=i","cat":284680},{"id":244235,"n":"Croquettes Friskies chat adulte  Boeuf Poulet Légumes - 1.5kg","p":4.44,"u":"2,96 €/KG","img":"https://fd2-photos.leclercdrive.fr/image.ashx?id=2835154&use=l&cat=p&typeid=i","cat":284680},{"id":244351,"n":"Shampooing Elsève Color vive 250ml","p":2.35,"u":"9,40 €/L","img":"https://fd2-photos.leclercdrive.fr/image.ashx?id=2989318&use=l&cat=p&typeid=i","cat":284606},{"id":244359,"n":"Shampooing Elsève Dream length  250ml","p":3.48,"u":"13,92 €/L","img":"https://fd2-photos.leclercdrive.fr/image.ashx?id=2863614&use=l&cat=p&typeid=i","cat":284606},{"id":244360,"n":"Shampooing Elsève Hyaluronique  250ml","p":3.48,"u":"13,92 €/L","img":"https://fd2-photos.leclercdrive.fr/image.ashx?id=2863617&use=l&cat=p&typeid=i","cat":284606},{"id":244365,"n":"Mogettes Recettes d'Autrefois Aux tomates - 420g","p":2.27,"u":"5,40 €/KG","img":"https://fd2-photos.leclercdrive.fr/image.ashx?id=2835944&use=l&cat=p&typeid=i","cat":312606},{"id":244661,"n":"Riz Basmati Lustucru Selection  10 min - 450g","p":2.12,"u":"4,71 €/KG","img":"https://fd2-photos.leclercdrive.fr/image.ashx?id=2836732&use=l&cat=p&typeid=i","cat":284428},{"id":245061,"n":"Pain pour panini Epi d'Or Précuit - x4  300g","p":1.48,"u":"4,93 €/KG","img":"https://fd2-photos.leclercdrive.fr/image.ashx?id=2837144&use=l&cat=p&typeid=i","cat":284985},{"id":245062,"n":"Compotée d'aubergines & blé Cassegrain - 2x375g","p":6.97,"u":"9,29 €/KG","img":"https://fd2-photos.leclercdrive.fr/image.ashx?id=2970843&use=l&cat=p&typeid=i","cat":312612},{"id":245064,"n":"Riz Basmati Lustucru 900g","p":3.77,"u":"4,19 €/KG","img":"https://fd2-photos.leclercdrive.fr/image.ashx?id=2837640&use=l&cat=p&typeid=i","cat":284428},{"id":245074,"n":"Nouilles instantanées Maggi sauce aigre douce - 128g","p":1.95,"u":"15,23 €/KG","img":"https://fd2-photos.leclercdrive.fr/image.ashx?id=2837628&use=l&cat=p&typeid=i","cat":288992},{"id":245075,"n":"Nouilles instantanées Maggi  sauce Teriyaki - 128g","p":1.95,"u":"15,23 €/KG","img":"https://fd2-photos.leclercdrive.fr/image.ashx?id=2837625&use=l&cat=p&typeid=i","cat":288992},{"id":245076,"n":"Nouilles instantanées Maggi sauce Teriyaki - 75g","p":1.95,"u":"26,00 €/KG","img":"https://fd2-photos.leclercdrive.fr/image.ashx?id=2842966&use=l&cat=p&typeid=i","cat":288992},{"id":245078,"n":"Nouilles instantanées Maggi sauce poulet sésame - 75g","p":1.95,"u":"26,00 €/KG","img":"https://fd2-photos.leclercdrive.fr/image.ashx?id=2842963&use=l&cat=p&typeid=i","cat":288992},{"id":245082,"n":"Nouilles instantanées Maggi sauce sweet chili - 75g","p":1.95,"u":"26,00 €/KG","img":"https://fd2-photos.leclercdrive.fr/image.ashx?id=2842960&use=l&cat=p&typeid=i","cat":288992},{"id":245249,"n":"Mouchoirs Lotus Classic + Pur Blanc - x4","p":3.19,"img":"https://fd2-photos.leclercdrive.fr/image.ashx?id=2838419&use=l&cat=p&typeid=i","cat":284638},{"id":245451,"n":"Légumes du soleil & épeautre  Cassegrain - 2x375g","p":7.18,"u":"9,57 €/KG","img":"https://fd2-photos.leclercdrive.fr/image.ashx?id=2970846&use=l&cat=p&typeid=i","cat":312612},{"id":245463,"n":"Soupe douceur d'automne Knorr À la crème fraîche - 2x1L","p":4.89,"pp":3.42,"u":"1,71 €/L","img":"https://fd2-photos.leclercdrive.fr/image.ashx?id=2975939&use=l&cat=p&typeid=i","cat":284462},{"id":245579,"n":"Sauce Pesto vert crémeux  Panzani - 190g","p":2.11,"u":"11,11 €/KG","img":"https://fd2-photos.leclercdrive.fr/image.ashx?id=2873838&use=l&cat=p&typeid=i","cat":299047},{"id":245681,"n":"Tranches Emmental Baguette Président - 8 tranches - 120g","p":1.95,"u":"16,25 €/KG","img":"https://fd2-photos.leclercdrive.fr/image.ashx?id=2840518&use=l&cat=p&typeid=i","cat":314028},{"id":245682,"n":"Tranches Gouda Baguette Président - 8 tranches - 120g","p":1.95,"u":"16,25 €/KG","img":"https://fd2-photos.leclercdrive.fr/image.ashx?id=2840521&use=l&cat=p&typeid=i","cat":314028},{"id":245745,"n":"Farine de blé type 55 - 1kg Pratiques agricoles bas carbone","p":0.89,"u":"0,89 €/KG","img":"https://fd2-photos.leclercdrive.fr/image.ashx?id=2969994&use=l&cat=p&typeid=i","cat":284503},{"id":245929,"n":"Tablette chocolat KitKat Caramel salé - 99g","p":2.35,"u":"23,74 €/KG","img":"https://fd2-photos.leclercdrive.fr/image.ashx?id=2990868&use=l&cat=p&typeid=i","cat":284497},{"id":245930,"n":"Tablette KitKat  Double chocolat - 99g","p":2.34,"u":"23,64 €/KG","img":"https://fd2-photos.leclercdrive.fr/image.ashx?id=2990865&use=l&cat=p&typeid=i","cat":284497},{"id":245931,"n":"Tablette chocolat KitKat  Noisette - 99g","p":2.34,"u":"23,64 €/KG","img":"https://fd2-photos.leclercdrive.fr/image.ashx?id=2871046&use=l&cat=p&typeid=i","cat":284497},{"id":245980,"n":"Café en capcules L'Or Espresso Delizioso x35+15 260g","p":9.89,"u":"38,04 €/KG","img":"https://fd2-photos.leclercdrive.fr/image.ashx?id=2842153&use=l&cat=p&typeid=i","cat":284749},{"id":245985,"n":"Café en capsules LOr Espresso Ristretto x35+15 260g","p":9.17,"u":"35,27 €/KG","img":"https://fd2-photos.leclercdrive.fr/image.ashx?id=2842159&use=l&cat=p&typeid=i","cat":284749},{"id":246197,"n":"Complément alimentaire  Arkopharma Azinc Sénior x30","p":9.99,"u":"0,33 €/P","img":"https://fd2-photos.leclercdrive.fr/image.ashx?id=2843439&use=l&cat=p&typeid=i","cat":301264},{"id":246201,"n":"Pâtes penné rigaté Eco+ 1kg","p":1.1,"u":"1,10 €/KG","img":"https://fd2-photos.leclercdrive.fr/image.ashx?id=2856736&use=l&cat=p&typeid=i","cat":284427},{"id":246270,"n":"Shampooing Elseve Anti-chute - 200ml","p":5.59,"u":"27,95 €/L","img":"https://fd2-photos.leclercdrive.fr/image.ashx?id=2844196&use=l&cat=p&typeid=i","cat":284606},{"id":246330,"n":"Saumon Selection Purina One Junior 1 à 12 mois - 1.5 kg","p":7.42,"u":"4,95 €/KG","img":"https://fd2-photos.leclercdrive.fr/image.ashx?id=2844487&use=l&cat=p&typeid=i","cat":284680},{"id":246466,"n":"Soupe Knorr Pot au feu -14x55g","p":1.39,"u":"1,81 €/KG","img":"https://fd2-photos.leclercdrive.fr/image.ashx?id=2845656&use=l&cat=p&typeid=i","cat":293527},{"id":246549,"n":"Gel nettoyant Neutrogena Pamplemousse 0.5% - 200ml","p":4.82,"u":"24,10 €/L","img":"https://fd2-photos.leclercdrive.fr/image.ashx?id=2846051&use=l&cat=p&typeid=i","cat":284603},{"id":246550,"n":"Mousse aérienne nettoyante Nuxe Very Rose - 150ml","p":12.49,"u":"83,27 €/L","img":"https://fd2-photos.leclercdrive.fr/image.ashx?id=2847171&use=l&cat=p&typeid=i","cat":301587},{"id":246553,"n":"Gel réparateur cutané Osmo Soft Coups de soleil - 150g","p":5.93,"u":"39,53 €/KG","img":"https://fd2-photos.leclercdrive.fr/image.ashx?id=2862551&use=l&cat=p&typeid=i","cat":290405},{"id":246555,"n":"Complément alimentaire CaloriLight - x120","p":21.59,"u":"215,90 €/KG","img":"https://fd2-photos.leclercdrive.fr/image.ashx?id=2846057&use=l&cat=p&typeid=i","cat":301267},{"id":246556,"n":"Complément alimentaire XtraSlim ChronoFort - Morosil","p":24.99,"img":"https://fd2-photos.leclercdrive.fr/image.ashx?id=2846060&use=l&cat=p&typeid=i","cat":301267},{"id":246558,"n":"Gel de massage Chondrosteo+ 100ml","p":7.46,"u":"74,60 €/L","img":"https://fd2-photos.leclercdrive.fr/image.ashx?id=2845446&use=l&cat=p&typeid=i","cat":291163},{"id":246638,"n":"Riz parfumé Taureau Ailé 1kg","p":2.88,"u":"2,88 €/KG","img":"https://fd2-photos.leclercdrive.fr/image.ashx?id=2846739&use=l&cat=p&typeid=i","cat":284428},{"id":246798,"n":"Thé noir Ethiquable Bio Ayurvédique - 36g","p":2.74,"u":"76,11 €/KG","img":"https://fd2-photos.leclercdrive.fr/image.ashx?id=2870989&use=l&cat=p&typeid=i","cat":293234},{"id":246901,"n":"Gésiers de canard confit  Le Gaulois - 180g","p":3.33,"u":"18,50 €/KG","img":"https://fd2-photos.leclercdrive.fr/image.ashx?id=2921271&use=l&cat=p&typeid=i","cat":284715},{"id":246949,"n":"Crème riche lissante  Jonzac 40ml","p":16.39,"pp":11.47,"u":"286,75 €/L","img":"https://fd2-photos.leclercdrive.fr/image.ashx?id=2849067&use=l&cat=p&typeid=i","cat":291171},{"id":246951,"n":"Crème légère lissante  Jonzac 40ml","p":16.55,"pp":11.58,"u":"289,50 €/L","img":"https://fd2-photos.leclercdrive.fr/image.ashx?id=2849070&use=l&cat=p&typeid=i","cat":291171},{"id":246963,"n":"Soin Hyaluron Activ B3 15 ML Avène","p":24.99,"img":"https://fd2-photos.leclercdrive.fr/image.ashx?id=2857323&use=l&cat=p&typeid=i","cat":291168},{"id":246968,"n":"Test de grossesse  1 pièce","p":2.98,"img":"https://fd2-photos.leclercdrive.fr/image.ashx?id=2848953&use=l&cat=p&typeid=i","cat":291159},{"id":247087,"n":"Duo blé riz sarrasin Jardin Bio 220g","p":1.51,"u":"6,86 €/KG","img":"https://fd2-photos.leclercdrive.fr/image.ashx?id=2849953&use=l&cat=p&typeid=i","cat":284953},{"id":247088,"n":"Velouté de tomates Jardin Bio Lentilles corail bio - 2X33cl","p":2.3,"u":"3,48 €/L","img":"https://fd2-photos.leclercdrive.fr/image.ashx?id=2849950&use=l&cat=p&typeid=i","cat":284462},{"id":247091,"n":"Trio gourmand Jardin Bio Riz lentilles bio - 220g","p":1.51,"u":"6,86 €/KG","img":"https://fd2-photos.leclercdrive.fr/image.ashx?id=2849944&use=l&cat=p&typeid=i","cat":284953},{"id":247096,"n":"Pad Thai Jardin Bio bio 220g","p":2.54,"u":"11,55 €/KG","img":"https://fd2-photos.leclercdrive.fr/image.ashx?id=2849935&use=l&cat=p&typeid=i","cat":284953},{"id":247261,"n":"Shampooing Elsève Colorvive - 300ml","p":4.18,"u":"13,93 €/L","img":"https://fd2-photos.leclercdrive.fr/image.ashx?id=2850614&use=l&cat=p&typeid=i","cat":284606},{"id":247262,"n":"Shampooing Elsève Hyaluronique - 250ml","p":4.18,"u":"16,72 €/L","img":"https://fd2-photos.leclercdrive.fr/image.ashx?id=2869095&use=l&cat=p&typeid=i","cat":284606},{"id":247263,"n":"Shampooing Elsève Total repair 5 - 300ml","p":4.18,"u":"13,93 €/L","img":"https://fd2-photos.leclercdrive.fr/image.ashx?id=2850617&use=l&cat=p&typeid=i","cat":284606},{"id":247264,"n":"Shampooing Elseve Huile extraordinaire - 250ml","p":4.18,"u":"16,72 €/L","img":"https://fd2-photos.leclercdrive.fr/image.ashx?id=2868690&use=l&cat=p&typeid=i","cat":284606},{"id":247265,"n":"Shampooing Elseve Dream long - 250ml","p":4.18,"u":"16,72 €/L","img":"https://fd2-photos.leclercdrive.fr/image.ashx?id=2850623&use=l&cat=p&typeid=i","cat":284606},{"id":247269,"n":"Shampooing Elseve Nutri gloss - 300ml","p":4.18,"u":"13,93 €/L","img":"https://fd2-photos.leclercdrive.fr/image.ashx?id=2869089&use=l&cat=p&typeid=i","cat":284606},{"id":247270,"n":"Shampooing Elseve Multi-vitaminé - 300ml","p":4.18,"u":"13,93 €/L","img":"https://fd2-photos.leclercdrive.fr/image.ashx?id=2850629&use=l&cat=p&typeid=i","cat":284606},{"id":247271,"n":"Après-shampooing Elseve Color vive - 250ml","p":4.18,"u":"16,72 €/L","img":"https://fd2-photos.leclercdrive.fr/image.ashx?id=2850632&use=l&cat=p&typeid=i","cat":284607},{"id":247273,"n":"Démélant Elseve Hyaluronique Booster hydratation 72h - 200ml","p":4.18,"u":"20,90 €/L","img":"https://fd2-photos.leclercdrive.fr/image.ashx?id=2869092&use=l&cat=p&typeid=i","cat":284607},{"id":247274,"n":"Après-Shampooing Elseve Dream Long - 200ml","p":4.18,"u":"20,90 €/L","img":"https://fd2-photos.leclercdrive.fr/image.ashx?id=2850638&use=l&cat=p&typeid=i","cat":284607},{"id":247275,"n":"Après-shampooing Elseve Nutri gloss - 250ml","p":4.18,"u":"16,72 €/L","img":"https://fd2-photos.leclercdrive.fr/image.ashx?id=2850641&use=l&cat=p&typeid=i","cat":284607},{"id":247299,"n":"Bière ambrée Barbotine 75cl","p":4.87,"u":"6,49 €/L","img":"https://fd2-photos.leclercdrive.fr/image.ashx?id=2851207&use=l&cat=p&typeid=i","cat":334852},{"id":247863,"n":"Shampooing Elsève Color vive  2 en 1 - 250ml","p":4.25,"u":"17,00 €/L","img":"https://fd2-photos.leclercdrive.fr/image.ashx?id=2853961&use=l&cat=p&typeid=i","cat":284606},{"id":247865,"n":"Shampooing Elsève Color vive  500ml","p":5.12,"u":"10,24 €/L","img":"https://fd2-photos.leclercdrive.fr/image.ashx?id=2853964&use=l&cat=p&typeid=i","cat":284606},{"id":247866,"n":"Shampooing Elsève Full resist  250ml","p":3.69,"u":"14,76 €/L","img":"https://fd2-photos.leclercdrive.fr/image.ashx?id=2853967&use=l&cat=p&typeid=i","cat":284606},{"id":247867,"n":"Shampooing Elsève Huile  extraordinaire Coco - 250ml","p":4.09,"u":"16,36 €/L","img":"https://fd2-photos.leclercdrive.fr/image.ashx?id=2853970&use=l&cat=p&typeid=i","cat":284606},{"id":247869,"n":"Shampooing Elsève Huile  extraordinaire amla -250ml","p":3.69,"u":"14,76 €/L","img":"https://fd2-photos.leclercdrive.fr/image.ashx?id=2853973&use=l&cat=p&typeid=i","cat":284606},{"id":247871,"n":"Shampooing Elsève  Liss intense -300ml","p":3.92,"u":"13,07 €/L","img":"https://fd2-photos.leclercdrive.fr/image.ashx?id=2853976&use=l&cat=p&typeid=i","cat":284606},{"id":247873,"n":"Shampooing Elsève Fibralogy Volume - 300ml","p":4.17,"u":"13,90 €/L","img":"https://fd2-photos.leclercdrive.fr/image.ashx?id=2870686&use=l&cat=p&typeid=i","cat":284606},{"id":247874,"n":"Savon liquide Le Naturel  Extra pur de Marseille -500ml","p":2.7,"u":"5,40 €/L","img":"https://fd2-photos.leclercdrive.fr/image.ashx?id=2869119&use=l&cat=p&typeid=i","cat":284597},{"id":247877,"n":"Savon liquide Le Naturel Fleur d'oranger - 500ml","p":3.27,"u":"6,54 €/L","img":"https://fd2-photos.leclercdrive.fr/image.ashx?id=2868693&use=l&cat=p&typeid=i","cat":284597},{"id":247878,"n":"Savon liquide Le Natural  Recharge Savon de Marseille -1l","p":4.61,"u":"4,61 €/L","img":"https://fd2-photos.leclercdrive.fr/image.ashx?id=2869122&use=l&cat=p&typeid=i","cat":284597},{"id":247882,"n":"Shampooing Elsève  Antipelliculaire - 300ml","p":3.67,"u":"12,23 €/L","img":"https://fd2-photos.leclercdrive.fr/image.ashx?id=2853982&use=l&cat=p&typeid=i","cat":284606},{"id":248114,"n":"Raisin blanc Cotton Candy Sans pépins - 400g","p":3.99,"u":"9,98 €/KG","img":"https://fd2-photos.leclercdrive.fr/image.ashx?id=2965363&use=l&cat=p&typeid=i","cat":284356},{"id":248328,"n":"Recharge Crème de douche  Le Petit Marseillais Lait 500ml","p":2.77,"u":"5,54 €/L","img":"https://fd2-photos.leclercdrive.fr/image.ashx?id=2855957&use=l&cat=p&typeid=i","cat":284594},{"id":248329,"n":"Recharge Crème de douche Fleur d'oranger - 500ml","p":2.78,"u":"5,56 €/L","img":"https://fd2-photos.leclercdrive.fr/image.ashx?id=2855960&use=l&cat=p&typeid=i","cat":284594},{"id":248330,"n":"Recharge Crème de douche Lait d'amande - 500ml","p":2.77,"u":"5,54 €/L","img":"https://fd2-photos.leclercdrive.fr/image.ashx?id=2855963&use=l&cat=p&typeid=i","cat":284594},{"id":248340,"n":"Recharge Crème de douche Le Petit Marseillais Vanille 500ml","p":2.72,"u":"5,44 €/L","img":"https://fd2-photos.leclercdrive.fr/image.ashx?id=2855966&use=l&cat=p&typeid=i","cat":284594},{"id":248343,"n":"Masque capillaire Fructis Méthode boucles - 370ml","p":6.05,"u":"16,35 €/L","img":"https://fd2-photos.leclercdrive.fr/image.ashx?id=2867107&use=l&cat=p&typeid=i","cat":284608},{"id":248345,"n":"Bandes de cire visage Veet Peaux sensibles - x16","p":4.38,"img":"https://fd2-photos.leclercdrive.fr/image.ashx?id=2901668&use=l&cat=p&typeid=i","cat":325351},{"id":248348,"n":"Déodorant solide stick Bionaïa Huile de coco Bio - 50g","p":3.99,"u":"79,80 €/KG","img":"https://fd2-photos.leclercdrive.fr/image.ashx?id=2855819&use=l&cat=p&typeid=i","cat":284595},{"id":248349,"n":"Complément alimentaire  EuphytoseNuit - LP-1.9mg x30","p":14.89,"img":"https://fd2-photos.leclercdrive.fr/image.ashx?id=2857461&use=l&cat=p&typeid=i","cat":301265},{"id":248350,"n":"Complément alimentaire Eafit Minceur 360 - Poudre - 200g","p":20.47,"u":"102,35 €/KG","img":"https://fd2-photos.leclercdrive.fr/image.ashx?id=2862518&use=l&cat=p&typeid=i","cat":301267},{"id":248414,"n":"Bonbons à mâcher Hi-Chew  Fraise 50g","p":1.77,"u":"35,40 €/KG","img":"https://fd2-photos.leclercdrive.fr/image.ashx?id=2856808&use=l&cat=p&typeid=i","cat":304251},{"id":248416,"n":"Hi-Chew mangue 50g","p":1.77,"u":"35,40 €/KG","img":"https://fd2-photos.leclercdrive.fr/image.ashx?id=2856814&use=l&cat=p&typeid=i","cat":304251},{"id":248545,"n":"Chou-fleur blanc 1p","p":1.18,"img":"https://fd2-photos.leclercdrive.fr/image.ashx?id=1631991&use=l&cat=p&typeid=i","cat":284352},{"id":248546,"n":"Feuille de chêne blonde 1p","p":0.99,"img":"https://fd2-photos.leclercdrive.fr/image.ashx?id=1633646&use=l&cat=p&typeid=i","cat":284352},{"id":248584,"n":"Ananas Extra Sweet 1p","p":1.99,"img":"https://fd2-photos.leclercdrive.fr/image.ashx?id=2856700&use=l&cat=p&typeid=i","cat":284356},{"id":248596,"n":"Mangue 1p","p":1.89,"img":"https://fd2-photos.leclercdrive.fr/image.ashx?id=1636371&use=l&cat=p&typeid=i","cat":284356},{"id":249173,"n":"Riz basmati Taureau Ailé 1kg","p":3.59,"u":"3,59 €/KG","img":"https://fd2-photos.leclercdrive.fr/image.ashx?id=2860457&use=l&cat=p&typeid=i","cat":284428},{"id":249562,"n":"Pâte de noisettes Natù et noix de cajou - Bio - 220g","p":6.68,"u":"30,36 €/KG","img":"https://fd2-photos.leclercdrive.fr/image.ashx?id=2861207&use=l&cat=p&typeid=i","cat":284481},{"id":249956,"n":"Perles de linge Soupline  Grand air - 460g","p":13.85,"img":"https://fd2-photos.leclercdrive.fr/image.ashx?id=2861833&use=l&cat=p&typeid=i","cat":284650},{"id":249958,"n":"Risotto classique Knorr 12min - 175g","p":2.3,"u":"13,14 €/KG","img":"https://fd2-photos.leclercdrive.fr/image.ashx?id=3011956&use=l&cat=p&typeid=i","cat":284428},{"id":249959,"n":"Risotto Knorr Truffe blanche d'été - 175g","p":2.34,"u":"13,37 €/KG","img":"https://fd2-photos.leclercdrive.fr/image.ashx?id=2872625&use=l&cat=p&typeid=i","cat":284428},{"id":249960,"n":"Risotto à la courge Knorr  12min - 175g","p":1.49,"u":"8,51 €/KG","img":"https://fd2-photos.leclercdrive.fr/image.ashx?id=2872225&use=l&cat=p&typeid=i","cat":284428},{"id":249961,"n":"Risotto aux asperges Knorr 12min - 175g","p":2.35,"u":"13,43 €/KG","img":"https://fd2-photos.leclercdrive.fr/image.ashx?id=2964255&use=l&cat=p&typeid=i","cat":284428},{"id":249964,"n":"Gourdes Douceur du Verger Fruits jaunes - 12x90g","p":4.39,"u":"4,06 €/KG","img":"https://fd2-photos.leclercdrive.fr/image.ashx?id=2934790&use=l&cat=p&typeid=i","cat":284508},{"id":249965,"n":"Gourdes Douceur du Verger 12x90g","p":4.19,"u":"3,88 €/KG","img":"https://fd2-photos.leclercdrive.fr/image.ashx?id=2934787&use=l&cat=p&typeid=i","cat":284508},{"id":249966,"n":"Gourdes Douceur du Verger 20x90g","p":4.89,"u":"2,72 €/KG","img":"https://fd2-photos.leclercdrive.fr/image.ashx?id=2934784&use=l&cat=p&typeid=i","cat":284508},{"id":250026,"n":"Sauce samourai Rustica 260g","p":1.39,"u":"5,35 €/KG","img":"https://fd2-photos.leclercdrive.fr/image.ashx?id=2955074&use=l&cat=p&typeid=i","cat":318431},{"id":250153,"n":"Sauce burger Rustica 260g","p":1.29,"u":"4,96 €/KG","img":"https://fd2-photos.leclercdrive.fr/image.ashx?id=2954400&use=l&cat=p&typeid=i","cat":318431},{"id":250158,"n":"Crème hydratante So Bio Etic Booster d'éclat Bio 50ml","p":8.86,"u":"177,20 €/L","img":"https://fd2-photos.leclercdrive.fr/image.ashx?id=2863581&use=l&cat=p&typeid=i","cat":325350},{"id":250160,"n":"Sérum hydratation So Bio Etic Booster d'éclat Bio30ml","p":11.42,"u":"380,67 €/L","img":"https://fd2-photos.leclercdrive.fr/image.ashx?id=2863578&use=l&cat=p&typeid=i","cat":325345},{"id":250172,"n":"Sérum hydratant So Bio Etic Fortifiant repulpant Bio - 30ml","p":12.77,"u":"425,67 €/L","img":"https://fd2-photos.leclercdrive.fr/image.ashx?id=2863584&use=l&cat=p&typeid=i","cat":325345},{"id":250187,"n":"Crème douceur nuit So Bio Etic Régénérante - Anesse Bio 50ml","p":10.79,"u":"215,80 €/L","img":"https://fd2-photos.leclercdrive.fr/image.ashx?id=2863587&use=l&cat=p&typeid=i","cat":325345},{"id":250250,"n":"Cognac Hennessy  Very special 40% - 70cl","p":35.54,"u":"50,77 €/L","img":"https://fd2-photos.leclercdrive.fr/image.ashx?id=2863437&use=l&cat=p&typeid=i","cat":286032},{"id":250407,"n":"Huile végétale So Bio Etic Ricin Bio équitable - 100ml","p":8.6,"u":"86,00 €/L","img":"https://fd2-photos.leclercdrive.fr/image.ashx?id=2864107&use=l&cat=p&typeid=i","cat":284608},{"id":250415,"n":"Lait corps hydratant Nivea Fermeté Q10 + vitamine C 250ml","p":3.62,"u":"14,48 €/L","img":"https://fd2-photos.leclercdrive.fr/image.ashx?id=3008978&use=l&cat=p&typeid=i","cat":325349},{"id":250416,"n":"Crème visage nuit Nivea Q10 Power anti-rides 50ml","p":11.03,"u":"220,60 €/L","img":"https://fd2-photos.leclercdrive.fr/image.ashx?id=3014593&use=l&cat=p&typeid=i","cat":325345},{"id":250417,"n":"Crème visage jour Nivea Q10 anti-rides SPF30 50ml","p":12.54,"u":"250,80 €/L","img":"https://fd2-photos.leclercdrive.fr/image.ashx?id=3000339&use=l&cat=p&typeid=i","cat":325345},{"id":250419,"n":"Crème visage jour Nivea Q10 anti-rides SPF15 50ml","p":11.01,"u":"220,20 €/L","img":"https://fd2-photos.leclercdrive.fr/image.ashx?id=2985480&use=l&cat=p&typeid=i","cat":325345},{"id":250420,"n":"Crème visage Nivea Q10 Energy jour SPF15 50ml","p":12.17,"u":"243,40 €/L","img":"https://fd2-photos.leclercdrive.fr/image.ashx?id=3014862&use=l&cat=p&typeid=i","cat":325345},{"id":250421,"n":"Sérum visage Nivea Luminous anti-tâches 30ml","p":17.71,"u":"590,33 €/L","img":"https://fd2-photos.leclercdrive.fr/image.ashx?id=3000821&use=l&cat=p&typeid=i","cat":325345},{"id":250425,"n":"Crème soin jour visage Nivea Anti-tâches SPF50 - 40ml","p":17.71,"u":"442,75 €/L","img":"https://fd2-photos.leclercdrive.fr/image.ashx?id=2985501&use=l&cat=p&typeid=i","cat":325345},{"id":250427,"n":"Crème nuit visage Nivea Q10 Energie - 50ml","p":13.32,"u":"266,40 €/L","img":"https://fd2-photos.leclercdrive.fr/image.ashx?id=2981274&use=l&cat=p&typeid=i","cat":325345},{"id":250428,"n":"Sérum visage Q10 Double action - 30ml","p":14.52,"u":"484,00 €/L","img":"https://fd2-photos.leclercdrive.fr/image.ashx?id=3014620&use=l&cat=p&typeid=i","cat":325345},{"id":250429,"n":"Crème contour yeux Nivea Q10 Power anti-rides - 15ml","p":12.12,"u":"808,00 €/L","img":"https://fd2-photos.leclercdrive.fr/image.ashx?id=3000336&use=l&cat=p&typeid=i","cat":325345},{"id":250820,"n":"Gnocchini à poêler Lustucru 2x300g + 1 offert","p":3.09,"u":"3,43 €/KG","img":"https://fd2-photos.leclercdrive.fr/image.ashx?id=2939493&use=l&cat=p&typeid=i","cat":333682},{"id":250857,"n":"Haché végétal Végé Blé & Pois - 200g","p":2.99,"u":"14,95 €/KG","img":"https://fd2-photos.leclercdrive.fr/image.ashx?id=2932683&use=l&cat=p&typeid=i","cat":316036},{"id":251524,"n":"Tropicana - Juicy Pêche rouge 1,5L","p":1.87,"u":"1,25 €/L","img":"https://fd2-photos.leclercdrive.fr/image.ashx?id=3010813&use=l&cat=p&typeid=i","cat":284915},{"id":251575,"n":"Le pâté verrine Hénaff  180g","p":2.39,"u":"13,28 €/KG","img":"https://fd2-photos.leclercdrive.fr/image.ashx?id=2868032&use=l&cat=p&typeid=i","cat":305149},{"id":251990,"n":"Patch invisible visage Garnier Anti-acné - x22","p":9.89,"img":"https://fd2-photos.leclercdrive.fr/image.ashx?id=3000794&use=l&cat=p&typeid=i","cat":325345},{"id":252002,"n":"Couches écoresponsables Biolane Taille 1 - x28","p":7.77,"img":"https://fd2-photos.leclercdrive.fr/image.ashx?id=2876518&use=l&cat=p&typeid=i","cat":284737},{"id":252008,"n":"Sérum visage Revitalift Laser Correcteur anti-âge -30ml","p":14.45,"u":"481,67 €/L","img":"https://fd2-photos.leclercdrive.fr/image.ashx?id=2874024&use=l&cat=p&typeid=i","cat":325345},{"id":252009,"n":"Lessive liquide Skip Active clean - x40 - 1.68L","p":11.43,"u":"6,80 €/L","img":"https://fd2-photos.leclercdrive.fr/image.ashx?id=2908393&use=l&cat=p&typeid=i","cat":284640},{"id":252010,"n":"Lessive liquide Skip Fraîcheur intense - x40 - 1.68L","p":11.57,"u":"6,89 €/L","img":"https://fd2-photos.leclercdrive.fr/image.ashx?id=2940657&use=l&cat=p&typeid=i","cat":284640},{"id":252097,"n":"Lessive Liquide SKIP Touche de Cajoline x37 lavages","p":12.36,"u":"7,95 €/L","img":"https://fd2-photos.leclercdrive.fr/image.ashx?id=2940660&use=l&cat=p&typeid=i","cat":284640},{"id":252100,"n":"Fil dentaire expansible Ricqles Fluore et menthole - 40m","p":3.64,"img":"https://fd2-photos.leclercdrive.fr/image.ashx?id=2868912&use=l&cat=p&typeid=i","cat":285159},{"id":252107,"n":"Eau de toilette Biolane Fraîcheur - 200ml","p":4.0,"u":"20,00 €/L","img":"https://fd2-photos.leclercdrive.fr/image.ashx?id=2868978&use=l&cat=p&typeid=i","cat":284741},{"id":252109,"n":"Duo sérum anti-âge L'Oréal Age perfect - 30ml","p":24.5,"pp":16.17,"u":"539,00 €/L","img":"https://fd2-photos.leclercdrive.fr/image.ashx?id=2874003&use=l&cat=p&typeid=i","cat":325345},{"id":252112,"n":"Soin anti-tâches L'Oréal Paris Bright Reveal SPF50+ - 50ml","p":19.79,"u":"395,80 €/L","img":"https://fd2-photos.leclercdrive.fr/image.ashx?id=2903428&use=l&cat=p&typeid=i","cat":325345},{"id":252113,"n":"Fluide anti-uv L'Oréal Medium SPF50 50ml","p":19.62,"u":"392,40 €/L","img":"https://fd2-photos.leclercdrive.fr/image.ashx?id=2874009&use=l&cat=p&typeid=i","cat":325345},{"id":252119,"n":"Gel moussant purifiant L'Oréal Men Expert - 260ml","p":12.51,"u":"48,12 €/L","img":"https://fd2-photos.leclercdrive.fr/image.ashx?id=2874012&use=l&cat=p&typeid=i","cat":284622},{"id":252120,"n":"Crème hydratante L'Oréal Bright Reveal - SPF50 - 50ml","p":15.83,"u":"316,60 €/L","img":"https://fd2-photos.leclercdrive.fr/image.ashx?id=2874015&use=l&cat=p&typeid=i","cat":284622},{"id":252127,"n":"Sérum anti-imperfection L'oréal Men expert - 30ml","p":15.49,"u":"516,33 €/L","img":"https://fd2-photos.leclercdrive.fr/image.ashx?id=2874021&use=l&cat=p&typeid=i","cat":284622},{"id":252128,"n":"Spray nettoyant multi-usage CIF Infinite+Clean Protection 280ml","p":3.96,"u":"14,14 €/MT","img":"https://fd2-photos.leclercdrive.fr/image.ashx?id=2948543&use=l&cat=p&typeid=i","cat":325357},{"id":252129,"n":"Spray nettoyant multi-usage Cif  Infinite+Clean Brillance-280ml","p":3.93,"u":"14,04 €/L","img":"https://fd2-photos.leclercdrive.fr/image.ashx?id=2872234&use=l&cat=p&typeid=i","cat":325357},{"id":252133,"n":"Spray nettoyant multi-usage CIF Infinite+Clean 280ml","p":3.98,"u":"14,21 €/L","img":"https://fd2-photos.leclercdrive.fr/image.ashx?id=2948546&use=l&cat=p&typeid=i","cat":325357},{"id":252134,"n":"Recharge Spray nettoyant CIF Infinite+Clean Protection 590ml","p":4.99,"u":"8,46 €/L","img":"https://fd2-photos.leclercdrive.fr/image.ashx?id=2948549&use=l&cat=p&typeid=i","cat":325357},{"id":252136,"n":"Recharge Spray nettoyant CIF Infinite+Clean Brillance 590ml","p":5.0,"u":"8,47 €/L","img":"https://fd2-photos.leclercdrive.fr/image.ashx?id=2940675&use=l&cat=p&typeid=i","cat":325357},{"id":252137,"n":"Recharge Spray nettoyant CIF Infinite+Clean 590ml","p":4.71,"u":"7,98 €/L","img":"https://fd2-photos.leclercdrive.fr/image.ashx?id=2974066&use=l&cat=p&typeid=i","cat":325357},{"id":252813,"n":"Lait corps Nivea Douceur - 400ml","p":5.17,"u":"12,93 €/L","img":"https://fd2-photos.leclercdrive.fr/image.ashx?id=3014623&use=l&cat=p&typeid=i","cat":325349},{"id":252814,"n":"Crème visage corps mains Nivea Repair & care - 400ml","p":5.19,"pp":3.43,"u":"8,58 €/L","img":"https://fd2-photos.leclercdrive.fr/image.ashx?id=2872078&use=l&cat=p&typeid=i","cat":325350},{"id":253208,"n":"Crème visage Nivea Anti-rides Power Q10 - 2x50ml","p":19.83,"u":"198,30 €/L","img":"https://fd2-photos.leclercdrive.fr/image.ashx?id=2878258&use=l&cat=p&typeid=i","cat":325345},{"id":253339,"n":"Croque Monsieur Herta Chèvre jambon - 310g","p":2.59,"u":"8,35 €/KG","img":"https://fd2-photos.leclercdrive.fr/image.ashx?id=2877745&use=l&cat=p&typeid=i","cat":333671},{"id":253342,"n":"Croque-Monsieur Herta  Maxi Montagnard x2 - 310g","p":2.59,"u":"8,35 €/KG","img":"https://fd2-photos.leclercdrive.fr/image.ashx?id=2877748&use=l&cat=p&typeid=i","cat":333671},{"id":253344,"n":"Gnocchi à poeler Lustucru 1 sachet offert - 900g","p":3.09,"u":"3,43 €/KG","img":"https://fd2-photos.leclercdrive.fr/image.ashx?id=2873919&use=l&cat=p&typeid=i","cat":333682},{"id":253523,"n":"Brosse à dents Petit Dentamyl 2-6 ans - Rose Vert Bleu x3","p":1.47,"u":"0,49 €/P","img":"https://fd2-photos.leclercdrive.fr/image.ashx?id=2872790&use=l&cat=p&typeid=i","cat":288897},{"id":253527,"n":"Brosse à dents Petit Dentamyl 2-6 ans - Jaune Vert Bleu x3","p":1.47,"u":"0,49 €/P","img":"https://fd2-photos.leclercdrive.fr/image.ashx?id=2872793&use=l&cat=p&typeid=i","cat":288897},{"id":253528,"n":"Brosse à dents junior Dentamyl Vert / Jaune - 1 pièce","p":0.49,"img":"https://fd2-photos.leclercdrive.fr/image.ashx?id=2872796&use=l&cat=p&typeid=i","cat":288897},{"id":253529,"n":"Brosse à dents junior Dentamyl Rose - 1 pièce","p":0.49,"img":"https://fd2-photos.leclercdrive.fr/image.ashx?id=2872799&use=l&cat=p&typeid=i","cat":288897},{"id":253533,"n":"Brosse à dent Dentamyl Rouge Tête rechargeable dure x1","p":1.17,"img":"https://fd2-photos.leclercdrive.fr/image.ashx?id=2872808&use=l&cat=p&typeid=i","cat":284614},{"id":253536,"n":"Brosse à dent Dentamyl Orange Tête rechargeable dure","p":1.17,"img":"https://fd2-photos.leclercdrive.fr/image.ashx?id=2872817&use=l&cat=p&typeid=i","cat":284614},{"id":253539,"n":"Brosse à dent Dentamyl Bleu Tête rechargeable médium","p":1.17,"img":"https://fd2-photos.leclercdrive.fr/image.ashx?id=2872820&use=l&cat=p&typeid=i","cat":284614},{"id":253540,"n":"Brosse à dent Dentamyl Orange Tête rechargeable médium","p":1.17,"img":"https://fd2-photos.leclercdrive.fr/image.ashx?id=2872823&use=l&cat=p&typeid=i","cat":284614},{"id":253542,"n":"Brosse à dent Dentamyl Vert Tête rechargeable médium","p":1.17,"img":"https://fd2-photos.leclercdrive.fr/image.ashx?id=2872829&use=l&cat=p&typeid=i","cat":284614},{"id":253544,"n":"Brosse à dents pro Dentamyl Bleu - Blancheur x1","p":1.32,"img":"https://fd2-photos.leclercdrive.fr/image.ashx?id=2872832&use=l&cat=p&typeid=i","cat":284614},{"id":253545,"n":"Brosse à dents pro Dentamyl Gris - Blancheur x1","p":1.32,"img":"https://fd2-photos.leclercdrive.fr/image.ashx?id=2915657&use=l&cat=p&typeid=i","cat":284614},{"id":253546,"n":"Brosse à dents pro Dentamyl Rose - Blancheur x1","p":1.32,"img":"https://fd2-photos.leclercdrive.fr/image.ashx?id=2872838&use=l&cat=p&typeid=i","cat":284614},{"id":253547,"n":"Brosse à dents pro Dentamyl Violet - Blancheur x1","p":1.32,"img":"https://fd2-photos.leclercdrive.fr/image.ashx?id=2872841&use=l&cat=p&typeid=i","cat":284614},{"id":253571,"n":"Bols Mots d'Enfants - 2x200g  Tomates, pâtes et boeuf dès 8M","p":2.39,"u":"5,98 €/KG","img":"https://fd2-photos.leclercdrive.fr/image.ashx?id=2892358&use=l&cat=p&typeid=i","cat":312236},{"id":253575,"n":"Bols Mots d'Enfants - 2x200g  Parmentier de cabillaud dès 8M","p":2.09,"u":"5,23 €/KG","img":"https://fd2-photos.leclercdrive.fr/image.ashx?id=2892361&use=l&cat=p&typeid=i","cat":312236},{"id":253581,"n":"Bols Mots d'Enfants - 2x200g  Purée de légumes dès 8M","p":1.69,"u":"4,23 €/KG","img":"https://fd2-photos.leclercdrive.fr/image.ashx?id=2892364&use=l&cat=p&typeid=i","cat":312236},{"id":253677,"n":"Bols Mots d'Enfants - 2x200g  Pâtes, épinards et crème dès 8M","p":2.29,"u":"5,73 €/KG","img":"https://fd2-photos.leclercdrive.fr/image.ashx?id=2892367&use=l&cat=p&typeid=i","cat":312236},{"id":253678,"n":"Assiette Mots d'Enfants - 230g Spaghetti bolognaise dès 12M","p":1.39,"u":"6,04 €/KG","img":"https://fd2-photos.leclercdrive.fr/image.ashx?id=2898050&use=l&cat=p&typeid=i","cat":312237},{"id":253679,"n":"Assiette Mots d'Enfants - 230g Hachis parmentier dès 12M","p":1.39,"u":"6,04 €/KG","img":"https://fd2-photos.leclercdrive.fr/image.ashx?id=2892370&use=l&cat=p&typeid=i","cat":312237},{"id":253682,"n":"Assiette Mots d'Enfants - 230g Légumes et macaroni dès 12M","p":1.39,"u":"6,04 €/KG","img":"https://fd2-photos.leclercdrive.fr/image.ashx?id=2892373&use=l&cat=p&typeid=i","cat":312237},{"id":253683,"n":"Assiette Mots d'Enfants - 250g Pommes de terre, poulet dès 15M","p":1.59,"u":"6,36 €/KG","img":"https://fd2-photos.leclercdrive.fr/image.ashx?id=2898053&use=l&cat=p&typeid=i","cat":312238},{"id":253684,"n":"Assiette Mots d'Enfants - 250g Pâtes, tomate et jambon dès 15M","p":1.59,"u":"6,36 €/KG","img":"https://fd2-photos.leclercdrive.fr/image.ashx?id=2892376&use=l&cat=p&typeid=i","cat":312238},{"id":253687,"n":"Assiette Mots d'Enfants - 250g Légumes et patate douce dès 15M","p":1.59,"u":"6,36 €/KG","img":"https://fd2-photos.leclercdrive.fr/image.ashx?id=2892388&use=l&cat=p&typeid=i","cat":312238},{"id":253689,"n":"Assiette Mots d'Enfants - 250g Pdt, fondue de poireaux dès 15M","p":1.59,"u":"6,36 €/KG","img":"https://fd2-photos.leclercdrive.fr/image.ashx?id=2892379&use=l&cat=p&typeid=i","cat":312238},{"id":253691,"n":"Assiette Mots d'Enfants - 250g Pâtes boeuf bourguignon dès 18M","p":1.69,"u":"6,76 €/KG","img":"https://fd2-photos.leclercdrive.fr/image.ashx?id=2892382&use=l&cat=p&typeid=i","cat":312238},{"id":253694,"n":"Assiette Mots d'Enfants - 250g Blanquette de volaille dès 18M","p":1.69,"u":"6,76 €/KG","img":"https://fd2-photos.leclercdrive.fr/image.ashx?id=2898056&use=l&cat=p&typeid=i","cat":312238},{"id":253698,"n":"Assiette Mots d'Enfants - 250g Carottes pâtes épinards dès 18M","p":1.69,"u":"6,76 €/KG","img":"https://fd2-photos.leclercdrive.fr/image.ashx?id=2898059&use=l&cat=p&typeid=i","cat":312238},{"id":253699,"n":"Assiette Mots d'Enfants - 250g Ratatouille et boulgour dès 18M","p":1.69,"u":"6,76 €/KG","img":"https://fd2-photos.leclercdrive.fr/image.ashx?id=2892385&use=l&cat=p&typeid=i","cat":312238},{"id":253999,"n":"Chewing gum Mentos pure fresh Limonade sans sucres x50 - 100g","p":3.26,"u":"32,60 €/KG","img":"https://fd2-photos.leclercdrive.fr/image.ashx?id=3010795&use=l&cat=p&typeid=i","cat":304251},{"id":254008,"n":"Gel douche homme Axe Copper santal - 225ml","p":2.58,"u":"11,47 €/L","img":"https://fd2-photos.leclercdrive.fr/image.ashx?id=2903881&use=l&cat=p&typeid=i","cat":284619},{"id":254028,"n":"Bière sans alcool Tourtel Twist Abricot - 6x27.5cl","p":4.79,"u":"2,90 €/L","img":"https://fd2-photos.leclercdrive.fr/image.ashx?id=2873850&use=l&cat=p&typeid=i","cat":334877},{"id":254391,"n":"Boisson énergisante Red Bull Zéro, 250ml","p":1.08,"u":"4,32 €/L","img":"https://fd2-photos.leclercdrive.fr/image.ashx?id=2877313&use=l&cat=p&typeid=i","cat":284533},{"id":255180,"n":"Déodorant tout le corps Rexona  stick 48h anti-odeur 50ml","p":4.61,"u":"92,20 €/L","img":"https://fd2-photos.leclercdrive.fr/image.ashx?id=2896033&use=l&cat=p&typeid=i","cat":284595},{"id":255197,"n":"Préservatifs Durex Classic jeans - x12","p":5.29,"img":"https://fd2-photos.leclercdrive.fr/image.ashx?id=2878792&use=l&cat=p&typeid=i","cat":284631},{"id":255206,"n":"Crème fixative Polident Soin & tolérance 0% - 2x44g","p":6.29,"u":"71,48 €/KG","img":"https://fd2-photos.leclercdrive.fr/image.ashx?id=2921091&use=l&cat=p&typeid=i","cat":285158},{"id":255370,"n":"Huile solaire Avène Peaux sensibles SPF30 - 300ml","p":17.59,"u":"87,95 €/L","img":"https://fd2-photos.leclercdrive.fr/image.ashx?id=2878975&use=l&cat=p&typeid=i","cat":290396},{"id":255371,"n":"Spray solaire corps Avène Soins solaires SPF30 - 200ml","p":15.49,"u":"77,45 €/L","img":"https://fd2-photos.leclercdrive.fr/image.ashx?id=2886837&use=l&cat=p&typeid=i","cat":290396},{"id":255372,"n":"Crème solaire Avène Intense protect SPF50+ - 150ml","p":15.99,"u":"106,60 €/L","img":"https://fd2-photos.leclercdrive.fr/image.ashx?id=2878978&use=l&cat=p&typeid=i","cat":290396},{"id":255373,"n":"Spray solaire enfant Avène Haute protection SPF50+ - 200ml","p":15.89,"u":"79,45 €/L","img":"https://fd2-photos.leclercdrive.fr/image.ashx?id=2878981&use=l&cat=p&typeid=i","cat":290397},{"id":255374,"n":"Spray solaire Avène SPF50+ - 200ml","p":15.49,"u":"77,45 €/L","img":"https://fd2-photos.leclercdrive.fr/image.ashx?id=2878984&use=l&cat=p&typeid=i","cat":290396},{"id":255375,"n":"Gel douche surgras A-Derma Les indispensables - 750ml","p":8.79,"u":"11,72 €/L","img":"https://fd2-photos.leclercdrive.fr/image.ashx?id=2878987&use=l&cat=p&typeid=i","cat":301591},{"id":255378,"n":"Lait solaire enfant Avène SPF50+ - 250ml","p":16.49,"u":"65,96 €/L","img":"https://fd2-photos.leclercdrive.fr/image.ashx?id=2878990&use=l&cat=p&typeid=i","cat":290397},{"id":255380,"n":"Lait après-soleil La Roche- Posay - Anthelios Post-uv 200ML","p":12.98,"u":"64,90 €/L","img":"https://fd2-photos.leclercdrive.fr/image.ashx?id=2890941&use=l&cat=p&typeid=i","cat":290394},{"id":255515,"n":"Café en grains Grand-mère Puissant - 1kg","p":17.1,"u":"17,10 €/KG","img":"https://fd2-photos.leclercdrive.fr/image.ashx?id=2880585&use=l&cat=p&typeid=i","cat":293237},{"id":255516,"n":"Café en grains Grand-mère Equilibré - 1kg","p":17.18,"u":"17,18 €/KG","img":"https://fd2-photos.leclercdrive.fr/image.ashx?id=2880588&use=l&cat=p&typeid=i","cat":293237},{"id":255669,"n":"Recharge Gel douche Pêche Blanche bio & Nectar 500ml","p":2.77,"u":"5,54 €/L","img":"https://fd2-photos.leclercdrive.fr/image.ashx?id=2880411&use=l&cat=p&typeid=i","cat":284594},{"id":255671,"n":"Recharge Gel douche extra-doux Verveine Bio & citron bio 500ml","p":2.88,"u":"5,76 €/L","img":"https://fd2-photos.leclercdrive.fr/image.ashx?id=2880414&use=l&cat=p&typeid=i","cat":284594},{"id":255672,"n":"Recharge gel douche homme Minereaux & bois de cèdre 500ml","p":3.12,"u":"6,24 €/L","img":"https://fd2-photos.leclercdrive.fr/image.ashx?id=2880417&use=l&cat=p&typeid=i","cat":284594},{"id":255678,"n":"Gel douche homme Axe Aqua bergamot - 225ml","p":2.67,"u":"11,87 €/L","img":"https://fd2-photos.leclercdrive.fr/image.ashx?id=2880612&use=l&cat=p&typeid=i","cat":284619},{"id":255688,"n":"Recharge gel douche homme Pin maritime & eucalyptus 500ml","p":2.93,"u":"5,86 €/L","img":"https://fd2-photos.leclercdrive.fr/image.ashx?id=2880420&use=l&cat=p&typeid=i","cat":284619},{"id":255696,"n":"Déodorant spray homme Axe Apollo - 200ml","p":3.99,"u":"19,95 €/L","img":"https://fd2-photos.leclercdrive.fr/image.ashx?id=2985663&use=l&cat=p&typeid=i","cat":284618},{"id":255697,"n":"Déodorant spray homme Axe Black - 200ml","p":3.53,"u":"17,65 €/L","img":"https://fd2-photos.leclercdrive.fr/image.ashx?id=2880609&use=l&cat=p&typeid=i","cat":284618},{"id":255700,"n":"Pain nettoyant surgras Avène Xeracalm - 100g","p":5.29,"u":"52,90 €/L","img":"https://fd2-photos.leclercdrive.fr/image.ashx?id=2880345&use=l&cat=p&typeid=i","cat":301591},{"id":255708,"n":"Complément alimentaire Granions Fer - x60 gélules","p":12.89,"u":"402,81 €/KG","img":"https://fd2-photos.leclercdrive.fr/image.ashx?id=2879760&use=l&cat=p&typeid=i","cat":301264},{"id":255710,"n":"Complément alimentaire Granions Zinc - x60 gélules","p":12.89,"u":"402,81 €/KG","img":"https://fd2-photos.leclercdrive.fr/image.ashx?id=2879763&use=l&cat=p&typeid=i","cat":301266},{"id":255714,"n":"Fluide solaire Eau Thermale Avène - Sport - SPF50+ - 100ml","p":14.99,"u":"149,90 €/L","img":"https://fd2-photos.leclercdrive.fr/image.ashx?id=2879691&use=l&cat=p&typeid=i","cat":290396},{"id":255717,"n":"Crème Kertyol  PSO Ducray Anti-démangeaison - 100ml","p":13.89,"u":"138,90 €/L","img":"https://fd2-photos.leclercdrive.fr/image.ashx?id=2879694&use=l&cat=p&typeid=i","cat":290421},{"id":255969,"n":"Déodorant spray homme Axe Provocation - 200ml","p":3.53,"u":"17,65 €/L","img":"https://fd2-photos.leclercdrive.fr/image.ashx?id=2881542&use=l&cat=p&typeid=i","cat":284618},{"id":255978,"n":"Déodorant spray homme Axe Ice cool - 200ml","p":4.24,"u":"21,20 €/L","img":"https://fd2-photos.leclercdrive.fr/image.ashx?id=2881548&use=l&cat=p&typeid=i","cat":284618},{"id":256000,"n":"Déodorant stick Dove Pour tout  Le corps - Lavande - 75ml","p":4.64,"u":"61,87 €/L","img":"https://fd2-photos.leclercdrive.fr/image.ashx?id=2894560&use=l&cat=p&typeid=i","cat":284595},{"id":256001,"n":"Déodorant stick Dove Pour tout Le corps - Framboise - 24h 75ml","p":4.84,"u":"64,53 €/L","img":"https://fd2-photos.leclercdrive.fr/image.ashx?id=2894563&use=l&cat=p&typeid=i","cat":284595},{"id":256003,"n":"Déodorant spray Dove Pour tout Le corps - 72h - Lavande 150ml","p":5.53,"u":"36,87 €/L","img":"https://fd2-photos.leclercdrive.fr/image.ashx?id=2894566&use=l&cat=p&typeid=i","cat":284595},{"id":256004,"n":"Déodorant spray Dove Pour tout Le corps - 72h Framboise 150ml","p":3.88,"u":"25,87 €/L","img":"https://fd2-photos.leclercdrive.fr/image.ashx?id=3009341&use=l&cat=p&typeid=i","cat":284595},{"id":256005,"n":"Déodorant crème Dove Pour tout Le corps - 72h Framboise - 75ml","p":3.88,"u":"51,73 €/L","img":"https://fd2-photos.leclercdrive.fr/image.ashx?id=2894572&use=l&cat=p&typeid=i","cat":284595},{"id":256417,"n":"Crème solaire Avène Cleanance solaire SPF50+ - 50ml","p":11.99,"u":"239,80 €/L","img":"https://fd2-photos.leclercdrive.fr/image.ashx?id=2881368&use=l&cat=p&typeid=i","cat":290396},{"id":256418,"n":"Baume hydratant Avène Xeracalm - Nutrition - 400ml","p":16.49,"u":"41,23 €/L","img":"https://fd2-photos.leclercdrive.fr/image.ashx?id=2881858&use=l&cat=p&typeid=i","cat":290421},{"id":256419,"n":"Démaquillant yeux Klorane Au bleuet - 2x200ml","p":15.4,"u":"38,50 €/L","img":"https://fd2-photos.leclercdrive.fr/image.ashx?id=2881861&use=l&cat=p&typeid=i","cat":301587},{"id":256420,"n":"Gel cicatrice Eau thermale Avène - Cicalfate+ - 30ml","p":7.98,"u":"266,00 €/L","img":"https://fd2-photos.leclercdrive.fr/image.ashx?id=2881864&use=l&cat=p&typeid=i","cat":290405},{"id":256421,"n":"Shampooing sec Klorane Extra- Doux - Châtain - Avoine 150ml","p":8.29,"u":"0,06 €/M3","img":"https://fd2-photos.leclercdrive.fr/image.ashx?id=2881867&use=l&cat=p&typeid=i","cat":290400},{"id":256422,"n":"Crème apaisante Ducray Kelual DS - 40ml","p":12.66,"u":"316,50 €/L","img":"https://fd2-photos.leclercdrive.fr/image.ashx?id=2881870&use=l&cat=p&typeid=i","cat":290421},{"id":256425,"n":"Ultra fluide Eau thermale Avène - Solaire - SPF50 - 50ml","p":13.89,"u":"277,80 €/L","img":"https://fd2-photos.leclercdrive.fr/image.ashx?id=2881873&use=l&cat=p&typeid=i","cat":290396},{"id":256432,"n":"Après-shampooing Klorane Quinine Eldeweiss Bio - 200ml","p":10.29,"u":"51,45 €/L","img":"https://fd2-photos.leclercdrive.fr/image.ashx?id=2985138&use=l&cat=p&typeid=i","cat":290400},{"id":256433,"n":"Crème réparatrice A-Derma Epitheliale Anti-marques 40ml","p":11.99,"u":"299,75 €/L","img":"https://fd2-photos.leclercdrive.fr/image.ashx?id=2881882&use=l&cat=p&typeid=i","cat":291171},{"id":256435,"n":"Crème réparatrice A-Derma Epitheliale Anti-marques 100ml","p":15.99,"u":"159,90 €/L","img":"https://fd2-photos.leclercdrive.fr/image.ashx?id=2881885&use=l&cat=p&typeid=i","cat":291171},{"id":256439,"n":"Cica-sérum cheveux Klorane Réparateur - 100ml","p":13.99,"u":"139,90 €/L","img":"https://fd2-photos.leclercdrive.fr/image.ashx?id=2881888&use=l&cat=p&typeid=i","cat":290399},{"id":256441,"n":"Baume hydratant Cerave Visage et corps - 454ml","p":17.91,"u":"39,45 €/L","img":"https://fd2-photos.leclercdrive.fr/image.ashx?id=2881404&use=l&cat=p&typeid=i","cat":290421},{"id":256443,"n":"Crème jour visage CeraVe 52ml","p":15.17,"u":"291,73 €/L","img":"https://fd2-photos.leclercdrive.fr/image.ashx?id=2881407&use=l&cat=p&typeid=i","cat":291171},{"id":256447,"n":"Gel douche Atoderm Bioderma 1L","p":8.99,"u":"8,99 €/L","img":"https://fd2-photos.leclercdrive.fr/image.ashx?id=2979950&use=l&cat=p&typeid=i","cat":301591},{"id":256448,"n":"Eau micellaire Bioderma Sebium H20 - 500ml","p":9.49,"u":"18,98 €/L","img":"https://fd2-photos.leclercdrive.fr/image.ashx?id=2881972&use=l&cat=p&typeid=i","cat":301587},{"id":256783,"n":"Laque Elnett Cheveux secs - 300ml","p":7.65,"u":"25,50 €/L","img":"https://fd2-photos.leclercdrive.fr/image.ashx?id=2883152&use=l&cat=p&typeid=i","cat":284609},{"id":256795,"n":"Déodorant Sanex zéro Pure Fresh - 200ml","p":3.89,"u":"19,45 €/L","img":"https://fd2-photos.leclercdrive.fr/image.ashx?id=2947240&use=l&cat=p&typeid=i","cat":284595},{"id":256826,"n":"Croquettes chat Edgard & Cooper Saumon - 750g","p":7.17,"u":"9,56 €/KG","img":"https://fd2-photos.leclercdrive.fr/image.ashx?id=2891265&use=l&cat=p&typeid=i","cat":284680},{"id":256828,"n":"Tartelette Jardin Bio 150g","p":2.7,"u":"18,00 €/KG","img":"https://fd2-photos.leclercdrive.fr/image.ashx?id=2883585&use=l&cat=p&typeid=i","cat":284488},{"id":256833,"n":"Biscuit Jardin Bio Le Petit Céréalier - 155g","p":1.73,"u":"11,16 €/KG","img":"https://fd2-photos.leclercdrive.fr/image.ashx?id=2883588&use=l&cat=p&typeid=i","cat":284487},{"id":257041,"n":"Gel douche homme Axe supreme Re-load - 5en-1 - 250ml","p":2.55,"u":"10,20 €/L","img":"https://fd2-photos.leclercdrive.fr/image.ashx?id=2884927&use=l&cat=p&typeid=i","cat":284619},{"id":257043,"n":"Gel douche homme Axe Black vanilla - 225ml","p":2.67,"u":"11,87 €/L","img":"https://fd2-photos.leclercdrive.fr/image.ashx?id=2908387&use=l&cat=p&typeid=i","cat":284619},{"id":257045,"n":"Gel douche homme Axe supreme Lendemain difficile - 400ml","p":3.04,"u":"7,60 €/L","img":"https://fd2-photos.leclercdrive.fr/image.ashx?id=2884918&use=l&cat=p&typeid=i","cat":284619},{"id":257046,"n":"Gel douche homme Axe Cherry fizz - 225ml","p":2.64,"u":"11,73 €/L","img":"https://fd2-photos.leclercdrive.fr/image.ashx?id=2908390&use=l&cat=p&typeid=i","cat":284619},{"id":257049,"n":"Déodorant spray homme Axe Cherry fizz - 150ml","p":3.91,"u":"26,07 €/L","img":"https://fd2-photos.leclercdrive.fr/image.ashx?id=3011953&use=l&cat=p&typeid=i","cat":284618},{"id":257050,"n":"Déodorant spray homme Axe Cocoa velvet - 150ml","p":5.14,"u":"34,27 €/L","img":"https://fd2-photos.leclercdrive.fr/image.ashx?id=2896468&use=l&cat=p&typeid=i","cat":284618},{"id":257051,"n":"Déodorant spray homme Axe Gold caramel billionaire 200ml","p":4.74,"u":"23,70 €/L","img":"https://fd2-photos.leclercdrive.fr/image.ashx?id=2884903&use=l&cat=p&typeid=i","cat":284618},{"id":257074,"n":"Gnocchi à poêler Lustucru Extra jambon fromage 300g","p":2.09,"u":"6,97 €/KG","img":"https://fd2-photos.leclercdrive.fr/image.ashx?id=2884387&use=l&cat=p&typeid=i","cat":333682},{"id":257076,"n":"Gnocchi à poêler Lustucru Extra fromage 300g","p":2.03,"u":"6,77 €/KG","img":"https://fd2-photos.leclercdrive.fr/image.ashx?id=2886013&use=l&cat=p&typeid=i","cat":333682},{"id":257077,"n":"Fromage enfant Mini Babybel  16 portions goûter - 352g","p":5.83,"u":"16,56 €/KG","img":"https://fd2-photos.leclercdrive.fr/image.ashx?id=2935840&use=l&cat=p&typeid=i","cat":314030},{"id":257165,"n":"Pizza Crousti-Fine Marie 4 fromages - 390g","p":3.45,"u":"8,85 €/KG","img":"https://fd2-photos.leclercdrive.fr/image.ashx?id=2996728&use=l&cat=p&typeid=i","cat":284256},{"id":257171,"n":"Pizza Crousti-Fine Marie Tomate mozzarella - 400g","p":3.35,"u":"8,38 €/KG","img":"https://fd2-photos.leclercdrive.fr/image.ashx?id=2996737&use=l&cat=p&typeid=i","cat":284256},{"id":257201,"n":"Préservatifs Durex Intensity - x10","p":10.82,"img":"https://fd2-photos.leclercdrive.fr/image.ashx?id=2962035&use=l&cat=p&typeid=i","cat":284631},{"id":257202,"n":"Préservatifs Durex Intensity XL - x10","p":10.4,"img":"https://fd2-photos.leclercdrive.fr/image.ashx?id=2964670&use=l&cat=p&typeid=i","cat":284631},{"id":257206,"n":"Eponges fFlex & wash x2","p":3.85,"img":"https://fd2-photos.leclercdrive.fr/image.ashx?id=2884525&use=l&cat=p&typeid=i","cat":284667},{"id":257208,"n":"Lessive liquide Xeor Fraîcheur - x44 lavages - 2.2L","p":3.89,"u":"1,77 €/L","img":"https://fd2-photos.leclercdrive.fr/image.ashx?id=2901494&use=l&cat=p&typeid=i","cat":284640},{"id":257214,"n":"Capsules lave-vaisselle Finish Quantum Citron - x30 - 312g","p":7.06,"u":"22,63 €/KG","img":"https://fd2-photos.leclercdrive.fr/image.ashx?id=2926618&use=l&cat=p&typeid=i","cat":284656},{"id":257215,"n":"Capsules lave-vaisselle Finish Quantum - x30 - 312g","p":7.03,"u":"22,53 €/KG","img":"https://fd2-photos.leclercdrive.fr/image.ashx?id=2884627&use=l&cat=p&typeid=i","cat":284656},{"id":257217,"n":"Capsules lave-vaisselle Finish Ultimate citron - x26 - 335g","p":7.31,"u":"21,89 €/KG","img":"https://fd2-photos.leclercdrive.fr/image.ashx?id=2884630&use=l&cat=p&typeid=i","cat":284656},{"id":257218,"n":"Capsules lave-vaisselle Finish Ultimate - x26 - 335g","p":6.95,"u":"20,75 €/KG","img":"https://fd2-photos.leclercdrive.fr/image.ashx?id=2884633&use=l&cat=p&typeid=i","cat":284656},{"id":257219,"n":"Capsules lave-vaisselle Finish Ultimate Plus Citron x22 - 268g","p":6.86,"u":"25,60 €/KG","img":"https://fd2-photos.leclercdrive.fr/image.ashx?id=2884636&use=l&cat=p&typeid=i","cat":284656},{"id":257225,"n":"Gel lave-vaisselle Finish Power - Citron - 900ml","p":6.43,"u":"7,14 €/L","img":"https://fd2-photos.leclercdrive.fr/image.ashx?id=2884642&use=l&cat=p&typeid=i","cat":284656},{"id":257228,"n":"Capsules lave-vaisselle Finish Ultimate Plus - x22 - 268g","p":6.72,"u":"25,07 €/KG","img":"https://fd2-photos.leclercdrive.fr/image.ashx?id=2884900&use=l&cat=p&typeid=i","cat":284656},{"id":257232,"n":"Capsules Lave-Vaisselle SUN  Pro-Expert Regular 38 lavages","p":7.9,"u":"13,86 €/KG","img":"https://fd2-photos.leclercdrive.fr/image.ashx?id=2907728&use=l&cat=p&typeid=i","cat":284656},{"id":257237,"n":"Déodorant femme Adidas Control - 150ml","p":3.31,"u":"22,07 €/L","img":"https://fd2-photos.leclercdrive.fr/image.ashx?id=2884594&use=l&cat=p&typeid=i","cat":284595},{"id":257241,"n":"Déodorant homme Adidas Invisible - 150ml","p":3.07,"u":"20,47 €/L","img":"https://fd2-photos.leclercdrive.fr/image.ashx?id=2884609&use=l&cat=p&typeid=i","cat":284618},{"id":257251,"n":"Capsules Lave-Vaisselle SUN  Pro-Expert Citron 38 lavages","p":7.9,"u":"13,86 €/KG","img":"https://fd2-photos.leclercdrive.fr/image.ashx?id=2991039&use=l&cat=p&typeid=i","cat":284656},{"id":257253,"n":"Déodorant Adidas Control fresh - 150ml","p":3.88,"u":"25,87 €/L","img":"https://fd2-photos.leclercdrive.fr/image.ashx?id=2884603&use=l&cat=p&typeid=i","cat":284595},{"id":257277,"n":"Bâtonnets surimi moelleux Fleury Michon x12 - 180g","p":1.69,"u":"9,39 €/KG","img":"https://fd2-photos.leclercdrive.fr/image.ashx?id=2936920&use=l&cat=p&typeid=i","cat":285189},{"id":257278,"n":"Bâtonnets surimi moelleux Fleury Michon x18 - 270g","p":2.47,"u":"9,15 €/KG","img":"https://fd2-photos.leclercdrive.fr/image.ashx?id=2936923&use=l&cat=p&typeid=i","cat":285189},{"id":257279,"n":"Bâtonnets surimi moelleux  Fleury Michon x24 - 360g","p":3.13,"u":"8,69 €/KG","img":"https://fd2-photos.leclercdrive.fr/image.ashx?id=2936926&use=l&cat=p&typeid=i","cat":285189},{"id":257280,"n":"Bâtonnets surimi moelleux Fleury Michon x30 - 450g","p":3.65,"u":"8,11 €/KG","img":"https://fd2-photos.leclercdrive.fr/image.ashx?id=2936929&use=l&cat=p&typeid=i","cat":285189},{"id":257322,"n":"Nectar Bio Pressade Orange - 1.5L","p":2.69,"u":"1,79 €/L","img":"https://fd2-photos.leclercdrive.fr/image.ashx?id=2885357&use=l&cat=p&typeid=i","cat":284521},{"id":257333,"n":"Baume hydratant CeraVe Visage et corps - 177ml","p":8.5,"u":"48,02 €/L","img":"https://fd2-photos.leclercdrive.fr/image.ashx?id=2884504&use=l&cat=p&typeid=i","cat":290421},{"id":257335,"n":"Gel moussant CeraVe Anti-imperfection - 236ml","p":9.28,"u":"39,32 €/L","img":"https://fd2-photos.leclercdrive.fr/image.ashx?id=2889043&use=l&cat=p&typeid=i","cat":291166},{"id":257340,"n":"Complément alimentaire Doriance Autobronzant & protection x90","p":18.99,"img":"https://fd2-photos.leclercdrive.fr/image.ashx?id=2887029&use=l&cat=p&typeid=i","cat":301268},{"id":257342,"n":"Après-shampooing Klorane  Figuier - 200ML","p":10.8,"u":"54,00 €/L","img":"https://fd2-photos.leclercdrive.fr/image.ashx?id=2886840&use=l&cat=p&typeid=i","cat":290398},{"id":257346,"n":"Masque cheveux Klorane Repuplant - Figuier - 250ml","p":16.99,"u":"67,96 €/L","img":"https://fd2-photos.leclercdrive.fr/image.ashx?id=2885360&use=l&cat=p&typeid=i","cat":290399},{"id":257351,"n":"Patchs yeux lissants Klorane Défatigants - Bleut Bio - x7","p":16.6,"img":"https://fd2-photos.leclercdrive.fr/image.ashx?id=2985135&use=l&cat=p&typeid=i","cat":291172},{"id":257355,"n":"Soin concentré CeraVe Anti-imperfections - 40ml","p":10.87,"u":"271,75 €/L","img":"https://fd2-photos.leclercdrive.fr/image.ashx?id=2889040&use=l&cat=p&typeid=i","cat":291166},{"id":257361,"n":"Dentifrice Junior Elgydium Asterix - Menthe 7-12 ans 50ml","p":3.7,"u":"74,00 €/L","img":"https://fd2-photos.leclercdrive.fr/image.ashx?id=2887002&use=l&cat=p&typeid=i","cat":290418},{"id":257364,"n":"Soin teinté La Roche-Posay Effaclar Duo+M Unifiant - 40ml","p":16.06,"u":"401,50 €/L","img":"https://fd2-photos.leclercdrive.fr/image.ashx?id=2926425&use=l&cat=p&typeid=i","cat":291166},{"id":257366,"n":"Huile de douche Atoderm Bioderm Bioderma - 1L","p":12.49,"u":"12,49 €/L","img":"https://fd2-photos.leclercdrive.fr/image.ashx?id=2887059&use=l&cat=p&typeid=i","cat":301591},{"id":257368,"n":"Crème fraîche de beauté Nuxe Crème concentrée 3-en-1 - 100ml","p":19.99,"pp":13.99,"u":"139,90 €/L","img":"https://fd2-photos.leclercdrive.fr/image.ashx?id=2889016&use=l&cat=p&typeid=i","cat":291171},{"id":257369,"n":"Crème jour Nuxe Nuxuriance Ultra - Anti-âge global - 50ml","p":50.99,"img":"https://fd2-photos.leclercdrive.fr/image.ashx?id=2889019&use=l&cat=p&typeid=i","cat":291168},{"id":257370,"n":"Huile prodigieuse Or Nuxe Florale - 50ml","p":17.89,"u":"357,80 €/L","img":"https://fd2-photos.leclercdrive.fr/image.ashx?id=2889022&use=l&cat=p&typeid=i","cat":290422},{"id":257371,"n":"Sérum visage Nuxe Zinc poxwer - 30ml","p":26.98,"u":"899,33 €/L","img":"https://fd2-photos.leclercdrive.fr/image.ashx?id=2889025&use=l&cat=p&typeid=i","cat":291166},{"id":257374,"n":"Gel nettoyant Nuxe Zinc Power - 150ml","p":13.0,"u":"86,67 €/L","img":"https://fd2-photos.leclercdrive.fr/image.ashx?id=2889028&use=l&cat=p&typeid=i","cat":301587},{"id":257375,"n":"Eau micellaire Nuxe Very Rose Démaquillante Apaisante 200ml","p":11.99,"u":"0,06 €/M3","img":"https://fd2-photos.leclercdrive.fr/image.ashx?id=2889031&use=l&cat=p&typeid=i","cat":301587},{"id":257382,"n":"Serum lèvres Nuxe Very Rose Repulpant - 8ml","p":15.89,"img":"https://fd2-photos.leclercdrive.fr/image.ashx?id=2889034&use=l&cat=p&typeid=i","cat":291172},{"id":257383,"n":"Soin d'exception Nuxe Nuxuriance Ultra - 75ml","p":59.99,"u":"799,87 €/L","img":"https://fd2-photos.leclercdrive.fr/image.ashx?id=2889037&use=l&cat=p&typeid=i","cat":291168},{"id":257388,"n":"Eau micellaire Bioderma Hydrabio H20 - 500ml","p":9.49,"u":"18,98 €/L","img":"https://fd2-photos.leclercdrive.fr/image.ashx?id=2979953&use=l&cat=p&typeid=i","cat":301587},{"id":257389,"n":"Crème Créaline Bioderma Anti-rougeurs - 40ml","p":15.99,"u":"399,75 €/L","img":"https://fd2-photos.leclercdrive.fr/image.ashx?id=2887062&use=l&cat=p&typeid=i","cat":291171},{"id":257390,"n":"Brossettes interdentaires Gum 0.6mm 1312 - x6","p":4.4,"img":"https://fd2-photos.leclercdrive.fr/image.ashx?id=2887266&use=l&cat=p&typeid=i","cat":301595},{"id":257391,"n":"Barre gourmande Grainéa Chocolat Cacahuète - 140g","p":1.93,"u":"13,79 €/KG","img":"https://fd2-photos.leclercdrive.fr/image.ashx?id=2885777&use=l&cat=p&typeid=i","cat":285869},{"id":257606,"n":"Cappelletti Rana jambon cru 250g","p":2.96,"u":"11,84 €/KG","img":"https://fd2-photos.leclercdrive.fr/image.ashx?id=2886358&use=l&cat=p&typeid=i","cat":333682},{"id":257608,"n":"Raviolis Rana ricotta épinards 250g","p":2.96,"u":"11,84 €/KG","img":"https://fd2-photos.leclercdrive.fr/image.ashx?id=2886361&use=l&cat=p&typeid=i","cat":333682},{"id":257868,"n":"Bière Rouge la Bête Rouge 8% 75cl","p":4.57,"u":"6,09 €/L","img":"https://fd2-photos.leclercdrive.fr/image.ashx?id=2885962&use=l&cat=p&typeid=i","cat":334878},{"id":257947,"n":"Soda Orangina 24x33cl - 21+3 offerts","p":12.8,"u":"1,62 €/L","img":"https://fd2-photos.leclercdrive.fr/image.ashx?id=2886741&use=l&cat=p&typeid=i","cat":284532},{"id":258071,"n":"Les Arrangés Divins Ananas Citron vert poivre Timut - 70cl","p":19.75,"u":"28,21 €/L","img":"https://fd2-photos.leclercdrive.fr/image.ashx?id=2886921&use=l&cat=p&typeid=i","cat":284550},{"id":258072,"n":"Les Arrangés Divins Banane Caramel beurre salé - 70cl","p":19.94,"u":"28,49 €/L","img":"https://fd2-photos.leclercdrive.fr/image.ashx?id=2886924&use=l&cat=p&typeid=i","cat":284550},{"id":258074,"n":"Les Arrangés Divins Passion Ananas - 70cl","p":19.4,"u":"27,71 €/L","img":"https://fd2-photos.leclercdrive.fr/image.ashx?id=2886933&use=l&cat=p&typeid=i","cat":284550},{"id":258076,"n":"Les Arrangés Divins mangue Curcuma - 70cl","p":19.4,"u":"27,71 €/L","img":"https://fd2-photos.leclercdrive.fr/image.ashx?id=2886927&use=l&cat=p&typeid=i","cat":284550},{"id":258077,"n":"Les Arrangés Divins pomme Passion Gingembre bio - 70cl","p":19.4,"u":"27,71 €/L","img":"https://fd2-photos.leclercdrive.fr/image.ashx?id=2886930&use=l&cat=p&typeid=i","cat":284550},{"id":258093,"n":"Flocons d'avoine Grainea 1kg","p":1.65,"u":"1,65 €/KG","img":"https://fd2-photos.leclercdrive.fr/image.ashx?id=2887353&use=l&cat=p&typeid=i","cat":309512},{"id":258141,"n":"Pâtes Panzani  grandes coquillettes - 500g","p":1.6,"u":"3,20 €/KG","img":"https://fd2-photos.leclercdrive.fr/image.ashx?id=2887536&use=l&cat=p&typeid=i","cat":284427},{"id":258143,"n":"Pâtes Panzani  fusilli - 500g","p":1.57,"u":"3,14 €/KG","img":"https://fd2-photos.leclercdrive.fr/image.ashx?id=2887530&use=l&cat=p&typeid=i","cat":284427},{"id":258144,"n":"Pâtes Panzani rigatoni - 500g","p":1.57,"u":"3,14 €/KG","img":"https://fd2-photos.leclercdrive.fr/image.ashx?id=2887533&use=l&cat=p&typeid=i","cat":284427},{"id":258146,"n":"Pâtes Panzani penne rigate - 500g","p":1.67,"u":"3,34 €/KG","img":"https://fd2-photos.leclercdrive.fr/image.ashx?id=2887539&use=l&cat=p&typeid=i","cat":284427},{"id":258149,"n":"Pâtes Panzani  linguine - 500g","p":1.57,"u":"3,14 €/KG","img":"https://fd2-photos.leclercdrive.fr/image.ashx?id=2887542&use=l&cat=p&typeid=i","cat":284427},{"id":258304,"n":"Poulet William Saurin à la crème - 280g","p":2.68,"u":"9,57 €/KG","img":"https://fd2-photos.leclercdrive.fr/image.ashx?id=2939520&use=l&cat=p&typeid=i","cat":284953},{"id":258305,"n":"Risotto William Saurin poulet et champignons - 280g","p":2.68,"u":"9,57 €/KG","img":"https://fd2-photos.leclercdrive.fr/image.ashx?id=2912113&use=l&cat=p&typeid=i","cat":284953},{"id":258309,"n":"Merlu blanc William Saurin Riz et légumes - 300g","p":2.68,"u":"8,93 €/KG","img":"https://fd2-photos.leclercdrive.fr/image.ashx?id=2986392&use=l&cat=p&typeid=i","cat":284953},{"id":258310,"n":"Blanquette William Saurin Veau et riz - 285g","p":2.95,"u":"10,35 €/KG","img":"https://fd2-photos.leclercdrive.fr/image.ashx?id=2906286&use=l&cat=p&typeid=i","cat":284953},{"id":258311,"n":"Olives noires Rustica façon grècque - 235g","p":1.55,"u":"6,60 €/KG","img":"https://fd2-photos.leclercdrive.fr/image.ashx?id=2970590&use=l&cat=p&typeid=i","cat":284458},{"id":258312,"n":"Bourguignon William Saurin Boeuf - 300g","p":2.79,"u":"9,30 €/KG","img":"https://fd2-photos.leclercdrive.fr/image.ashx?id=2906289&use=l&cat=p&typeid=i","cat":284953},{"id":258314,"n":"Hachis William Saurin Parmentier pur boeuf - 300g","p":2.94,"u":"9,80 €/KG","img":"https://fd2-photos.leclercdrive.fr/image.ashx?id=2906292&use=l&cat=p&typeid=i","cat":284953},{"id":258320,"n":"Dentifrice Elmex Email blancheur - 75ml","p":6.83,"u":"91,07 €/L","img":"https://fd2-photos.leclercdrive.fr/image.ashx?id=2888196&use=l&cat=p&typeid=i","cat":284612},{"id":258321,"n":"Dentifrice soin Elmex Sensitive expert - 75ml","p":5.89,"u":"78,53 €/L","img":"https://fd2-photos.leclercdrive.fr/image.ashx?id=2888205&use=l&cat=p&typeid=i","cat":284612},{"id":258322,"n":"Dentifrice sensitive Elmex Soin instantané - 75ml","p":5.82,"u":"77,60 €/L","img":"https://fd2-photos.leclercdrive.fr/image.ashx?id=3009338&use=l&cat=p&typeid=i","cat":284612},{"id":258352,"n":"Tortellini Rana Parmigiano  Reggiano 250g","p":3.16,"u":"12,64 €/KG","img":"https://fd2-photos.leclercdrive.fr/image.ashx?id=2889937&use=l&cat=p&typeid=i","cat":333682},{"id":258353,"n":"Sauce fajita Jardin Bio Bio - 350g","p":3.24,"u":"9,26 €/KG","img":"https://fd2-photos.leclercdrive.fr/image.ashx?id=2889592&use=l&cat=p&typeid=i","cat":288993},{"id":258363,"n":"Bières Softiz Sans alcool  Saveur citron - 6x27,5cl","p":3.08,"u":"1,87 €/L","img":"https://fd2-photos.leclercdrive.fr/image.ashx?id=2887431&use=l&cat=p&typeid=i","cat":334877},{"id":258364,"n":"Biscuits bio Jardin Bio Sésame - 150g","p":1.78,"u":"11,87 €/KG","img":"https://fd2-photos.leclercdrive.fr/image.ashx?id=2890211&use=l&cat=p&typeid=i","cat":284487},{"id":258366,"n":"Bières Softiz Sans alcool  Saveur mojito - 6x27,5cl","p":3.02,"u":"1,83 €/L","img":"https://fd2-photos.leclercdrive.fr/image.ashx?id=2887428&use=l&cat=p&typeid=i","cat":334877},{"id":258369,"n":"Sauce salsa bio Jardin Bio 350g","p":3.16,"u":"9,03 €/KG","img":"https://fd2-photos.leclercdrive.fr/image.ashx?id=2889595&use=l&cat=p&typeid=i","cat":284451},{"id":258375,"n":"Miel Accacia bio Jardin Bio 500g","p":8.81,"u":"17,62 €/KG","img":"https://fd2-photos.leclercdrive.fr/image.ashx?id=2890208&use=l&cat=p&typeid=i","cat":287643},{"id":258387,"n":"Bières Desperados Sunlight  mangue/passion 4° - 3x33cl","p":4.03,"u":"4,07 €/L","img":"https://fd2-photos.leclercdrive.fr/image.ashx?id=2977990&use=l&cat=p&typeid=i","cat":334878},{"id":258606,"n":"Soda Fanta Orange  Bouteille - 1.25L","p":1.6,"u":"1,28 €/L","img":"https://fd2-photos.leclercdrive.fr/image.ashx?id=2924752&use=l&cat=p&typeid=i","cat":284532},{"id":258708,"n":"4 pains burgers briochés Brioche pasquier -235g","p":1.93,"u":"2,05 €/KG","img":"https://fd2-photos.leclercdrive.fr/image.ashx?id=2889442&use=l&cat=p&typeid=i","cat":325067},{"id":258843,"n":"Charbon de bois Beaux jours 40L","p":12.95,"u":"0,32 €/L","img":"https://fd2-photos.leclercdrive.fr/image.ashx?id=2889001&use=l&cat=p&typeid=i","cat":335917},{"id":259159,"n":"Soin visage Fluide anti tâches  UV vitamine C  Garnier -40ml","p":8.15,"u":"203,75 €/L","img":"https://fd2-photos.leclercdrive.fr/image.ashx?id=2904251&use=l&cat=p&typeid=i","cat":325345},{"id":259184,"n":"Préservatifs Durex Classic Jeans - x20","p":6.68,"img":"https://fd2-photos.leclercdrive.fr/image.ashx?id=2892433&use=l&cat=p&typeid=i","cat":284631},{"id":259189,"n":"Poudre lave-vaisselle Visior 1.71kg","p":7.64,"u":"4,47 €/KG","img":"https://fd2-photos.leclercdrive.fr/image.ashx?id=2889208&use=l&cat=p&typeid=i","cat":284656},{"id":259190,"n":"Eau de parfum Adidas Energy drive - 100ml","p":18.51,"u":"185,10 €/L","img":"https://fd2-photos.leclercdrive.fr/image.ashx?id=2892856&use=l&cat=p&typeid=i","cat":291525},{"id":259207,"n":"Dentifrice Sensodyne Sensibilité quotidienne - 75ml","p":3.78,"u":"50,40 €/L","img":"https://fd2-photos.leclercdrive.fr/image.ashx?id=2893003&use=l&cat=p&typeid=i","cat":284612},{"id":259211,"n":"Dentifrice Enfants Sensodyne 2-6 ans - 50ml","p":3.75,"u":"75,00 €/L","img":"https://fd2-photos.leclercdrive.fr/image.ashx?id=2893009&use=l&cat=p&typeid=i","cat":288898},{"id":259245,"n":"Bière aromatisée 1664 Rosé 4,5°- 6x25cl","p":5.45,"u":"3,63 €/L","img":"https://fd2-photos.leclercdrive.fr/image.ashx?id=2892457&use=l&cat=p&typeid=i","cat":334878},{"id":259249,"n":"Bière aromatisée Somersby Pomme 4,5° - 3x27,5cl","p":3.9,"u":"4,73 €/L","img":"https://fd2-photos.leclercdrive.fr/image.ashx?id=2892460&use=l&cat=p&typeid=i","cat":334878},{"id":259250,"n":"Bière aromatisée Somersby Citron Yuzu 4,5° - 3x27,5cl","p":3.86,"u":"4,68 €/L","img":"https://fd2-photos.leclercdrive.fr/image.ashx?id=2892463&use=l&cat=p&typeid=i","cat":334878},{"id":259253,"n":"Bière aromatisée Somersby Framboise 4,5° - 3x27,5cl","p":3.91,"u":"4,74 €/L","img":"https://fd2-photos.leclercdrive.fr/image.ashx?id=2892466&use=l&cat=p&typeid=i","cat":334878},{"id":259259,"n":"Bière blonde La Goudale 20x25cl - 7.2%","p":13.99,"u":"2,80 €/L","img":"https://fd2-photos.leclercdrive.fr/image.ashx?id=2962599&use=l&cat=p&typeid=i","cat":334852},{"id":259262,"n":"Bière blonde Stella Artois 5,2% - 6x25cl","p":5.66,"u":"3,77 €/L","img":"https://fd2-photos.leclercdrive.fr/image.ashx?id=2944371&use=l&cat=p&typeid=i","cat":334873},{"id":259263,"n":"Bière blonde Stella Artois 5,2% - 12x25cl","p":9.5,"pp":6.27,"u":"2,09 €/L","img":"https://fd2-photos.leclercdrive.fr/image.ashx?id=2971754&use=l&cat=p&typeid=i","cat":334873},{"id":259283,"n":"Bière Cherry 8.6 7.2% - 4x50cl","p":7.28,"u":"3,64 €/L","img":"https://fd2-photos.leclercdrive.fr/image.ashx?id=2905708&use=l&cat=p&typeid=i","cat":334853},{"id":259292,"n":"Complément alimentaire Granions Collagène+ Beauté - 265g","p":21.88,"u":"82,57 €/KG","img":"https://fd2-photos.leclercdrive.fr/image.ashx?id=2892904&use=l&cat=p&typeid=i","cat":301266},{"id":259322,"n":"Pain burger Jacquet Nature x6 - 330g","p":1.28,"u":"3,88 €/KG","img":"https://fd2-photos.leclercdrive.fr/image.ashx?id=2991885&use=l&cat=p&typeid=i","cat":325067},{"id":259323,"n":"Burger Jacquet brioché Ultra moelleux x4 - 250g","p":1.69,"u":"6,76 €/KG","img":"https://fd2-photos.leclercdrive.fr/image.ashx?id=3010984&use=l&cat=p&typeid=i","cat":325067},{"id":259754,"n":"Bière blonde Stella Artois 5,2% - 50cl canette","p":1.52,"u":"3,04 €/L","img":"https://fd2-photos.leclercdrive.fr/image.ashx?id=2893063&use=l&cat=p&typeid=i","cat":334853},{"id":260044,"n":"Liqueur Get Menthe & fruits rouges 17.9° - 70cl","p":12.99,"u":"18,56 €/L","img":"https://fd2-photos.leclercdrive.fr/image.ashx?id=3009104&use=l&cat=p&typeid=i","cat":286032},{"id":260048,"n":"Boisson énergisante Celsius Orange - 35,5cl","p":1.4,"u":"3,94 €/L","img":"https://fd2-photos.leclercdrive.fr/image.ashx?id=2922152&use=l&cat=p&typeid=i","cat":284533},{"id":260062,"n":"Dentifrice Oral-B Professional Email renforcé - 2x75ml","p":6.89,"u":"45,93 €/L","img":"https://fd2-photos.leclercdrive.fr/image.ashx?id=2893901&use=l&cat=p&typeid=i","cat":284612},{"id":260203,"n":"Dentifrice Oral-B Professional Blancheur saine - 2x75ml","p":6.89,"u":"45,93 €/L","img":"https://fd2-photos.leclercdrive.fr/image.ashx?id=2899045&use=l&cat=p&typeid=i","cat":284612},{"id":260255,"n":"36 capsules Absolu  Tout en 1 dégraissant SUN","p":9.83,"u":"0,27 €/P","img":"https://fd2-photos.leclercdrive.fr/image.ashx?id=2905723&use=l&cat=p&typeid=i","cat":284656},{"id":260256,"n":"36 capsules Absolu  Tout en 1 Brillance SUN","p":10.19,"u":"0,28 €/P","img":"https://fd2-photos.leclercdrive.fr/image.ashx?id=2905720&use=l&cat=p&typeid=i","cat":284656},{"id":260281,"n":"Bière blonde de caractère  Pélican 7.5% 12x25cl","p":11.39,"pp":7.52,"u":"2,51 €/L","img":"https://fd2-photos.leclercdrive.fr/image.ashx?id=2922600&use=l&cat=p&typeid=i","cat":334872},{"id":260314,"n":"Saumon fumé Labeyrie Ecosse  5tranches  - 165g","p":7.09,"u":"42,97 €/KG","img":"https://fd2-photos.leclercdrive.fr/image.ashx?id=2894113&use=l&cat=p&typeid=i","cat":285188},{"id":260328,"n":"Riz Taureau Ailé Basmati du Punjab - 500g","p":2.39,"u":"4,78 €/KG","img":"https://fd2-photos.leclercdrive.fr/image.ashx?id=2893756&use=l&cat=p&typeid=i","cat":284428},{"id":261200,"n":"Cônes Magnum noisette  4x90g","p":4.88,"u":"18,77 €/KG","img":"https://fd2-photos.leclercdrive.fr/image.ashx?id=2896453&use=l&cat=p&typeid=i","cat":284264},{"id":261216,"n":"Cônes Magnum mangue  4x90ml","p":4.87,"u":"18,73 €/KG","img":"https://fd2-photos.leclercdrive.fr/image.ashx?id=2896450&use=l&cat=p&typeid=i","cat":284264},{"id":261222,"n":"Saucisson Saint Agaûne 200g","p":3.4,"u":"17,00 €/KG","img":"https://fd2-photos.leclercdrive.fr/image.ashx?id=2977432&use=l&cat=p&typeid=i","cat":316006},{"id":261223,"n":"Saucisson sec Saint Agaûne La fine - 200g","p":4.48,"u":"22,40 €/KG","img":"https://fd2-photos.leclercdrive.fr/image.ashx?id=2960939&use=l&cat=p&typeid=i","cat":316006},{"id":261292,"n":"Chewing-gum Hollywood  Menthe Verte sans sucres - 70g","p":2.19,"u":"31,29 €/KG","img":"https://fd2-photos.leclercdrive.fr/image.ashx?id=2987053&use=l&cat=p&typeid=i","cat":304251},{"id":261298,"n":"Chewing-gum Hollywood Menthe  Fraîche sans sucres - 70g","p":2.41,"u":"34,43 €/KG","img":"https://fd2-photos.leclercdrive.fr/image.ashx?id=2987050&use=l&cat=p&typeid=i","cat":304251},{"id":261305,"n":"Chewing-gum Hollywood 2Fresh  Menthe Forte sans sucres 66g","p":1.56,"u":"23,64 €/KG","img":"https://fd2-photos.leclercdrive.fr/image.ashx?id=3011962&use=l&cat=p&typeid=i","cat":304251},{"id":261307,"n":"Chewing-gum Hollywood 2Fresh  Menthe Verte sans sucres -  66g","p":1.56,"u":"23,64 €/KG","img":"https://fd2-photos.leclercdrive.fr/image.ashx?id=3011959&use=l&cat=p&typeid=i","cat":304251},{"id":261498,"n":"Chewing-gum Hollywood Blancheur  Xylitol sans sucres - 67,5g","p":2.66,"u":"39,12 €/KG","img":"https://fd2-photos.leclercdrive.fr/image.ashx?id=2994602&use=l&cat=p&typeid=i","cat":304251},{"id":261500,"n":"Tablette cuadro Cremino  110g","p":3.22,"u":"29,27 €/KG","img":"https://fd2-photos.leclercdrive.fr/image.ashx?id=2903806&use=l&cat=p&typeid=i","cat":284497},{"id":261502,"n":"Bonbons Tic Tac  Chlorophylle - x100 - 49g","p":1.99,"u":"40,61 €/KG","img":"https://fd2-photos.leclercdrive.fr/image.ashx?id=2903791&use=l&cat=p&typeid=i","cat":304256},{"id":261505,"n":"Chocolat Tablette d'Or Lait caramelisées - 180g","p":2.49,"u":"13,83 €/KG","img":"https://fd2-photos.leclercdrive.fr/image.ashx?id=2896837&use=l&cat=p&typeid=i","cat":284497},{"id":261528,"n":"Nectar Bio Pressade Orange Bio - 6x20cl","p":3.47,"u":"2,89 €/L","img":"https://fd2-photos.leclercdrive.fr/image.ashx?id=2902705&use=l&cat=p&typeid=i","cat":284521},{"id":261529,"n":"Basilic Panier du Primeur 20g","p":1.49,"u":"74,50 €/KG","img":"https://fd2-photos.leclercdrive.fr/image.ashx?id=2897874&use=l&cat=p&typeid=i","cat":293607},{"id":261531,"n":"Ciboulette Panier du Primeur 20g","p":1.49,"u":"74,50 €/KG","img":"https://fd2-photos.leclercdrive.fr/image.ashx?id=2897880&use=l&cat=p&typeid=i","cat":293607},{"id":261533,"n":"Coriandre Panier du Primeur  20g","p":1.49,"u":"74,50 €/KG","img":"https://fd2-photos.leclercdrive.fr/image.ashx?id=2899830&use=l&cat=p&typeid=i","cat":293607},{"id":261535,"n":"Menthe Panier du Primeur 20g","p":1.49,"u":"74,50 €/KG","img":"https://fd2-photos.leclercdrive.fr/image.ashx?id=2899833&use=l&cat=p&typeid=i","cat":293607},{"id":261536,"n":"Persil Plat Panier du Primeur 20g","p":1.49,"u":"74,50 €/KG","img":"https://fd2-photos.leclercdrive.fr/image.ashx?id=2899836&use=l&cat=p&typeid=i","cat":293607},{"id":261605,"n":"Petits pains Pasquier Farine complète - 270g","p":1.92,"u":"7,11 €/KG","img":"https://fd2-photos.leclercdrive.fr/image.ashx?id=2900443&use=l&cat=p&typeid=i","cat":284359},{"id":261610,"n":"Pains au lait Pasquier -30% de sucres - x8  280g","p":1.53,"u":"5,46 €/KG","img":"https://fd2-photos.leclercdrive.fr/image.ashx?id=2900449&use=l&cat=p&typeid=i","cat":293505},{"id":262345,"n":"Soda Fanta Orange  Canette - Pack 6x33CL","p":3.52,"u":"1,78 €/L","img":"https://fd2-photos.leclercdrive.fr/image.ashx?id=2997241&use=l&cat=p&typeid=i","cat":284532},{"id":262515,"n":"Filets de saumon Costa Sauvages - 375g","p":8.75,"pp":5.77,"u":"15,39 €/KG","img":"https://fd2-photos.leclercdrive.fr/image.ashx?id=2902262&use=l&cat=p&typeid=i","cat":319786},{"id":263009,"n":"Bières Softiz Framboise Sans alcool  6x27,5cl","p":3.19,"u":"1,93 €/L","img":"https://fd2-photos.leclercdrive.fr/image.ashx?id=2899935&use=l&cat=p&typeid=i","cat":334877},{"id":263105,"n":"Glace en pot Ben & Jerry's  Brookieees & Cream 465 ml","p":4.78,"u":"10,28 €/L","img":"https://fd2-photos.leclercdrive.fr/image.ashx?id=2901202&use=l&cat=p&typeid=i","cat":284725},{"id":263116,"n":"Mini bâtonnet Magnum  Double Noisette 6x55ml","p":4.38,"u":"13,27 €/L","img":"https://fd2-photos.leclercdrive.fr/image.ashx?id=2901190&use=l&cat=p&typeid=i","cat":284265},{"id":263131,"n":"Bâtonnet Magnum Utopia Double Fruits Rouges 4x85ml","p":4.98,"u":"14,65 €/L","img":"https://fd2-photos.leclercdrive.fr/image.ashx?id=3014650&use=l&cat=p&typeid=i","cat":284265},{"id":263132,"n":"Glace Bonbon Dessert Magnum Gold Caramel Billionaire 168g","p":4.15,"u":"24,70 €/KG","img":"https://fd2-photos.leclercdrive.fr/image.ashx?id=3009320&use=l&cat=p&typeid=i","cat":284266},{"id":263155,"n":"Ecrasé de ratatouille Yooji dès 8 mois 400g","p":5.1,"u":"12,75 €/KG","img":"https://fd2-photos.leclercdrive.fr/image.ashx?id=2901022&use=l&cat=p&typeid=i","cat":312236},{"id":263282,"n":"Désinfectant linge Textil 1,5L","p":1.99,"u":"1,33 €/L","img":"https://fd2-photos.leclercdrive.fr/image.ashx?id=2958768&use=l&cat=p&typeid=i","cat":290451},{"id":263284,"n":"Capsules lave-vaisselle Sun Tout en un Citron x60","p":9.98,"u":"0,17 €/P","img":"https://fd2-photos.leclercdrive.fr/image.ashx?id=2902463&use=l&cat=p&typeid=i","cat":284656},{"id":263285,"n":"Capsules lave-vaisselle Sun Tout en un x60","p":9.98,"u":"0,17 €/P","img":"https://fd2-photos.leclercdrive.fr/image.ashx?id=2902460&use=l&cat=p&typeid=i","cat":284656},{"id":263698,"n":"Bière Softiz  Agrumes 6x27,5cl","p":3.33,"u":"2,02 €/L","img":"https://fd2-photos.leclercdrive.fr/image.ashx?id=2902529&use=l&cat=p&typeid=i","cat":334877},{"id":263705,"n":"Glace cône Extrême Vanille/ chocolat - 6x71g","p":3.58,"u":"8,40 €/KG","img":"https://fd2-photos.leclercdrive.fr/image.ashx?id=2904188&use=l&cat=p&typeid=i","cat":284264},{"id":263712,"n":"Truite fumée Landvika 6 tranches 140g","p":4.99,"u":"35,64 €/KG","img":"https://fd2-photos.leclercdrive.fr/image.ashx?id=2904206&use=l&cat=p&typeid=i","cat":285188},{"id":263869,"n":"Riz pour risotto Taureau Ailé 500g","p":1.79,"u":"3,58 €/KG","img":"https://fd2-photos.leclercdrive.fr/image.ashx?id=2904389&use=l&cat=p&typeid=i","cat":284428},{"id":263873,"n":"Riz long Kamâlis Taureau Ailé - 500g","p":2.42,"u":"4,84 €/KG","img":"https://fd2-photos.leclercdrive.fr/image.ashx?id=2904386&use=l&cat=p&typeid=i","cat":284428},{"id":263915,"n":"Nouilles instantanées Daisuki Légumes Wafuu - 60g","p":1.84,"u":"30,67 €/KG","img":"https://fd2-photos.leclercdrive.fr/image.ashx?id=2904643&use=l&cat=p&typeid=i","cat":288992},{"id":263919,"n":"Nouilles instantanées Daisuki Légumes Curry - 93g","p":2.56,"u":"27,53 €/KG","img":"https://fd2-photos.leclercdrive.fr/image.ashx?id=2904652&use=l&cat=p&typeid=i","cat":288992},{"id":264022,"n":"Cookies Cream Delichoc 150g","p":2.26,"u":"15,07 €/KG","img":"https://fd2-photos.leclercdrive.fr/image.ashx?id=2904712&use=l&cat=p&typeid=i","cat":284488},{"id":264229,"n":"Brassé bio Les 2 Vaches Framboise mûre myrtille 8x115g","p":4.5,"u":"4,89 €/KG","img":"https://fd2-photos.leclercdrive.fr/image.ashx?id=2906511&use=l&cat=p&typeid=i","cat":284410},{"id":264232,"n":"Brassés bio Les 2 Vaches Pêche abricot - 8x115g","p":4.05,"u":"4,40 €/KG","img":"https://fd2-photos.leclercdrive.fr/image.ashx?id=2906508&use=l&cat=p&typeid=i","cat":284410},{"id":264361,"n":"Boxer protection Homme Tena Noir Réutilisable - Taille XL","p":24.74,"img":"https://fd2-photos.leclercdrive.fr/image.ashx?id=2906823&use=l&cat=p&typeid=i","cat":291514},{"id":264373,"n":"P'tit Savane Tornado Brossard Roulés à la fraise - x7 - 175g","p":2.27,"u":"12,97 €/KG","img":"https://fd2-photos.leclercdrive.fr/image.ashx?id=2966089&use=l&cat=p&typeid=i","cat":284495},{"id":264392,"n":"Savane Brossard coeur choco Max de sensation - x6 - 180g","p":2.47,"u":"13,72 €/KG","img":"https://fd2-photos.leclercdrive.fr/image.ashx?id=2906502&use=l&cat=p&typeid=i","cat":284495},{"id":264431,"n":"Matière grasse végétale Flora Doux à tartiner - 250g","p":2.27,"u":"9,08 €/KG","img":"https://fd2-photos.leclercdrive.fr/image.ashx?id=2908381&use=l&cat=p&typeid=i","cat":315229},{"id":264694,"n":"Cheetos crispy Balls  90g","p":1.06,"u":"11,78 €/KG","img":"https://fd2-photos.leclercdrive.fr/image.ashx?id=2907962&use=l&cat=p&typeid=i","cat":284449},{"id":264700,"n":"Cheetos crunchy Sweet Chili - 90g","p":1.29,"u":"14,33 €/KG","img":"https://fd2-photos.leclercdrive.fr/image.ashx?id=2907968&use=l&cat=p&typeid=i","cat":284449},{"id":264707,"n":"Cheetos original  135g","p":2.34,"u":"17,33 €/KG","img":"https://fd2-photos.leclercdrive.fr/image.ashx?id=2907956&use=l&cat=p&typeid=i","cat":284449},{"id":264708,"n":"Cheetos original  Fromage - 80g","p":1.24,"u":"15,50 €/KG","img":"https://fd2-photos.leclercdrive.fr/image.ashx?id=2907959&use=l&cat=p&typeid=i","cat":284449},{"id":264779,"n":"Coupelles Douceur du Verger 8x100g","p":2.09,"u":"2,61 €/KG","img":"https://fd2-photos.leclercdrive.fr/image.ashx?id=2958350&use=l&cat=p&typeid=i","cat":284508},{"id":264791,"n":"Biscuit au Pop corn P'tit Déli Fourrés chocolat au lait - 150g","p":1.89,"u":"12,60 €/KG","img":"https://fd2-photos.leclercdrive.fr/image.ashx?id=2907303&use=l&cat=p&typeid=i","cat":284488},{"id":264903,"n":"La Panée soja Garden Gourmet 207g","p":2.66,"u":"12,85 €/KG","img":"https://fd2-photos.leclercdrive.fr/image.ashx?id=2980155&use=l&cat=p&typeid=i","cat":316036},{"id":264904,"n":"Le Classique soja  Garden Gourmet 173g","p":2.56,"u":"14,80 €/KG","img":"https://fd2-photos.leclercdrive.fr/image.ashx?id=2965319&use=l&cat=p&typeid=i","cat":316036},{"id":265094,"n":"Jambon cuit supérieur L'Atelier Charcuterie 2T - 110g","p":2.49,"u":"22,64 €/KG","img":"https://fd2-photos.leclercdrive.fr/image.ashx?id=2999042&use=l&cat=p&typeid=i","cat":316009},{"id":265098,"n":"Jambon cuit supérieur  L'Atelier Charcuterie 4T - 220g","p":4.39,"u":"19,95 €/KG","img":"https://fd2-photos.leclercdrive.fr/image.ashx?id=2999045&use=l&cat=p&typeid=i","cat":316009},{"id":265099,"n":"Jambon supérieur avec couenne  L'Atelier Charcuterie 4T - 220g","p":3.19,"u":"14,50 €/KG","img":"https://fd2-photos.leclercdrive.fr/image.ashx?id=2999048&use=l&cat=p&typeid=i","cat":316009},{"id":265103,"n":"Jambon supérieur avec couenne  L'Atelier Charcuterie 6T - 330g","p":4.72,"u":"14,30 €/KG","img":"https://fd2-photos.leclercdrive.fr/image.ashx?id=2999051&use=l&cat=p&typeid=i","cat":316009},{"id":265105,"n":"Jambon supérieur  L'Atelier Charcuterie 4T 220g","p":3.47,"u":"15,77 €/KG","img":"https://fd2-photos.leclercdrive.fr/image.ashx?id=2999054&use=l&cat=p&typeid=i","cat":316009},{"id":265108,"n":"Jambon supérieur  L'Atelier Charcuterie 6T - 330g","p":5.12,"u":"15,52 €/KG","img":"https://fd2-photos.leclercdrive.fr/image.ashx?id=2928162&use=l&cat=p&typeid=i","cat":316009},{"id":265152,"n":"Fromage apéritif Apéricube Soirée match 48 cubes 250g","p":4.17,"u":"16,68 €/KG","img":"https://fd2-photos.leclercdrive.fr/image.ashx?id=2908915&use=l&cat=p&typeid=i","cat":314027},{"id":265156,"n":"Fromage apéritif Apéricube Montagne 48 cubes 250g","p":4.17,"u":"16,68 €/KG","img":"https://fd2-photos.leclercdrive.fr/image.ashx?id=2908924&use=l&cat=p&typeid=i","cat":314027},{"id":265347,"n":"Riz Taureau Ailé Kamâlis du Cambodge - 750g","p":3.17,"u":"4,23 €/KG","img":"https://fd2-photos.leclercdrive.fr/image.ashx?id=2912500&use=l&cat=p&typeid=i","cat":284428},{"id":265443,"n":"Martini Bianco 14.5° - 1L","p":10.3,"u":"10,30 €/L","img":"https://fd2-photos.leclercdrive.fr/image.ashx?id=2941952&use=l&cat=p&typeid=i","cat":284913},{"id":265446,"n":"Martini Fiero 14.5° - 1L","p":10.3,"u":"10,30 €/L","img":"https://fd2-photos.leclercdrive.fr/image.ashx?id=2911573&use=l&cat=p&typeid=i","cat":284913},{"id":265449,"n":"Martini rosato 14.5° - 1L","p":10.3,"u":"10,30 €/L","img":"https://fd2-photos.leclercdrive.fr/image.ashx?id=2941946&use=l&cat=p&typeid=i","cat":284913},{"id":265450,"n":"Martini rosso 14.5° - 1L","p":10.3,"u":"10,30 €/L","img":"https://fd2-photos.leclercdrive.fr/image.ashx?id=2941949&use=l&cat=p&typeid=i","cat":284913},{"id":265508,"n":"Kit démarrage plumeau Swiffer 1 manche + 4 recharges","p":4.88,"img":"https://fd2-photos.leclercdrive.fr/image.ashx?id=3011938&use=l&cat=p&typeid=i","cat":325364},{"id":265513,"n":"Liquide adoucissant Lenor Fleur de jasmin 882ml","p":4.66,"u":"5,28 €/L","img":"https://fd2-photos.leclercdrive.fr/image.ashx?id=2917103&use=l&cat=p&typeid=i","cat":284650},{"id":265514,"n":"Adoucissant Lenor collection Jasmin et rose de mai 1.155L","p":4.53,"u":"3,92 €/L","img":"https://fd2-photos.leclercdrive.fr/image.ashx?id=2912701&use=l&cat=p&typeid=i","cat":284650},{"id":265515,"n":"Adoucissant liquide Lenor Peaux sensibles - 882ml x42","p":4.89,"u":"5,54 €/L","img":"https://fd2-photos.leclercdrive.fr/image.ashx?id=2917100&use=l&cat=p&typeid=i","cat":284650},{"id":265517,"n":"Lingettes humides balai Swiffer Attrape-poussière Citron x10","p":5.82,"img":"https://fd2-photos.leclercdrive.fr/image.ashx?id=2912698&use=l&cat=p&typeid=i","cat":325364},{"id":265519,"n":"Adoucissant Lenor Fresh Air Jardins en fleurs - 504ml x36","p":4.53,"u":"8,99 €/L","img":"https://fd2-photos.leclercdrive.fr/image.ashx?id=2912686&use=l&cat=p&typeid=i","cat":284650},{"id":265521,"n":"Parfum de linge Lenor Fraîcheur florale - 235g - x19","p":6.43,"u":"27,36 €/KG","img":"https://fd2-photos.leclercdrive.fr/image.ashx?id=2912692&use=l&cat=p&typeid=i","cat":325302},{"id":265799,"n":"Désodorisant Febreze Linge frais - x3 recharges","p":7.86,"u":"Dont 0,05 € d'éco-part.","img":"https://fd2-photos.leclercdrive.fr/image.ashx?id=2912680&use=l&cat=p&typeid=i","cat":311629},{"id":265800,"n":"Recharges désodorisant Febreze Linge frais - x3 - 20ml","p":5.49,"u":"274,50 €/L","img":"https://fd2-photos.leclercdrive.fr/image.ashx?id=2912683&use=l&cat=p&typeid=i","cat":311629},{"id":265832,"n":"Rasoir Hydro 5 - Wilkinson Face Groomer","p":17.7,"u":"Dont 0,07 € d'éco-part.","img":"https://fd2-photos.leclercdrive.fr/image.ashx?id=2963853&use=l&cat=p&typeid=i","cat":284616},{"id":265859,"n":"Goûter laitier Récré O'lé  Saveur biscuit x20  - 1.7kg","p":10.7,"u":"6,29 €/KG","img":"https://fd2-photos.leclercdrive.fr/image.ashx?id=2913352&use=l&cat=p&typeid=i","cat":284506},{"id":265868,"n":"Lessive liquide Dash 2 en 1 Envolée d'air 40 lavages - 1.8L","p":10.41,"u":"5,78 €/L","img":"https://fd2-photos.leclercdrive.fr/image.ashx?id=2914858&use=l&cat=p&typeid=i","cat":284640},{"id":265949,"n":"Dentifrice Sensodyne Soin blancheur 3x75ml","p":11.88,"u":"52,80 €/L","img":"https://fd2-photos.leclercdrive.fr/image.ashx?id=2915588&use=l&cat=p&typeid=i","cat":284612},{"id":266078,"n":"Lessive liquide Persil Douceur d'amande - 2.565L x61","p":10.26,"u":"4,00 €/L","img":"https://fd2-photos.leclercdrive.fr/image.ashx?id=2944497&use=l&cat=p&typeid=i","cat":284640},{"id":266088,"n":"Adoucissant Cajoline Creations Brise de muguet 1.386L x66","p":5.76,"u":"4,16 €/L","img":"https://fd2-photos.leclercdrive.fr/image.ashx?id=2914240&use=l&cat=p&typeid=i","cat":284650},{"id":266093,"n":"Adoucissant Lenor Envolée d'air - x55 - 1.155L","p":4.53,"u":"3,92 €/L","img":"https://fd2-photos.leclercdrive.fr/image.ashx?id=2914171&use=l&cat=p&typeid=i","cat":284650},{"id":266102,"n":"Baume lèvres hydratant Labello x2","p":3.74,"u":"374,00 €/KG","img":"https://fd2-photos.leclercdrive.fr/image.ashx?id=2913811&use=l&cat=p&typeid=i","cat":285485},{"id":266104,"n":"Lait corps nourissant Nivea Peaux sèches - 400ml","p":5.35,"u":"13,38 €/L","img":"https://fd2-photos.leclercdrive.fr/image.ashx?id=2977639&use=l&cat=p&typeid=i","cat":325349},{"id":266105,"n":"Nettoyant lave-vaisselle Finish Protector - 30g","p":4.06,"u":"135,33 €/KG","img":"https://fd2-photos.leclercdrive.fr/image.ashx?id=2914894&use=l&cat=p&typeid=i","cat":284657},{"id":266107,"n":"Gel WC Harpic Power Plus 750ml","p":2.13,"u":"2,84 €/L","img":"https://fd2-photos.leclercdrive.fr/image.ashx?id=2914027&use=l&cat=p&typeid=i","cat":284662},{"id":266108,"n":"Bloc WC Harpic Hygienic & Fresh Pin Eucalyptus - x2","p":2.41,"img":"https://fd2-photos.leclercdrive.fr/image.ashx?id=2914636&use=l&cat=p&typeid=i","cat":284662},{"id":266111,"n":"Bloc WC Harpic Hygienic & Fresh 2.0 Marine - x2","p":2.74,"img":"https://fd2-photos.leclercdrive.fr/image.ashx?id=2914024&use=l&cat=p&typeid=i","cat":284662},{"id":266113,"n":"Lessive liquide Ariel Unstoppable - x30 1.350L","p":9.88,"u":"7,32 €/L","img":"https://fd2-photos.leclercdrive.fr/image.ashx?id=2914144&use=l&cat=p&typeid=i","cat":284640},{"id":266123,"n":"Jambon Sec fines et fondantes Aoste nature 4 tranches - 67g","p":2.66,"u":"39,70 €/KG","img":"https://fd2-photos.leclercdrive.fr/image.ashx?id=2937196&use=l&cat=p&typeid=i","cat":316007},{"id":266137,"n":"Lessive liquide Ariel Ultra détachant - 1.350L x30","p":9.88,"u":"7,32 €/L","img":"https://fd2-photos.leclercdrive.fr/image.ashx?id=2914147&use=l&cat=p&typeid=i","cat":284640},{"id":266140,"n":"Capsules lave-vaisselle Finish Ultimate Plus - x47 - 573g","p":11.88,"pp":7.13,"u":"12,44 €/KG","img":"https://fd2-photos.leclercdrive.fr/image.ashx?id=2914630&use=l&cat=p&typeid=i","cat":284656},{"id":266143,"n":"Adoucissant Lenor Fresh Air Rayons soleil - 504ml - x36D","p":4.53,"u":"8,99 €/L","img":"https://fd2-photos.leclercdrive.fr/image.ashx?id=2914153&use=l&cat=p&typeid=i","cat":284650},{"id":266145,"n":"Adoucissant Lenor Fresh Air Soleil tropical - 504ml - x36","p":4.53,"u":"8,99 €/L","img":"https://fd2-photos.leclercdrive.fr/image.ashx?id=2914156&use=l&cat=p&typeid=i","cat":284650},{"id":266147,"n":"Parfum de linge Lenor Parfum d'Ariel - x13 - 155g","p":4.53,"u":"29,23 €/KG","img":"https://fd2-photos.leclercdrive.fr/image.ashx?id=2914159&use=l&cat=p&typeid=i","cat":325302},{"id":266149,"n":"Adoucissant Lenor Fresh Air Fraîcheur matinale 504ml - x36","p":4.53,"u":"8,99 €/L","img":"https://fd2-photos.leclercdrive.fr/image.ashx?id=2914150&use=l&cat=p&typeid=i","cat":284650},{"id":266150,"n":"Lait corps hydratation Nivea Express - 250ml","p":4.22,"u":"16,88 €/L","img":"https://fd2-photos.leclercdrive.fr/image.ashx?id=2977648&use=l&cat=p&typeid=i","cat":325349},{"id":266152,"n":"Crème visage jour Nivea Anti-rides Q10+ Sensitive 50ml","p":11.39,"u":"227,80 €/L","img":"https://fd2-photos.leclercdrive.fr/image.ashx?id=2973940&use=l&cat=p&typeid=i","cat":325345},{"id":266156,"n":"Lessive capsuleS Ariel Pods+ Unstoppable - 515g - x26","p":12.77,"u":"24,80 €/KG","img":"https://fd2-photos.leclercdrive.fr/image.ashx?id=2914852&use=l&cat=p&typeid=i","cat":284641},{"id":266157,"n":"Lessive capsules Ariel Pods Grandiose Original 762g x21","p":13.07,"u":"17,15 €/KG","img":"https://fd2-photos.leclercdrive.fr/image.ashx?id=2914180&use=l&cat=p&typeid=i","cat":284641},{"id":266162,"n":"Capsules lave-vaisselle Finish Quantum - 707g - x68","p":11.88,"pp":7.13,"u":"10,08 €/KG","img":"https://fd2-photos.leclercdrive.fr/image.ashx?id=2914627&use=l&cat=p&typeid=i","cat":284656},{"id":266163,"n":"Parfum de linge Lenor Jasmin & Rose de mai 155g x13","p":4.53,"u":"29,23 €/KG","img":"https://fd2-photos.leclercdrive.fr/image.ashx?id=2914162&use=l&cat=p&typeid=i","cat":325302},{"id":266166,"n":"Lessive capsules Ariel 3en1 Pods - Alpine - 546g - x30","p":12.5,"u":"22,89 €/KG","img":"https://fd2-photos.leclercdrive.fr/image.ashx?id=2914177&use=l&cat=p&typeid=i","cat":284641},{"id":266177,"n":"Adoucissant Soupline Lenor Ambre & orchidée - 1.155L x55","p":4.53,"u":"3,92 €/L","img":"https://fd2-photos.leclercdrive.fr/image.ashx?id=2914165&use=l&cat=p&typeid=i","cat":284650},{"id":266181,"n":"Adoucissant Lenor Bouquet floral - 1.155L - x55","p":4.53,"u":"3,92 €/L","img":"https://fd2-photos.leclercdrive.fr/image.ashx?id=2914174&use=l&cat=p&typeid=i","cat":284650},{"id":266203,"n":"Adoucissant Soupline Ultra concentré Rose éclatante 800 ml","p":6.54,"u":"8,18 €/L","img":"https://fd2-photos.leclercdrive.fr/image.ashx?id=2914210&use=l&cat=p&typeid=i","cat":284650},{"id":266206,"n":"Adoucissant Soupline Ultra concentré Fraicheur Azur 800 ml","p":5.93,"u":"7,41 €/L","img":"https://fd2-photos.leclercdrive.fr/image.ashx?id=2991030&use=l&cat=p&typeid=i","cat":284650},{"id":266208,"n":"Adoucissant Soupline Ultra concentré Soin Expert 800 ml","p":6.23,"u":"7,79 €/L","img":"https://fd2-photos.leclercdrive.fr/image.ashx?id=2914222&use=l&cat=p&typeid=i","cat":284650},{"id":266225,"n":"Lessive liquide Ariel Original - 1980ml - x44","p":13.83,"u":"6,98 €/L","img":"https://fd2-photos.leclercdrive.fr/image.ashx?id=2914816&use=l&cat=p&typeid=i","cat":284640},{"id":266232,"n":"Riz risotto Taureau Ailé 1kg","p":3.37,"u":"3,37 €/KG","img":"https://fd2-photos.leclercdrive.fr/image.ashx?id=2914696&use=l&cat=p&typeid=i","cat":284428},{"id":266236,"n":"Cubes Filet de poulet Bon Plan Douce France - 400g","p":4.72,"u":"11,80 €/KG","img":"https://fd2-photos.leclercdrive.fr/image.ashx?id=2913988&use=l&cat=p&typeid=i","cat":284336},{"id":266238,"n":"Bonbons La Vosgienne  Cassis sans sucres -  49g","p":1.57,"u":"32,04 €/KG","img":"https://fd2-photos.leclercdrive.fr/image.ashx?id=2971900&use=l&cat=p&typeid=i","cat":304252},{"id":266239,"n":"Bonbons La Vosgienne Menthe citron sans sucres - 49g","p":1.57,"u":"32,04 €/KG","img":"https://fd2-photos.leclercdrive.fr/image.ashx?id=2991190&use=l&cat=p&typeid=i","cat":304252},{"id":266242,"n":"Filet de poulet Bon Plan Douce France - 500g","p":5.82,"u":"11,64 €/KG","img":"https://fd2-photos.leclercdrive.fr/image.ashx?id=2914561&use=l&cat=p&typeid=i","cat":284336},{"id":266244,"n":"Bonbons La Vosgienne Menthol Eucalyptus - 46g","p":1.67,"u":"36,30 €/KG","img":"https://fd2-photos.leclercdrive.fr/image.ashx?id=2979054&use=l&cat=p&typeid=i","cat":304252},{"id":266249,"n":"Bonbons La Vosgienne Sève de pin sans sucres - 46g","p":1.57,"u":"34,13 €/KG","img":"https://fd2-photos.leclercdrive.fr/image.ashx?id=2991193&use=l&cat=p&typeid=i","cat":304252},{"id":266252,"n":"Sardines Parmentier A l'huile de tournesol - 2x135g","p":2.87,"u":"10,63 €/KG","img":"https://fd2-photos.leclercdrive.fr/image.ashx?id=2913829&use=l&cat=p&typeid=i","cat":305146},{"id":266438,"n":"Lessive liquide Ariel Protection fibres - 1.350ml x30","p":9.88,"u":"7,32 €/L","img":"https://fd2-photos.leclercdrive.fr/image.ashx?id=2914825&use=l&cat=p&typeid=i","cat":284640},{"id":266440,"n":"Lessive liquide Ariel Active - 1350ml x30","p":9.88,"u":"7,32 €/L","img":"https://fd2-photos.leclercdrive.fr/image.ashx?id=2914828&use=l&cat=p&typeid=i","cat":284640},{"id":266444,"n":"Lessive capsules Ariel 3en1 Original - 546g - x30","p":11.45,"u":"20,97 €/KG","img":"https://fd2-photos.leclercdrive.fr/image.ashx?id=2914834&use=l&cat=p&typeid=i","cat":284641},{"id":266445,"n":"Lessive capsules Ariel Pods+ Active - 554g - x26","p":12.77,"u":"23,05 €/KG","img":"https://fd2-photos.leclercdrive.fr/image.ashx?id=2914843&use=l&cat=p&typeid=i","cat":284641},{"id":266446,"n":"Lessive capsules Ariel Pods+ Active - 405g - x19","p":10.66,"u":"26,32 €/KG","img":"https://fd2-photos.leclercdrive.fr/image.ashx?id=2914849&use=l&cat=p&typeid=i","cat":284641},{"id":266449,"n":"Lessive capsules Ariel Pods Grandiose Alpine x21 - 762g","p":12.9,"u":"16,93 €/KG","img":"https://fd2-photos.leclercdrive.fr/image.ashx?id=2970245&use=l&cat=p&typeid=i","cat":284641},{"id":266452,"n":"Lessive capsules Ariel Pods+ Unstoppable - 376g x19","p":10.66,"u":"28,35 €/KG","img":"https://fd2-photos.leclercdrive.fr/image.ashx?id=2914840&use=l&cat=p&typeid=i","cat":284641},{"id":266458,"n":"Shampooinf Herbal Essence Lavande - 250ml","p":4.21,"u":"16,84 €/L","img":"https://fd2-photos.leclercdrive.fr/image.ashx?id=2914798&use=l&cat=p&typeid=i","cat":284606},{"id":266466,"n":"Lessive capsules Ariel Pods+ Ultra détachant - 606g x26","p":12.77,"u":"21,07 €/KG","img":"https://fd2-photos.leclercdrive.fr/image.ashx?id=2914846&use=l&cat=p&typeid=i","cat":284641},{"id":266633,"n":"Dentrifrice Oral-B Pro Expert Protection - 2x75ml","p":5.38,"u":"35,87 €/L","img":"https://fd2-photos.leclercdrive.fr/image.ashx?id=2938286&use=l&cat=p&typeid=i","cat":284612},{"id":266634,"n":"Oral B Pro Expert Nettoyage Intense - 2x75ml","p":6.54,"u":"43,60 €/L","img":"https://fd2-photos.leclercdrive.fr/image.ashx?id=2966152&use=l&cat=p&typeid=i","cat":284612},{"id":266635,"n":"Dentrifrice Oral-B Pro Expert Dents Sensibles - 2x75ml","p":6.53,"u":"43,53 €/L","img":"https://fd2-photos.leclercdrive.fr/image.ashx?id=2966155&use=l&cat=p&typeid=i","cat":284612},{"id":266685,"n":"Mélanges herbes épices Cholula Fajita Paprika Coriandre 490g","p":4.95,"u":"10,10 €/KG","img":"https://fd2-photos.leclercdrive.fr/image.ashx?id=2915862&use=l&cat=p&typeid=i","cat":288993},{"id":266706,"n":"Pain de mie La Boulangère Complet & graines - 500g","p":1.98,"u":"3,96 €/KG","img":"https://fd2-photos.leclercdrive.fr/image.ashx?id=2926693&use=l&cat=p&typeid=i","cat":284477},{"id":266737,"n":"Carottes des sables des Landes de Gascogne NRT - 1kg","p":1.99,"u":"1,99 €/KG","img":"https://fd2-photos.leclercdrive.fr/image.ashx?id=2928342&use=l&cat=p&typeid=i","cat":284352},{"id":267012,"n":"Guacamole Cholula Oignon cumin piment 20g","p":1.14,"u":"57,00 €/KG","img":"https://fd2-photos.leclercdrive.fr/image.ashx?id=2915859&use=l&cat=p&typeid=i","cat":288993},{"id":267013,"n":"Quesadilla Cholula Oignon cumin persil 490g","p":4.96,"u":"10,12 €/KG","img":"https://fd2-photos.leclercdrive.fr/image.ashx?id=2915865&use=l&cat=p&typeid=i","cat":288993},{"id":267199,"n":"Huile lavante La Roche Posay Lipikar AP - 1L","p":18.47,"u":"18,47 €/L","img":"https://fd2-photos.leclercdrive.fr/image.ashx?id=2919313&use=l&cat=p&typeid=i","cat":290422},{"id":267224,"n":"Complément alimentaire Granions Décontractant musculaire - 288g","p":20.99,"u":"72,88 €/KG","img":"https://fd2-photos.leclercdrive.fr/image.ashx?id=2916947&use=l&cat=p&typeid=i","cat":301268},{"id":267225,"n":"Complément alimentaire Granions Sublimlift - Citron - 330g","p":43.99,"u":"133,30 €/KG","img":"https://fd2-photos.leclercdrive.fr/image.ashx?id=2916950&use=l&cat=p&typeid=i","cat":301266},{"id":267226,"n":"Soin teinté La Roche-Posay Effaclar Duo+M Unifiant 40ml","p":16.27,"u":"406,75 €/L","img":"https://fd2-photos.leclercdrive.fr/image.ashx?id=2926428&use=l&cat=p&typeid=i","cat":291166},{"id":267227,"n":"Sérum anti-pigment Eucerin Sérum Duo - 30ml","p":32.99,"img":"https://fd2-photos.leclercdrive.fr/image.ashx?id=2916345&use=l&cat=p&typeid=i","cat":291168},{"id":267230,"n":"Soin de jour Eucerin Hyaluron-Filler +3x effect 50ML","p":27.89,"u":"557,80 €/L","img":"https://fd2-photos.leclercdrive.fr/image.ashx?id=2926816&use=l&cat=p&typeid=i","cat":291168},{"id":267231,"n":"Soin de jour Eucerin Hyaluron- Filler +Elasticity SPF15 - 50ml","p":31.3,"pp":23.47,"u":"469,40 €/L","img":"https://fd2-photos.leclercdrive.fr/image.ashx?id=2917025&use=l&cat=p&typeid=i","cat":291168},{"id":267238,"n":"Huile prodigieuse Or Nuxe 60ml","p":26.95,"u":"449,17 €/L","img":"https://fd2-photos.leclercdrive.fr/image.ashx?id=2920075&use=l&cat=p&typeid=i","cat":290422},{"id":267239,"n":"Mousse autobronzante Nuxe Sun - Hydratante - 150ml","p":17.89,"u":"119,27 €/L","img":"https://fd2-photos.leclercdrive.fr/image.ashx?id=2919283&use=l&cat=p&typeid=i","cat":290395},{"id":267240,"n":"Soin sans rinçage Nuxe Hair Prodigieux - 100ml","p":16.89,"u":"168,90 €/L","img":"https://fd2-photos.leclercdrive.fr/image.ashx?id=2919286&use=l&cat=p&typeid=i","cat":290399},{"id":267241,"n":"Huile solaire Or Nuxe Haute protection SPF30 150ml","p":21.99,"u":"146,60 €/L","img":"https://fd2-photos.leclercdrive.fr/image.ashx?id=2919289&use=l&cat=p&typeid=i","cat":290399},{"id":267243,"n":"Soin de nuit Eucerin Hyaluron- Filler +Elasticity - 50ml","p":31.3,"pp":23.47,"u":"469,40 €/L","img":"https://fd2-photos.leclercdrive.fr/image.ashx?id=2917028&use=l&cat=p&typeid=i","cat":291168},{"id":267244,"n":"Soin de jour Eucerin Hyaluron- Filler +Elasticity SPF30 50ml","p":30.7,"pp":23.02,"u":"460,40 €/L","img":"https://fd2-photos.leclercdrive.fr/image.ashx?id=2917031&use=l&cat=p&typeid=i","cat":291168},{"id":267245,"n":"Soin de jour Eucerin Hyaluron- Filler +volume-Lift - 50ml","p":27.89,"pp":20.92,"u":"418,40 €/L","img":"https://fd2-photos.leclercdrive.fr/image.ashx?id=2916348&use=l&cat=p&typeid=i","cat":291168},{"id":267246,"n":"Huile solaire Or Nuxe Sun Gold Haute protection SPF50 150ml","p":20.9,"u":"139,33 €/L","img":"https://fd2-photos.leclercdrive.fr/image.ashx?id=2919292&use=l&cat=p&typeid=i","cat":290396},{"id":267247,"n":"Huile prodigieuse Nuxe 60ml","p":22.96,"u":"382,67 €/L","img":"https://fd2-photos.leclercdrive.fr/image.ashx?id=2919295&use=l&cat=p&typeid=i","cat":290422},{"id":267333,"n":"Adoucissant Cajoline Créations Fleur de tiaré & Pivoine 1.386L","p":5.59,"u":"4,03 €/L","img":"https://fd2-photos.leclercdrive.fr/image.ashx?id=2917112&use=l&cat=p&typeid=i","cat":284650},{"id":267335,"n":"Adoucissant Cajoline Créations Lavande & Rose blanche 1.386L","p":4.03,"u":"2,91 €/L","img":"https://fd2-photos.leclercdrive.fr/image.ashx?id=2917115&use=l&cat=p&typeid=i","cat":284650},{"id":267339,"n":"Adoucissant Cajoline Origines Fraîcheur Céleste 1.254L x66","p":6.54,"u":"5,22 €/L","img":"https://fd2-photos.leclercdrive.fr/image.ashx?id=2917121&use=l&cat=p&typeid=i","cat":284650},{"id":267341,"n":"Adoucissant Cajoline Elixir Bouquet estival - 460ml","p":6.87,"u":"14,93 €/L","img":"https://fd2-photos.leclercdrive.fr/image.ashx?id=2940672&use=l&cat=p&typeid=i","cat":284650},{"id":267342,"n":"Adoucissant liquide Cajoline Elixir Brise printanière 460ml","p":8.24,"u":"17,91 €/L","img":"https://fd2-photos.leclercdrive.fr/image.ashx?id=3000896&use=l&cat=p&typeid=i","cat":284650},{"id":267371,"n":"Adoucissant Cajoline Créations Fleur de la passion 1.386L x66","p":4.73,"u":"3,41 €/L","img":"https://fd2-photos.leclercdrive.fr/image.ashx?id=2918107&use=l&cat=p&typeid=i","cat":284650},{"id":267388,"n":"Adoucissant liquide Cajoline Elixir Fraîcheur Céleste 460ml","p":8.05,"u":"17,50 €/L","img":"https://fd2-photos.leclercdrive.fr/image.ashx?id=2918113&use=l&cat=p&typeid=i","cat":284650},{"id":267391,"n":"Adoucissant Cajoline Origines Brise printanière 1.254L x66","p":6.52,"u":"5,20 €/L","img":"https://fd2-photos.leclercdrive.fr/image.ashx?id=2918110&use=l&cat=p&typeid=i","cat":284650},{"id":267411,"n":"Bière Softiz Pêche Sans alcool - 6x27.5cl","p":3.16,"u":"1,92 €/L","img":"https://fd2-photos.leclercdrive.fr/image.ashx?id=2916764&use=l&cat=p&typeid=i","cat":334877},{"id":268029,"n":"Culottes Pampers Baby-dry Pants Taille 7 - x29","p":17.17,"u":"0,59 €/P","img":"https://fd2-photos.leclercdrive.fr/image.ashx?id=2919934&use=l&cat=p&typeid=i","cat":290633},{"id":268030,"n":"Culottes Pampers Premium Protection Pants - Taille 4 x31","p":16.77,"u":"0,54 €/P","img":"https://fd2-photos.leclercdrive.fr/image.ashx?id=2919937&use=l&cat=p&typeid=i","cat":290633},{"id":268037,"n":"Couches Pampers Harmonie Taille 5 - x31","p":16.96,"u":"0,55 €/P","img":"https://fd2-photos.leclercdrive.fr/image.ashx?id=2941973&use=l&cat=p&typeid=i","cat":284737},{"id":268050,"n":"Couches Pampers Baby-Dry Taille 6 - x33","p":15.5,"u":"0,47 €/P","img":"https://fd2-photos.leclercdrive.fr/image.ashx?id=2941994&use=l&cat=p&typeid=i","cat":284737},{"id":268052,"n":"Couches Pampers Baby-Dry Taille 5+ - x35","p":15.01,"u":"0,43 €/P","img":"https://fd2-photos.leclercdrive.fr/image.ashx?id=2942006&use=l&cat=p&typeid=i","cat":284737},{"id":268054,"n":"Couches Pampers Baby-Dry Taille 3 - x50","p":14.25,"u":"0,29 €/P","img":"https://fd2-photos.leclercdrive.fr/image.ashx?id=2919988&use=l&cat=p&typeid=i","cat":284737},{"id":268059,"n":"Couches Pampers Harmonie Taille 4 - x36","p":15.88,"u":"0,44 €/P","img":"https://fd2-photos.leclercdrive.fr/image.ashx?id=2941976&use=l&cat=p&typeid=i","cat":284737},{"id":268063,"n":"Culottes Pampers Night Pants Taille 4 - x40","p":15.84,"u":"0,40 €/P","img":"https://fd2-photos.leclercdrive.fr/image.ashx?id=2919949&use=l&cat=p&typeid=i","cat":290633},{"id":268174,"n":"Culottes Pampers Night Pants Taille 6 - x30","p":17.97,"u":"0,60 €/P","img":"https://fd2-photos.leclercdrive.fr/image.ashx?id=2919952&use=l&cat=p&typeid=i","cat":290633},{"id":268175,"n":"Culottes Pampers Night Pants Taille 5 - x35","p":15.15,"u":"0,43 €/P","img":"https://fd2-photos.leclercdrive.fr/image.ashx?id=2919955&use=l&cat=p&typeid=i","cat":290633},{"id":268180,"n":"Culottes Pampers Premium Protection Pants - Taille 6 x27","p":16.39,"u":"0,61 €/P","img":"https://fd2-photos.leclercdrive.fr/image.ashx?id=3009248&use=l&cat=p&typeid=i","cat":290633},{"id":268182,"n":"Couches Pampers Baby-Dry Géant - Taille 8 - x28","p":17.53,"u":"0,63 €/P","img":"https://fd2-photos.leclercdrive.fr/image.ashx?id=2941979&use=l&cat=p&typeid=i","cat":284737},{"id":268184,"n":"Couches Pampers Baby-Dry Taille 7 - x31","p":15.85,"u":"0,51 €/P","img":"https://fd2-photos.leclercdrive.fr/image.ashx?id=2941982&use=l&cat=p&typeid=i","cat":284737},{"id":268185,"n":"Couches Pampers Baby-Dry Taille 4+ - x39","p":16.96,"u":"0,43 €/P","img":"https://fd2-photos.leclercdrive.fr/image.ashx?id=2941997&use=l&cat=p&typeid=i","cat":284737},{"id":268187,"n":"Couches Pampers Premium Protection - Taille 6 x29","p":17.28,"u":"0,60 €/P","img":"https://fd2-photos.leclercdrive.fr/image.ashx?id=2919997&use=l&cat=p&typeid=i","cat":284737},{"id":268189,"n":"Couches Pampers Premium Protection Taille 3 x46","p":15.65,"u":"0,34 €/P","img":"https://fd2-photos.leclercdrive.fr/image.ashx?id=2991009&use=l&cat=p&typeid=i","cat":284737},{"id":268191,"n":"Culottes Pampers Baby-Dry Pants Taille 6 - x31","p":16.79,"u":"0,54 €/P","img":"https://fd2-photos.leclercdrive.fr/image.ashx?id=2920009&use=l&cat=p&typeid=i","cat":290633},{"id":268234,"n":"Spaghetti Barilla  Protein + - 400g","p":2.01,"u":"5,03 €/KG","img":"https://fd2-photos.leclercdrive.fr/image.ashx?id=2919931&use=l&cat=p&typeid=i","cat":284427},{"id":268345,"n":"Biscuits fourrés BN Chocolat caramel - x3 - 855g","p":6.44,"u":"7,53 €/KG","img":"https://fd2-photos.leclercdrive.fr/image.ashx?id=2921474&use=l&cat=p&typeid=i","cat":284488},{"id":268346,"n":"Biscuits BN fourrés chocolat à la pâte à tartiner- x3 - 855g","p":6.44,"u":"7,53 €/KG","img":"https://fd2-photos.leclercdrive.fr/image.ashx?id=2921477&use=l&cat=p&typeid=i","cat":284488},{"id":268347,"n":"Pétales snacks Tokapi Goût crème oignon - 75g","p":0.89,"u":"11,87 €/KG","img":"https://fd2-photos.leclercdrive.fr/image.ashx?id=2920241&use=l&cat=p&typeid=i","cat":284449},{"id":268373,"n":"Entrecôte de boeuf *** L'Atelier Boucherie x2 - 360g","p":10.58,"u":"29,39 €/KG","img":"https://fd2-photos.leclercdrive.fr/image.ashx?id=2930564&use=l&cat=p&typeid=i","cat":284328},{"id":268375,"n":"Faux filet de boeuf *** L'Atelier Boucherie x2 - 330g","p":8.99,"u":"27,24 €/KG","img":"https://fd2-photos.leclercdrive.fr/image.ashx?id=2930567&use=l&cat=p&typeid=i","cat":284328},{"id":268384,"n":"Côte échine de porc L'Atelier Boucherie x2 - 350g","p":2.97,"u":"8,49 €/KG","img":"https://fd2-photos.leclercdrive.fr/image.ashx?id=2935573&use=l&cat=p&typeid=i","cat":284331},{"id":268465,"n":"Pepsi pack de 6 canettes  6x33cl","p":3.08,"u":"1,56 €/L","img":"https://fd2-photos.leclercdrive.fr/image.ashx?id=2921540&use=l&cat=p&typeid=i","cat":284530},{"id":268468,"n":"Thé glacé Lipton Framboise  1.75L","p":2.38,"u":"1,36 €/L","img":"https://fd2-photos.leclercdrive.fr/image.ashx?id=2921103&use=l&cat=p&typeid=i","cat":295019},{"id":268514,"n":"Dentifrice Oral B Expert Blanchiment doux 3x75ml","p":7.39,"u":"4,93 €/L","img":"https://fd2-photos.leclercdrive.fr/image.ashx?id=2920889&use=l&cat=p&typeid=i","cat":284612},{"id":268774,"n":"Dentifrice Oral B Pro Expert 75ml","p":2.69,"u":"35,87 €/L","img":"https://fd2-photos.leclercdrive.fr/image.ashx?id=2920960&use=l&cat=p&typeid=i","cat":284612},{"id":268844,"n":"Tablette noir Grain de Sail bio Eclats de fèves - 100g","p":3.63,"u":"36,30 €/KG","img":"https://fd2-photos.leclercdrive.fr/image.ashx?id=2922038&use=l&cat=p&typeid=i","cat":284956},{"id":268982,"n":"Crêpes choco max Whaou! Crazy x6 - 180g","p":2.36,"u":"13,11 €/KG","img":"https://fd2-photos.leclercdrive.fr/image.ashx?id=2921723&use=l&cat=p&typeid=i","cat":284494},{"id":269137,"n":"Roquefort AOP Société douceur 100g","p":2.33,"u":"23,30 €/KG","img":"https://fd2-photos.leclercdrive.fr/image.ashx?id=2922539&use=l&cat=p&typeid=i","cat":314032},{"id":269166,"n":"Lessive liquide Persil  Bouquet de Provence - 2,565L","p":10.1,"u":"3,94 €/L","img":"https://fd2-photos.leclercdrive.fr/image.ashx?id=2924980&use=l&cat=p&typeid=i","cat":284640},{"id":269176,"n":"Lessive liquide Skip  Peaux sensiles - 1,554L","p":11.88,"u":"7,64 €/L","img":"https://fd2-photos.leclercdrive.fr/image.ashx?id=2985669&use=l&cat=p&typeid=i","cat":284640},{"id":269197,"n":"Lessive liquide Persil  Douceur d'amande - 1.806","p":7.61,"u":"4,21 €/L","img":"https://fd2-photos.leclercdrive.fr/image.ashx?id=2944491&use=l&cat=p&typeid=i","cat":284640},{"id":269335,"n":"Déodorant Adidas Pure game - 150ml","p":3.07,"u":"20,47 €/L","img":"https://fd2-photos.leclercdrive.fr/image.ashx?id=2924290&use=l&cat=p&typeid=i","cat":284618},{"id":269392,"n":"Muesli Terres et Céréales  au Chocolat - 375g","p":4.44,"u":"11,84 €/KG","img":"https://fd2-photos.leclercdrive.fr/image.ashx?id=2923004&use=l&cat=p&typeid=i","cat":309512},{"id":269505,"n":"Halloumi AOP Salakis 200g","p":3.69,"u":"18,45 €/KG","img":"https://fd2-photos.leclercdrive.fr/image.ashx?id=2924626&use=l&cat=p&typeid=i","cat":314026},{"id":269798,"n":"Boisson energisante Red Bull Zéro - 4x250ml","p":4.32,"u":"4,32 €/L","img":"https://fd2-photos.leclercdrive.fr/image.ashx?id=3011998&use=l&cat=p&typeid=i","cat":284533},{"id":269812,"n":"Gel nettoyant Garnier  Booster d'éclat - 250ml","p":5.98,"u":"23,92 €/L","img":"https://fd2-photos.leclercdrive.fr/image.ashx?id=2954241&use=l&cat=p&typeid=i","cat":284603},{"id":269912,"n":"P'tit gourmand Nestlé  Vanille - 4x100g","p":1.6,"u":"4,00 €/KG","img":"https://fd2-photos.leclercdrive.fr/image.ashx?id=2946278&use=l&cat=p&typeid=i","cat":312392},{"id":270174,"n":"Barre de céréales Golden Graham 8x25g","p":3.01,"u":"15,05 €/KG","img":"https://fd2-photos.leclercdrive.fr/image.ashx?id=2927627&use=l&cat=p&typeid=i","cat":300032},{"id":270225,"n":"Gummies Vitavea Multivitaminés - 90g","p":7.91,"u":"87,89 €/KG","img":"https://fd2-photos.leclercdrive.fr/image.ashx?id=2928705&use=l&cat=p&typeid=i","cat":313217},{"id":270227,"n":"Gummies Vitavea Multivitaminés Kids - 90g","p":7.9,"u":"87,78 €/KG","img":"https://fd2-photos.leclercdrive.fr/image.ashx?id=2928708&use=l&cat=p&typeid=i","cat":313217},{"id":270237,"n":"Crêpes framboise Whaou! Fruity - x6 180g","p":1.8,"u":"10,00 €/KG","img":"https://fd2-photos.leclercdrive.fr/image.ashx?id=2928741&use=l&cat=p&typeid=i","cat":284494},{"id":270238,"n":"Filets  maquereaux Petit Navire Moutarde - 338g","p":3.8,"u":"11,24 €/KG","img":"https://fd2-photos.leclercdrive.fr/image.ashx?id=2928369&use=l&cat=p&typeid=i","cat":303868},{"id":270365,"n":"Filets maquereaux Petit Navire Sauce catalane - 169g","p":1.73,"u":"10,24 €/KG","img":"https://fd2-photos.leclercdrive.fr/image.ashx?id=3010834&use=l&cat=p&typeid=i","cat":303868},{"id":270434,"n":"Rhum Captain Morgan Spiced Gold Sans Alcool - 70cl","p":10.95,"u":"15,64 €/L","img":"https://fd2-photos.leclercdrive.fr/image.ashx?id=2928074&use=l&cat=p&typeid=i","cat":284549},{"id":270473,"n":"Dessert lacté Nestlé Biscuit dès 6mois - 4x100g","p":1.6,"u":"4,00 €/KG","img":"https://fd2-photos.leclercdrive.fr/image.ashx?id=2934914&use=l&cat=p&typeid=i","cat":312392},{"id":270661,"n":"Ferments lactiques Vahiné Pour yahourt maison -20g","p":3.31,"u":"165,50 €/KG","img":"https://fd2-photos.leclercdrive.fr/image.ashx?id=2930069&use=l&cat=p&typeid=i","cat":284505},{"id":270679,"n":"Pâte a tartiner Nocciolata Bio cacao noisette - 400g","p":4.84,"u":"12,10 €/KG","img":"https://fd2-photos.leclercdrive.fr/image.ashx?id=2930412&use=l&cat=p&typeid=i","cat":284481},{"id":270766,"n":"Eau aromatisée Vittel Aro Fraise framboise - 1L","p":1.28,"u":"1,28 €/L","img":"https://fd2-photos.leclercdrive.fr/image.ashx?id=2940624&use=l&cat=p&typeid=i","cat":284537},{"id":270767,"n":"Eau aromatisée Vittel Aro Fraise framboise - 4x50cl","p":3.38,"u":"3,38 €/L","img":"https://fd2-photos.leclercdrive.fr/image.ashx?id=2940621&use=l&cat=p&typeid=i","cat":284537},{"id":270768,"n":"Eau aromatisée Vittel Aro Pêche abricot - 1L","p":1.28,"u":"1,28 €/L","img":"https://fd2-photos.leclercdrive.fr/image.ashx?id=2940627&use=l&cat=p&typeid=i","cat":284537},{"id":270778,"n":"Ferments lactiques vahiné Pour yaourt maison","p":3.24,"u":"162,00 €/KG","img":"https://fd2-photos.leclercdrive.fr/image.ashx?id=2930066&use=l&cat=p&typeid=i","cat":284505},{"id":270901,"n":"Fromager échalotes et herbes Savour 140g","p":2.39,"u":"17,07 €/KG","img":"https://fd2-photos.leclercdrive.fr/image.ashx?id=2992615&use=l&cat=p&typeid=i","cat":315999},{"id":270988,"n":"Capsules café L'Or Espresso Brésil N°8 x30","p":9.71,"u":"62,24 €/KG","img":"https://fd2-photos.leclercdrive.fr/image.ashx?id=2938295&use=l&cat=p&typeid=i","cat":284749},{"id":271047,"n":"Pinsa Harry's 230g","p":3.36,"u":"14,61 €/KG","img":"https://fd2-photos.leclercdrive.fr/image.ashx?id=2936377&use=l&cat=p&typeid=i","cat":284359},{"id":271070,"n":"Tablette de chocolat Lindt Lait amande - 200g","p":6.23,"u":"31,15 €/KG","img":"https://fd2-photos.leclercdrive.fr/image.ashx?id=2935801&use=l&cat=p&typeid=i","cat":284497},{"id":271277,"n":"Preparation crème glacée Vanille bourbon - 200g","p":2.9,"u":"14,50 €/KG","img":"https://fd2-photos.leclercdrive.fr/image.ashx?id=2936332&use=l&cat=p&typeid=i","cat":284505},{"id":271284,"n":"Préparation creme glacée Vahiné Chocolat noir - 210g","p":2.9,"u":"13,81 €/KG","img":"https://fd2-photos.leclercdrive.fr/image.ashx?id=2936335&use=l&cat=p&typeid=i","cat":284505},{"id":271285,"n":"Pepites de chocolat Vahiné  Brownies - 310g","p":3.72,"u":"12,00 €/KG","img":"https://fd2-photos.leclercdrive.fr/image.ashx?id=2936320&use=l&cat=p&typeid=i","cat":284505},{"id":271449,"n":"Cookies chunks Vahiné 3 chocolats - 330g","p":3.47,"u":"10,52 €/KG","img":"https://fd2-photos.leclercdrive.fr/image.ashx?id=2936329&use=l&cat=p&typeid=i","cat":284505},{"id":271465,"n":"Préparation Vahiné  gaufres pancakes crepes - 240g","p":2.37,"u":"9,88 €/KG","img":"https://fd2-photos.leclercdrive.fr/image.ashx?id=2936323&use=l&cat=p&typeid=i","cat":284505},{"id":271466,"n":"Préparation Vahiné Cookies muffins cake - 300g","p":2.64,"u":"8,80 €/KG","img":"https://fd2-photos.leclercdrive.fr/image.ashx?id=2936326&use=l&cat=p&typeid=i","cat":284505},{"id":271512,"n":"Gourdes Babybio Bio Multipack 7- 20g","p":7.01,"u":"9,74 €/KG","img":"https://fd2-photos.leclercdrive.fr/image.ashx?id=2936887&use=l&cat=p&typeid=i","cat":284508},{"id":271513,"n":"Ramen Tables du Monde 362g","p":2.47,"u":"6,82 €/KG","img":"https://fd2-photos.leclercdrive.fr/image.ashx?id=2931974&use=l&cat=p&typeid=i","cat":288992},{"id":271515,"n":"Ramen Tables du Monde Boeuf - 362g","p":2.47,"u":"6,82 €/KG","img":"https://fd2-photos.leclercdrive.fr/image.ashx?id=2931977&use=l&cat=p&typeid=i","cat":288992},{"id":271527,"n":"Thé noir Yellow Lipton  x50 - 100g","p":2.4,"u":"24,00 €/KG","img":"https://fd2-photos.leclercdrive.fr/image.ashx?id=2987320&use=l&cat=p&typeid=i","cat":293233},{"id":271840,"n":"Boisson orange  Pago Sans pulpe - 75cl","p":2.27,"u":"3,03 €/L","img":"https://fd2-photos.leclercdrive.fr/image.ashx?id=2940738&use=l&cat=p&typeid=i","cat":284521},{"id":271858,"n":"Cônes artisanaux L'Angélys Pistache  x4 - 280g","p":5.68,"u":"20,29 €/KG","img":"https://fd2-photos.leclercdrive.fr/image.ashx?id=2940147&use=l&cat=p&typeid=i","cat":284264},{"id":271881,"n":"Crème dessert Vahiné à la  vanille de Bourbon - 300g","p":2.94,"u":"9,80 €/KG","img":"https://fd2-photos.leclercdrive.fr/image.ashx?id=2936338&use=l&cat=p&typeid=i","cat":284505},{"id":271976,"n":"Brosse à dent Elmex Sensitive x1","p":3.86,"img":"https://fd2-photos.leclercdrive.fr/image.ashx?id=2938307&use=l&cat=p&typeid=i","cat":284614},{"id":271986,"n":"Brioche tressée Harry's  Chocolat - 500g","p":3.91,"u":"7,82 €/KG","img":"https://fd2-photos.leclercdrive.fr/image.ashx?id=2936374&use=l&cat=p&typeid=i","cat":285529},{"id":271995,"n":"Dentifrice Sensodyne  Sensibilité & gencives 75ml","p":4.56,"u":"60,80 €/L","img":"https://fd2-photos.leclercdrive.fr/image.ashx?id=2937799&use=l&cat=p&typeid=i","cat":284612},{"id":271998,"n":"Dentifrice Sensodyne Multi-protection 75ml","p":4.67,"u":"62,27 €/L","img":"https://fd2-photos.leclercdrive.fr/image.ashx?id=2937802&use=l&cat=p&typeid=i","cat":284612},{"id":271999,"n":"Soin douche Le Petit  Marseillais Lait d'avoine 400ml","p":3.19,"u":"7,98 €/L","img":"https://fd2-photos.leclercdrive.fr/image.ashx?id=2937298&use=l&cat=p&typeid=i","cat":284594},{"id":272116,"n":"Chips Savour Poivre noir - 120g","p":1.65,"u":"13,75 €/KG","img":"https://fd2-photos.leclercdrive.fr/image.ashx?id=2933470&use=l&cat=p&typeid=i","cat":284447},{"id":272145,"n":"Latté Kitkat Nescafé  273g","p":4.95,"u":"18,13 €/KG","img":"https://fd2-photos.leclercdrive.fr/image.ashx?id=2952178&use=l&cat=p&typeid=i","cat":284843},{"id":272349,"n":"Sérum visage Nivea Anti-age  30ml","p":25.41,"u":"847,00 €/L","img":"https://fd2-photos.leclercdrive.fr/image.ashx?id=2991304&use=l&cat=p&typeid=i","cat":325345},{"id":272351,"n":"Masque Sérum Garnier Hyaluron+  Répare tissus x1","p":2.84,"img":"https://fd2-photos.leclercdrive.fr/image.ashx?id=2986657&use=l&cat=p&typeid=i","cat":325346},{"id":272843,"n":"Infusion Kusmi Tea - Bio Réglisse Menthe x20 - 24g","p":5.9,"u":"245,83 €/KG","img":"https://fd2-photos.leclercdrive.fr/image.ashx?id=2934990&use=l&cat=p&typeid=i","cat":293234},{"id":273444,"n":"Riz Taureau Ailé 2x500g","p":3.15,"u":"3,15 €/KG","img":"https://fd2-photos.leclercdrive.fr/image.ashx?id=2963745&use=l&cat=p&typeid=i","cat":284428},{"id":273855,"n":"Mug isotherme Monbento 500ml","p":25.0,"img":"https://fd2-photos.leclercdrive.fr/image.ashx?id=3005733&use=l&cat=p&typeid=i","cat":284710},{"id":273858,"n":"Pâtes Perles de Semoule Ferrero 450g","p":1.79,"u":"3,98 €/KG","img":"https://fd2-photos.leclercdrive.fr/image.ashx?id=2943852&use=l&cat=p&typeid=i","cat":284427},{"id":273859,"n":"Boîte repas Monbento 1 étage","p":28.0,"img":"https://fd2-photos.leclercdrive.fr/image.ashx?id=3005745&use=l&cat=p&typeid=i","cat":284710},{"id":274343,"n":"Café dosettes Tassimo Milka x10","p":5.24,"u":"32,75 €/KG","img":"https://fd2-photos.leclercdrive.fr/image.ashx?id=2944461&use=l&cat=p&typeid=i","cat":293240},{"id":274421,"n":"Compotes Pom'Potes Pomme  Poire Banane - x4 - 360g","p":2.17,"u":"6,03 €/KG","img":"https://fd2-photos.leclercdrive.fr/image.ashx?id=2949826&use=l&cat=p&typeid=i","cat":284508},{"id":274424,"n":"Compotes Pom-Potes Pomme Pêche  Poire Framboise - x12 - 1.08kg","p":5.83,"u":"5,40 €/KG","img":"https://fd2-photos.leclercdrive.fr/image.ashx?id=3010966&use=l&cat=p&typeid=i","cat":284508},{"id":274427,"n":"Compotes Pom'Potes Pomme Pêche  Pamplemousse - x4 - 360g","p":2.24,"u":"6,22 €/KG","img":"https://fd2-photos.leclercdrive.fr/image.ashx?id=3010918&use=l&cat=p&typeid=i","cat":284508},{"id":274430,"n":"Compotes Pom'Potes Les P'tits Explorateurs - x20 - 1.8kg","p":8.31,"u":"4,62 €/KG","img":"https://fd2-photos.leclercdrive.fr/image.ashx?id=2943825&use=l&cat=p&typeid=i","cat":284508},{"id":274505,"n":"Yaourt à la Grecque Danone Vanille -4x110g","p":2.22,"u":"5,05 €/KG","img":"https://fd2-photos.leclercdrive.fr/image.ashx?id=2992738&use=l&cat=p&typeid=i","cat":314999},{"id":274506,"n":"Yaourt à la Grecque Danone Nature  - 4x110g","p":1.72,"u":"3,91 €/KG","img":"https://fd2-photos.leclercdrive.fr/image.ashx?id=2992732&use=l&cat=p&typeid=i","cat":314999},{"id":274526,"n":"Capsules lave-vaisselle Finish Ultimate Plus - Citron - 573g","p":11.88,"pp":7.13,"u":"12,44 €/KG","img":"https://fd2-photos.leclercdrive.fr/image.ashx?id=2945646&use=l&cat=p&typeid=i","cat":284656},{"id":274528,"n":"Capsules lave-vaisselle Finish Quantum - Citron - 707g x68","p":11.88,"pp":7.13,"u":"10,08 €/KG","img":"https://fd2-photos.leclercdrive.fr/image.ashx?id=2945643&use=l&cat=p&typeid=i","cat":284656},{"id":274530,"n":"Capsules lave-vaisselle Finish Ultimate - Citron - 735g x57","p":11.88,"pp":7.13,"u":"9,70 €/KG","img":"https://fd2-photos.leclercdrive.fr/image.ashx?id=2945649&use=l&cat=p&typeid=i","cat":284656},{"id":274531,"n":"Capsules lave-vaisselle Finish Ultimate Plus Bicarbonate 268g","p":6.59,"u":"24,59 €/KG","img":"https://fd2-photos.leclercdrive.fr/image.ashx?id=2945652&use=l&cat=p&typeid=i","cat":284656},{"id":274541,"n":"Yaourt à la Grecque Danone Stracciatella - 4x110g","p":2.22,"u":"5,05 €/KG","img":"https://fd2-photos.leclercdrive.fr/image.ashx?id=2992735&use=l&cat=p&typeid=i","cat":314999},{"id":274550,"n":"Recharge diffuseur électrique Airwick - Cerisier - 19ml","p":4.6,"u":"242,11 €/L","img":"https://fd2-photos.leclercdrive.fr/image.ashx?id=2945832&use=l&cat=p&typeid=i","cat":311629},{"id":274554,"n":"Yaourt à la Grecque Danone Citron - 4x110g","p":2.21,"u":"5,02 €/KG","img":"https://fd2-photos.leclercdrive.fr/image.ashx?id=2992744&use=l&cat=p&typeid=i","cat":314999},{"id":274555,"n":"Yaourt à la Grecque Danone Caramel - 4x110g","p":2.47,"u":"5,61 €/KG","img":"https://fd2-photos.leclercdrive.fr/image.ashx?id=2992741&use=l&cat=p&typeid=i","cat":314999},{"id":274559,"n":"Yaourt à la Grecque Danone Coco - 4x110g","p":2.43,"u":"5,52 €/KG","img":"https://fd2-photos.leclercdrive.fr/image.ashx?id=3010990&use=l&cat=p&typeid=i","cat":314999},{"id":274571,"n":"Skyr protéiné Danone nature 0% MG - 825g","p":4.71,"u":"5,71 €/KG","img":"https://fd2-photos.leclercdrive.fr/image.ashx?id=2951028&use=l&cat=p&typeid=i","cat":315000},{"id":274596,"n":"Danone Skyr nature  x8 - 800g","p":3.16,"u":"3,95 €/KG","img":"https://fd2-photos.leclercdrive.fr/image.ashx?id=2960657&use=l&cat=p&typeid=i","cat":315000},{"id":274977,"n":"Lingettes Carolin Multi-usages  x80","p":3.55,"u":"0,04 €/P","img":"https://fd2-photos.leclercdrive.fr/image.ashx?id=2946562&use=l&cat=p&typeid=i","cat":325358},{"id":274994,"n":"Lames Wilkinson  The face Groomer - x4","p":14.61,"u":"3,65 €/P","img":"https://fd2-photos.leclercdrive.fr/image.ashx?id=2946619&use=l&cat=p&typeid=i","cat":284616},{"id":275019,"n":"Pain Pinsa La Boulangère 230g","p":3.0,"u":"13,04 €/KG","img":"https://fd2-photos.leclercdrive.fr/image.ashx?id=2946607&use=l&cat=p&typeid=i","cat":284359},{"id":275029,"n":"Lames de rasoir Wilkinson Double edge blades x10","p":2.87,"img":"https://fd2-photos.leclercdrive.fr/image.ashx?id=2946724&use=l&cat=p&typeid=i","cat":284616},{"id":275039,"n":"Rasoir Wilkinson +5 lames","p":24.31,"img":"https://fd2-photos.leclercdrive.fr/image.ashx?id=2946721&use=l&cat=p&typeid=i","cat":284616},{"id":275203,"n":"Dessert lacté Ptit gourmand  Caramel - 4x10gg","p":1.6,"u":"4,00 €/KG","img":"https://fd2-photos.leclercdrive.fr/image.ashx?id=2978191&use=l&cat=p&typeid=i","cat":312392},{"id":275204,"n":"Semoule au lait P'tit gourmand 4x100g","p":1.6,"u":"4,00 €/KG","img":"https://fd2-photos.leclercdrive.fr/image.ashx?id=2978194&use=l&cat=p&typeid=i","cat":312392},{"id":275205,"n":"Dessert lacté P'tit Gourmand 4x100g","p":1.6,"u":"4,00 €/KG","img":"https://fd2-photos.leclercdrive.fr/image.ashx?id=2978197&use=l&cat=p&typeid=i","cat":312392},{"id":275207,"n":"Lait-sérum Nivea Corps raffermissant Q10 200ml","p":10.62,"u":"53,10 €/L","img":"https://fd2-photos.leclercdrive.fr/image.ashx?id=2947156&use=l&cat=p&typeid=i","cat":325349},{"id":275209,"n":"Sérum visage Nivea Luminous 360 Skin Glow Eclat immédiat - 30ml","p":17.71,"u":"590,33 €/L","img":"https://fd2-photos.leclercdrive.fr/image.ashx?id=2977660&use=l&cat=p&typeid=i","cat":325345},{"id":275210,"n":"Crème visage homme Hydratante Peaux sensibles 50ml","p":12.52,"u":"250,40 €/L","img":"https://fd2-photos.leclercdrive.fr/image.ashx?id=2947298&use=l&cat=p&typeid=i","cat":284622},{"id":275211,"n":"Soin visage fluide Nivea Anti-UV Quotidien FPS50+ 30ml","p":21.16,"u":"705,33 €/L","img":"https://fd2-photos.leclercdrive.fr/image.ashx?id=3000827&use=l&cat=p&typeid=i","cat":325345},{"id":275212,"n":"Sérum visage Nivea Eclat vitamine C - 30ml","p":22.1,"u":"736,67 €/L","img":"https://fd2-photos.leclercdrive.fr/image.ashx?id=3000824&use=l&cat=p&typeid=i","cat":325345},{"id":275213,"n":"Soin visage fluide Nivea Anti-UV Glycostop Q10 40ml","p":15.89,"u":"397,25 €/L","img":"https://fd2-photos.leclercdrive.fr/image.ashx?id=3000830&use=l&cat=p&typeid=i","cat":325345},{"id":275214,"n":"Curry  pois chiches Cassegrain A l'indienne - 430g","p":2.85,"u":"6,63 €/KG","img":"https://fd2-photos.leclercdrive.fr/image.ashx?id=2952490&use=l&cat=p&typeid=i","cat":287599},{"id":275216,"n":"Crème hydratante Nivea Fraîcheur - 200ml","p":7.07,"u":"35,35 €/L","img":"https://fd2-photos.leclercdrive.fr/image.ashx?id=2947159&use=l&cat=p&typeid=i","cat":325350},{"id":275217,"n":"Crème visage jour Nivea Anti-âge repulpant SPF30 50ml","p":12.99,"u":"259,80 €/L","img":"https://fd2-photos.leclercdrive.fr/image.ashx?id=3000815&use=l&cat=p&typeid=i","cat":325345},{"id":275222,"n":"Trio de poivrons Cassegrain Sarrasin - 375g","p":3.7,"u":"9,87 €/KG","img":"https://fd2-photos.leclercdrive.fr/image.ashx?id=2953459&use=l&cat=p&typeid=i","cat":287599},{"id":275225,"n":"Barre de céréales Chocapic 8x25g","p":2.86,"u":"14,30 €/KG","img":"https://fd2-photos.leclercdrive.fr/image.ashx?id=2947198&use=l&cat=p&typeid=i","cat":285869},{"id":275236,"n":"Lingettes Carolin  Anti-bactériennes  - x80","p":3.32,"u":"0,04 €/P","img":"https://fd2-photos.leclercdrive.fr/image.ashx?id=2946964&use=l&cat=p&typeid=i","cat":325358},{"id":275238,"n":"Lingettes Carolin  Anti-bactériennes - x80","p":3.21,"u":"0,04 €/P","img":"https://fd2-photos.leclercdrive.fr/image.ashx?id=2946967&use=l&cat=p&typeid=i","cat":325358},{"id":275240,"n":"Lingettes Carolin Citron Ultra dégraissant - x80","p":3.6,"u":"0,05 €/P","img":"https://fd2-photos.leclercdrive.fr/image.ashx?id=2946976&use=l&cat=p&typeid=i","cat":325358},{"id":275244,"n":"Dentifrice Sensodyne  Sensibilité et gencives -75ml","p":4.63,"u":"61,73 €/L","img":"https://fd2-photos.leclercdrive.fr/image.ashx?id=2947180&use=l&cat=p&typeid=i","cat":284612},{"id":275245,"n":"Dentifrice Sensodyne Blancheur - 75ml","p":5.24,"u":"69,87 €/L","img":"https://fd2-photos.leclercdrive.fr/image.ashx?id=2947183&use=l&cat=p&typeid=i","cat":284612},{"id":275260,"n":"Déodorant spray Sanex Aloe vera Bio Sensitive - 200ml","p":4.21,"u":"21,05 €/L","img":"https://fd2-photos.leclercdrive.fr/image.ashx?id=2948537&use=l&cat=p&typeid=i","cat":284595},{"id":275352,"n":"Déodorant bille bio Sanex Bambou Fresh - 50ml","p":3.52,"u":"70,40 €/L","img":"https://fd2-photos.leclercdrive.fr/image.ashx?id=2949088&use=l&cat=p&typeid=i","cat":284595},{"id":275353,"n":"Déodorant bille Sanex Minéral efficacité - 50ml","p":3.87,"u":"77,40 €/L","img":"https://fd2-photos.leclercdrive.fr/image.ashx?id=2949091&use=l&cat=p&typeid=i","cat":284595},{"id":275398,"n":"Saucisse Knacki Herta Sel réduit - x6 - 210g","p":2.82,"u":"13,43 €/KG","img":"https://fd2-photos.leclercdrive.fr/image.ashx?id=2948824&use=l&cat=p&typeid=i","cat":316012},{"id":275401,"n":"Knacki Gourmande Herta  100% pur porc x4 - 280g","p":2.48,"u":"8,86 €/KG","img":"https://fd2-photos.leclercdrive.fr/image.ashx?id=2948827&use=l&cat=p&typeid=i","cat":316012},{"id":275506,"n":"Lait Le Petit Marseillais Nutrition Amande Argan 250ml","p":4.14,"u":"16,56 €/L","img":"https://fd2-photos.leclercdrive.fr/image.ashx?id=2950330&use=l&cat=p&typeid=i","cat":325349},{"id":275507,"n":"Lait Le Petit Marseillais Nutrition Argan 400ml","p":4.82,"u":"12,05 €/L","img":"https://fd2-photos.leclercdrive.fr/image.ashx?id=2950333&use=l&cat=p&typeid=i","cat":325349},{"id":275509,"n":"Shampooing Dessange Couleur - 280ml","p":4.99,"u":"17,82 €/L","img":"https://fd2-photos.leclercdrive.fr/image.ashx?id=2955405&use=l&cat=p&typeid=i","cat":284606},{"id":275526,"n":"Lait de brushing Dessange Hydratant - 140ml","p":9.49,"u":"67,79 €/L","img":"https://fd2-photos.leclercdrive.fr/image.ashx?id=2955387&use=l&cat=p&typeid=i","cat":284608},{"id":275613,"n":"Lait hydratant Noix de coco Bio 400ml","p":4.96,"u":"12,40 €/L","img":"https://fd2-photos.leclercdrive.fr/image.ashx?id=2950327&use=l&cat=p&typeid=i","cat":325349},{"id":275614,"n":"Lait apaisant hydratation Aloe vera Bio - 400ml","p":4.96,"u":"12,40 €/L","img":"https://fd2-photos.leclercdrive.fr/image.ashx?id=2949535&use=l&cat=p&typeid=i","cat":325349},{"id":275617,"n":"Gel douche Ushuaïa Orchidée - 280ml","p":2.66,"u":"9,50 €/L","img":"https://fd2-photos.leclercdrive.fr/image.ashx?id=2949541&use=l&cat=p&typeid=i","cat":284594},{"id":275619,"n":"Crème de douche Ushuaïa Lait de coco - 280ml","p":2.67,"u":"9,54 €/L","img":"https://fd2-photos.leclercdrive.fr/image.ashx?id=2949553&use=l&cat=p&typeid=i","cat":284594},{"id":275659,"n":"Soin visage Garnier BHA+ Niacinamide SPF50+ - 40ml","p":9.97,"u":"249,25 €/L","img":"https://fd2-photos.leclercdrive.fr/image.ashx?id=3000797&use=l&cat=p&typeid=i","cat":325345},{"id":275662,"n":"Soin hydratant Garnier Hyaluron Liquide quotidien - 120ml","p":10.88,"u":"90,67 €/L","img":"https://fd2-photos.leclercdrive.fr/image.ashx?id=2986654&use=l&cat=p&typeid=i","cat":325345},{"id":275663,"n":"Lotion exfoliante Garnier Salicylique - 120ml","p":8.8,"u":"73,33 €/L","img":"https://fd2-photos.leclercdrive.fr/image.ashx?id=2954253&use=l&cat=p&typeid=i","cat":325346},{"id":275665,"n":"Fluide Garnier hyaluronique Anti-uv quotidien SPF50+ 40ml","p":12.03,"u":"300,75 €/L","img":"https://fd2-photos.leclercdrive.fr/image.ashx?id=2954256&use=l&cat=p&typeid=i","cat":325345},{"id":275666,"n":"Dentifrice Sanogyl Multiprotection Gencives 75ml","p":4.58,"u":"61,07 €/L","img":"https://fd2-photos.leclercdrive.fr/image.ashx?id=2950204&use=l&cat=p&typeid=i","cat":284612},{"id":275668,"n":"Dentifrice Sanogyl Multiprotection blancheur 75ml","p":4.65,"u":"62,00 €/L","img":"https://fd2-photos.leclercdrive.fr/image.ashx?id=2950207&use=l&cat=p&typeid=i","cat":284612},{"id":275669,"n":"Dentifrice Sanogyl Soin global - 75ml","p":3.46,"u":"46,13 €/L","img":"https://fd2-photos.leclercdrive.fr/image.ashx?id=2950201&use=l&cat=p&typeid=i","cat":284612},{"id":275673,"n":"Dentifrice Sanogyl Soin blancheur - 75ml","p":2.91,"u":"38,80 €/L","img":"https://fd2-photos.leclercdrive.fr/image.ashx?id=2950198&use=l&cat=p&typeid=i","cat":284612},{"id":275682,"n":"Eau micellaire Garnier SkinActive - 400ml","p":5.26,"u":"13,15 €/L","img":"https://fd2-photos.leclercdrive.fr/image.ashx?id=2954262&use=l&cat=p&typeid=i","cat":284603},{"id":275683,"n":"Shampooing Dessange Âge sublime - 280ml","p":3.63,"u":"12,96 €/L","img":"https://fd2-photos.leclercdrive.fr/image.ashx?id=3011578&use=l&cat=p&typeid=i","cat":284606},{"id":275684,"n":"Shampooing Dessange Hydra brush - 280ml","p":4.99,"u":"17,82 €/L","img":"https://fd2-photos.leclercdrive.fr/image.ashx?id=2955402&use=l&cat=p&typeid=i","cat":284606},{"id":275685,"n":"Shampooing Dessange Nutri-riche - 280ml","p":3.63,"u":"12,96 €/L","img":"https://fd2-photos.leclercdrive.fr/image.ashx?id=2955408&use=l&cat=p&typeid=i","cat":284606},{"id":275692,"n":"Dentifrice Sensodyne Nettoyage intense - 75ml","p":6.92,"u":"92,27 €/L","img":"https://fd2-photos.leclercdrive.fr/image.ashx?id=2998047&use=l&cat=p&typeid=i","cat":284612},{"id":275695,"n":"Dentifrice Sensodyne Rapide Action extra-fresh - 75ml","p":4.9,"u":"65,33 €/L","img":"https://fd2-photos.leclercdrive.fr/image.ashx?id=2950717&use=l&cat=p&typeid=i","cat":284612},{"id":275706,"n":"Dentifrice Sensodyne Multi-protection Blancheur 75ml","p":4.45,"u":"59,33 €/L","img":"https://fd2-photos.leclercdrive.fr/image.ashx?id=2950723&use=l&cat=p&typeid=i","cat":284612},{"id":275708,"n":"Dentifrice Sensodyne Sensibilité Gencives Email 75ml","p":5.24,"u":"69,87 €/L","img":"https://fd2-photos.leclercdrive.fr/image.ashx?id=2950720&use=l&cat=p&typeid=i","cat":284612},{"id":276027,"n":"Spray nettoyant Cillit Bang  Expert Javel Familial - 1L","p":3.64,"u":"3,64 €/L","img":"https://fd2-photos.leclercdrive.fr/image.ashx?id=2950384&use=l&cat=p&typeid=i","cat":325357},{"id":276028,"n":"Spray nettoyant Cillit Bang Expert crasse & calcaire - 1L","p":3.62,"u":"3,62 €/L","img":"https://fd2-photos.leclercdrive.fr/image.ashx?id=2950390&use=l&cat=p&typeid=i","cat":325357},{"id":276029,"n":"Spray nettoyant Cillit Bang  Expert Dégraissant Familial 1L","p":3.64,"u":"3,64 €/L","img":"https://fd2-photos.leclercdrive.fr/image.ashx?id=2950387&use=l&cat=p&typeid=i","cat":325357},{"id":276030,"n":"Spray nettoyant Cillit Bang  Expert Anti-moisissures - 1L","p":3.64,"u":"3,64 €/L","img":"https://fd2-photos.leclercdrive.fr/image.ashx?id=2950381&use=l&cat=p&typeid=i","cat":325357},{"id":276126,"n":"Whisky Jack Daniel's Bonded 70cL","p":33.9,"pp":29.9,"u":"42,71 €/L","img":"https://fd2-photos.leclercdrive.fr/image.ashx?id=2952001&use=l&cat=p&typeid=i","cat":284547},{"id":276258,"n":"Jambon Le Bon Paris Herta Sel réduit sans nitrite 8T - 280g","p":4.68,"u":"16,71 €/KG","img":"https://fd2-photos.leclercdrive.fr/image.ashx?id=2951764&use=l&cat=p&typeid=i","cat":316009},{"id":276283,"n":"Mini cookies Delichoc 120g","p":2.27,"u":"18,92 €/KG","img":"https://fd2-photos.leclercdrive.fr/image.ashx?id=2952517&use=l&cat=p&typeid=i","cat":284488},{"id":276550,"n":"Biscuit sésame GERBLE - 5x4 220g","p":1.52,"u":"6,91 €/KG","img":"https://fd2-photos.leclercdrive.fr/image.ashx?id=2953803&use=l&cat=p&typeid=i","cat":318651},{"id":276946,"n":"Badoit bulles de fruits  Pamplemousse - 6x33cl","p":3.5,"u":"1,77 €/L","img":"https://fd2-photos.leclercdrive.fr/image.ashx?id=2954208&use=l&cat=p&typeid=i","cat":284537},{"id":276947,"n":"Badoit bulles de fruits  Fruits rouges - 6x33cl","p":3.56,"u":"1,80 €/L","img":"https://fd2-photos.leclercdrive.fr/image.ashx?id=2954205&use=l&cat=p&typeid=i","cat":284537},{"id":276948,"n":"Badoit bulles de fruits  Citron et citron vert - 6x33cl","p":3.56,"u":"1,80 €/L","img":"https://fd2-photos.leclercdrive.fr/image.ashx?id=2954202&use=l&cat=p&typeid=i","cat":284537},{"id":277473,"n":"Kéfir Yaourt Activia Fraise, framboise - 2x150g","p":2.18,"u":"7,27 €/KG","img":"https://fd2-photos.leclercdrive.fr/image.ashx?id=2972388&use=l&cat=p&typeid=i","cat":315000},{"id":277474,"n":"Kéfir Yaourt Activia nature - 2x150g","p":2.27,"u":"7,57 €/KG","img":"https://fd2-photos.leclercdrive.fr/image.ashx?id=2972385&use=l&cat=p&typeid=i","cat":315000},{"id":277476,"n":"Activia Kéfir Nature 345g","p":2.29,"u":"6,64 €/KG","img":"https://fd2-photos.leclercdrive.fr/image.ashx?id=2966164&use=l&cat=p&typeid=i","cat":315000},{"id":277478,"n":"Liégeois Pâtissier Danette  Paris Brest 4x90g","p":2.27,"u":"6,31 €/KG","img":"https://fd2-photos.leclercdrive.fr/image.ashx?id=2965930&use=l&cat=p&typeid=i","cat":285042},{"id":277479,"n":"Liégeois Pâtissier Danette Framboisier 4x90g","p":2.24,"u":"6,22 €/KG","img":"https://fd2-photos.leclercdrive.fr/image.ashx?id=2965924&use=l&cat=p&typeid=i","cat":285042},{"id":277480,"n":"Liégeois Pâtissier Danette Tiramisu 4x90g","p":2.27,"u":"6,31 €/KG","img":"https://fd2-photos.leclercdrive.fr/image.ashx?id=2965927&use=l&cat=p&typeid=i","cat":285042},{"id":277483,"n":"Skyr nature Danone 0% MG - 450g","p":2.0,"u":"4,44 €/KG","img":"https://fd2-photos.leclercdrive.fr/image.ashx?id=2966279&use=l&cat=p&typeid=i","cat":284409},{"id":277484,"n":"Danone Skyr fraise 4x100g","p":2.13,"u":"5,33 €/KG","img":"https://fd2-photos.leclercdrive.fr/image.ashx?id=2965903&use=l&cat=p&typeid=i","cat":315000},{"id":277485,"n":"Danone Skyr fruits jaunes 4x100g","p":2.15,"u":"5,38 €/KG","img":"https://fd2-photos.leclercdrive.fr/image.ashx?id=2965906&use=l&cat=p&typeid=i","cat":315000},{"id":277493,"n":"Yaourt protéiné Hipro nature 480g","p":2.92,"u":"6,08 €/KG","img":"https://fd2-photos.leclercdrive.fr/image.ashx?id=2965945&use=l&cat=p&typeid=i","cat":284409},{"id":277592,"n":"Shampooing Dessange Blond californien - 280ml","p":4.86,"u":"17,36 €/L","img":"https://fd2-photos.leclercdrive.fr/image.ashx?id=2957941&use=l&cat=p&typeid=i","cat":284606},{"id":277593,"n":"Shampooing bleu Dessange Blond californien - 280ml","p":4.99,"u":"17,82 €/L","img":"https://fd2-photos.leclercdrive.fr/image.ashx?id=2957938&use=l&cat=p&typeid=i","cat":284606},{"id":277594,"n":"Soin patine Dessange Blond californien - 140ml","p":9.4,"u":"67,14 €/L","img":"https://fd2-photos.leclercdrive.fr/image.ashx?id=2957932&use=l&cat=p&typeid=i","cat":284608},{"id":277595,"n":"Gel douche Ushuaïa Agrumes verts - 280ml","p":2.47,"u":"8,82 €/L","img":"https://fd2-photos.leclercdrive.fr/image.ashx?id=2974399&use=l&cat=p&typeid=i","cat":284594},{"id":277625,"n":"Gel douche Ushuaïa Fleur d'oranger - 280ml","p":4.6,"u":"16,43 €/L","img":"https://fd2-photos.leclercdrive.fr/image.ashx?id=2957926&use=l&cat=p&typeid=i","cat":284594},{"id":277627,"n":"Gel douche Ushuaïa Coco - 280ml","p":4.6,"u":"16,43 €/L","img":"https://fd2-photos.leclercdrive.fr/image.ashx?id=3000264&use=l&cat=p&typeid=i","cat":284594},{"id":277847,"n":"Camembert Pops creamy Pickers Pickers by McCain - 230g","p":3.68,"u":"16,00 €/KG","img":"https://fd2-photos.leclercdrive.fr/image.ashx?id=2988731&use=l&cat=p&typeid=i","cat":319774},{"id":278030,"n":"Kiwi vert Eco+ Barquette 750g","p":2.99,"u":"3,99 €/KG","img":"https://fd2-photos.leclercdrive.fr/image.ashx?id=2957614&use=l&cat=p&typeid=i","cat":284356},{"id":278570,"n":"Lessive liquide Le Chat  L'expert Bicarbonate - 1,8L","p":10.0,"u":"5,56 €/L","img":"https://fd2-photos.leclercdrive.fr/image.ashx?id=2962290&use=l&cat=p&typeid=i","cat":284640},{"id":278725,"n":"Saucisses knacki Herta Sel réduit x4 - 140g","p":1.72,"u":"12,29 €/KG","img":"https://fd2-photos.leclercdrive.fr/image.ashx?id=2965016&use=l&cat=p&typeid=i","cat":316012},{"id":278729,"n":"Croque-Monsieur Herta Maxi Mozzarella x2 - 310g","p":2.59,"u":"8,35 €/KG","img":"https://fd2-photos.leclercdrive.fr/image.ashx?id=2965013&use=l&cat=p&typeid=i","cat":333671},{"id":279003,"n":"Apéri'chaud Richesmonts 140g","p":2.41,"u":"17,21 €/KG","img":"https://fd2-photos.leclercdrive.fr/image.ashx?id=2990484&use=l&cat=p&typeid=i","cat":314027},{"id":279009,"n":"Fromage à tartiner Tartare  Ail & fines herbes 90g","p":1.37,"u":"15,22 €/KG","img":"https://fd2-photos.leclercdrive.fr/image.ashx?id=2967130&use=l&cat=p&typeid=i","cat":314029},{"id":279027,"n":"Cheddar râpé British Heritage Extra mature 12 mois - 150g","p":2.95,"u":"19,67 €/KG","img":"https://fd2-photos.leclercdrive.fr/image.ashx?id=2968418&use=l&cat=p&typeid=i","cat":314035},{"id":279032,"n":"Gel douche Ushuaia Gingembre - 280ml","p":2.67,"u":"9,54 €/L","img":"https://fd2-photos.leclercdrive.fr/image.ashx?id=2968337&use=l&cat=p&typeid=i","cat":284594},{"id":279046,"n":"Lait coprs Le Petit Marseillais L'Original - 250ml","p":3.92,"u":"15,68 €/L","img":"https://fd2-photos.leclercdrive.fr/image.ashx?id=2966581&use=l&cat=p&typeid=i","cat":325349},{"id":279047,"n":"Dentifrice Sanogyl Soin duo sensibilité - 75ml","p":3.53,"u":"47,07 €/L","img":"https://fd2-photos.leclercdrive.fr/image.ashx?id=2966575&use=l&cat=p&typeid=i","cat":284612},{"id":279257,"n":"Macaroni tomate mozza Panzani - 400g","p":2.36,"u":"5,90 €/KG","img":"https://fd2-photos.leclercdrive.fr/image.ashx?id=2968211&use=l&cat=p&typeid=i","cat":284442},{"id":279403,"n":"Macaroni cheese Panzani - 400g","p":2.46,"u":"6,15 €/KG","img":"https://fd2-photos.leclercdrive.fr/image.ashx?id=2967762&use=l&cat=p&typeid=i","cat":284442},{"id":279412,"n":"Spaghetti carbonara Panzani - 400g","p":2.47,"u":"6,18 €/KG","img":"https://fd2-photos.leclercdrive.fr/image.ashx?id=2967759&use=l&cat=p&typeid=i","cat":284442},{"id":279680,"n":"Spaghetti carbonara Panzani 800g","p":3.95,"u":"4,94 €/KG","img":"https://fd2-photos.leclercdrive.fr/image.ashx?id=2970957&use=l&cat=p&typeid=i","cat":284442},{"id":279682,"n":"Macaroni tomate Panzani 800g","p":3.91,"u":"4,89 €/KG","img":"https://fd2-photos.leclercdrive.fr/image.ashx?id=2970960&use=l&cat=p&typeid=i","cat":284442},{"id":279683,"n":"Barre de céréales Nesquick 8x25g","p":2.86,"u":"14,30 €/KG","img":"https://fd2-photos.leclercdrive.fr/image.ashx?id=2971350&use=l&cat=p&typeid=i","cat":300032},{"id":280025,"n":"Recharge gel lavant mains Le Petit Marseillais Olive 500ml","p":3.17,"u":"6,34 €/L","img":"https://fd2-photos.leclercdrive.fr/image.ashx?id=2985336&use=l&cat=p&typeid=i","cat":284597},{"id":280032,"n":"Gel lavant mains antibactérien Huile essentielle - 500ml","p":3.26,"u":"6,52 €/L","img":"https://fd2-photos.leclercdrive.fr/image.ashx?id=2971143&use=l&cat=p&typeid=i","cat":284597},{"id":280033,"n":"Dentifrice Sanogyl Haleine fraîche - 75ml","p":4.71,"u":"62,80 €/L","img":"https://fd2-photos.leclercdrive.fr/image.ashx?id=2971050&use=l&cat=p&typeid=i","cat":284612},{"id":280035,"n":"Nettoyant gel La Croix Multi-usage Citron - 750ml","p":1.93,"u":"2,57 €/L","img":"https://fd2-photos.leclercdrive.fr/image.ashx?id=2971455&use=l&cat=p&typeid=i","cat":325357},{"id":280072,"n":"Brosse à dents souples Eco + Bleu et vert - x2","p":0.23,"u":"0,12 €/P","img":"https://fd2-photos.leclercdrive.fr/image.ashx?id=2971533&use=l&cat=p&typeid=i","cat":284614},{"id":280073,"n":"Brosse à dents souples Eco + Rose et Beige - x2","p":0.23,"u":"0,12 €/P","img":"https://fd2-photos.leclercdrive.fr/image.ashx?id=2971536&use=l&cat=p&typeid=i","cat":284614},{"id":280089,"n":"Crème dessert Danette Saveur Snickers - 4x90g","p":2.47,"u":"6,86 €/KG","img":"https://fd2-photos.leclercdrive.fr/image.ashx?id=2971918&use=l&cat=p&typeid=i","cat":285041},{"id":280091,"n":"Crème dessert Danette Saveur Mars - 4x90g","p":1.72,"u":"4,78 €/KG","img":"https://fd2-photos.leclercdrive.fr/image.ashx?id=2971921&use=l&cat=p&typeid=i","cat":285041},{"id":280092,"n":"Crème dessert Danette Saveur Twix - 4x90g","p":1.72,"u":"4,78 €/KG","img":"https://fd2-photos.leclercdrive.fr/image.ashx?id=2971924&use=l&cat=p&typeid=i","cat":285041},{"id":280270,"n":"Dessert lacté Vanille Blédina dès 6 mois Mini Lactés - 6x55g","p":2.0,"u":"36,36 €/KG","img":"https://fd2-photos.leclercdrive.fr/image.ashx?id=2972862&use=l&cat=p&typeid=i","cat":312392},{"id":280276,"n":"Dessert lacté Fruits Blédina dès 6 mois Mini Lactés - 12x55g","p":4.81,"u":"7,29 €/KG","img":"https://fd2-photos.leclercdrive.fr/image.ashx?id=2972865&use=l&cat=p&typeid=i","cat":312392},{"id":280409,"n":"Madeleines St Michel nature moins 30% de sucre x20 - 500g","p":3.74,"u":"7,48 €/KG","img":"https://fd2-photos.leclercdrive.fr/image.ashx?id=2990487&use=l&cat=p&typeid=i","cat":284492},{"id":280418,"n":"Dessert lacté Nature Blédina dès 6 mois - 4x95g","p":1.9,"u":"5,00 €/KG","img":"https://fd2-photos.leclercdrive.fr/image.ashx?id=2972868&use=l&cat=p&typeid=i","cat":312392},{"id":280419,"n":"Dessert lacté Fraise Blédina dès 6 mois - 4x95g","p":2.04,"u":"5,37 €/KG","img":"https://fd2-photos.leclercdrive.fr/image.ashx?id=2972871&use=l&cat=p&typeid=i","cat":312392},{"id":280420,"n":"Dessert lacté Blédina Vanille dès 6 mois - 4x95g","p":1.91,"u":"5,03 €/KG","img":"https://fd2-photos.leclercdrive.fr/image.ashx?id=2972874&use=l&cat=p&typeid=i","cat":312392},{"id":280425,"n":"Dessert lacté Blédina Mangue Pêche dès 6 mois - 4x95g","p":2.04,"u":"5,37 €/KG","img":"https://fd2-photos.leclercdrive.fr/image.ashx?id=2972877&use=l&cat=p&typeid=i","cat":312392},{"id":280474,"n":"Gnocchi à poêler Lustucru Extra moelleux 300g","p":1.97,"u":"6,57 €/KG","img":"https://fd2-photos.leclercdrive.fr/image.ashx?id=2973655&use=l&cat=p&typeid=i","cat":333682},{"id":280483,"n":"Gnocchi à poêler Lustucru Extra chorizo 280g","p":2.47,"u":"8,82 €/KG","img":"https://fd2-photos.leclercdrive.fr/image.ashx?id=2973646&use=l&cat=p&typeid=i","cat":333682},{"id":280487,"n":"Gnocchi à poêler Lustucru star 500g","p":2.96,"u":"5,92 €/KG","img":"https://fd2-photos.leclercdrive.fr/image.ashx?id=2973637&use=l&cat=p&typeid=i","cat":333682},{"id":280488,"n":"Girasoli Lustucru  Extra raclette 250g","p":2.9,"u":"11,60 €/KG","img":"https://fd2-photos.leclercdrive.fr/image.ashx?id=2973640&use=l&cat=p&typeid=i","cat":333682},{"id":280610,"n":"Lait corps Nivea Repair & care - 250ml","p":4.48,"pp":2.96,"u":"11,84 €/L","img":"https://fd2-photos.leclercdrive.fr/image.ashx?id=2974435&use=l&cat=p&typeid=i","cat":325349},{"id":280611,"n":"Lait corps Nivea Hydratant - Peaux sèches 250ml","p":3.64,"u":"14,56 €/L","img":"https://fd2-photos.leclercdrive.fr/image.ashx?id=2974438&use=l&cat=p&typeid=i","cat":325349},{"id":280613,"n":"Lait corps fermeté Nivea Hydratant Q10 +Vitamine C 400ml","p":5.9,"u":"14,75 €/L","img":"https://fd2-photos.leclercdrive.fr/image.ashx?id=2974432&use=l&cat=p&typeid=i","cat":325349},{"id":280690,"n":"Mayonnaise Benedicta 640g","p":3.31,"u":"5,17 €/KG","img":"https://fd2-photos.leclercdrive.fr/image.ashx?id=2974414&use=l&cat=p&typeid=i","cat":298295},{"id":280717,"n":"Chocolat Lindt Excellence Fusion sel Noir 85% & Lait-100g","p":3.49,"u":"34,90 €/KG","img":"https://fd2-photos.leclercdrive.fr/image.ashx?id=2975810&use=l&cat=p&typeid=i","cat":284956},{"id":280746,"n":"Chocolat Lindt Excellence  Fusion Noir 70% & Lait - 100g","p":3.49,"u":"34,90 €/KG","img":"https://fd2-photos.leclercdrive.fr/image.ashx?id=2975819&use=l&cat=p&typeid=i","cat":284958},{"id":280750,"n":"Chocolat Lindt Excellence Fusion Noir 70% & Blanc - 100g","p":3.49,"u":"34,90 €/KG","img":"https://fd2-photos.leclercdrive.fr/image.ashx?id=2975822&use=l&cat=p&typeid=i","cat":284956},{"id":280777,"n":"Préparation Banana Bread Vahiné 300g","p":3.76,"u":"12,53 €/KG","img":"https://fd2-photos.leclercdrive.fr/image.ashx?id=2975873&use=l&cat=p&typeid=i","cat":284505},{"id":280778,"n":"Ketchup tomato Heinz cornichon - 250g","p":1.9,"u":"7,60 €/KG","img":"https://fd2-photos.leclercdrive.fr/image.ashx?id=2976176&use=l&cat=p&typeid=i","cat":284455},{"id":280782,"n":"Sauce sweet chili Heinz 260g","p":2.06,"u":"7,92 €/KG","img":"https://fd2-photos.leclercdrive.fr/image.ashx?id=2976101&use=l&cat=p&typeid=i","cat":318431},{"id":280783,"n":"Sauce korean barbecue Heinz 265g","p":2.02,"u":"7,62 €/KG","img":"https://fd2-photos.leclercdrive.fr/image.ashx?id=2976137&use=l&cat=p&typeid=i","cat":318431},{"id":280784,"n":"Mayonnaise  Heinz Srirachamix - 400g","p":3.0,"u":"7,50 €/KG","img":"https://fd2-photos.leclercdrive.fr/image.ashx?id=2976140&use=l&cat=p&typeid=i","cat":318431},{"id":280878,"n":"Bowl Bonduelle A la mexicaine - 250g","p":2.85,"u":"11,40 €/KG","img":"https://fd2-photos.leclercdrive.fr/image.ashx?id=2996533&use=l&cat=p&typeid=i","cat":328010},{"id":280905,"n":"Pancakes Pasquier Pépites de chocolat x8 - 280g","p":1.99,"u":"7,11 €/KG","img":"https://fd2-photos.leclercdrive.fr/image.ashx?id=2975921&use=l&cat=p&typeid=i","cat":284495},{"id":280997,"n":"Bowl à l'orientale 250g","p":2.85,"u":"11,40 €/KG","img":"https://fd2-photos.leclercdrive.fr/image.ashx?id=2991921&use=l&cat=p&typeid=i","cat":325094},{"id":281016,"n":"Biscuit pocket BN  Chocolat - 356g","p":2.26,"u":"6,35 €/KG","img":"https://fd2-photos.leclercdrive.fr/image.ashx?id=2975825&use=l&cat=p&typeid=i","cat":284488},{"id":281128,"n":"Lessive X-tra Total 40 lavages","p":7.8,"u":"4,33 €/L","img":"https://fd2-photos.leclercdrive.fr/image.ashx?id=2976788&use=l&cat=p&typeid=i","cat":284640},{"id":281377,"n":"Ketchup Heinz  zéro sel ajouté - 230g","p":1.97,"u":"8,57 €/KG","img":"https://fd2-photos.leclercdrive.fr/image.ashx?id=2978904&use=l&cat=p&typeid=i","cat":284455},{"id":281691,"n":"Pasta' poêlée Bonduelle Gnocchis épinards ricotta 750g","p":3.98,"u":"5,31 €/KG","img":"https://fd2-photos.leclercdrive.fr/image.ashx?id=2979671&use=l&cat=p&typeid=i","cat":319823},{"id":282364,"n":"Ariel grandiose pods couleurs  éclatantes 21lav - 0,762kg","p":12.41,"u":"16,29 €/KG","img":"https://fd2-photos.leclercdrive.fr/image.ashx?id=2985642&use=l&cat=p&typeid=i","cat":284641},{"id":282381,"n":"Serviettes hygièniques Vania Maxi Nuit - x10","p":2.23,"u":"0,22 €/P","img":"https://fd2-photos.leclercdrive.fr/image.ashx?id=2985339&use=l&cat=p&typeid=i","cat":284624},{"id":282426,"n":"Calendrier de l'Avent Chase  - 75g","p":2.21,"u":"29,47 €/KG","img":"https://fd2-photos.leclercdrive.fr/image.ashx?id=2866184&use=l&cat=p&typeid=i","cat":327590},{"id":282427,"n":"Calendrier de l'Avent Stella  - 75g","p":2.21,"u":"29,47 €/KG","img":"https://fd2-photos.leclercdrive.fr/image.ashx?id=2984513&use=l&cat=p&typeid=i","cat":327590},{"id":283263,"n":"Adoucissant dilué Soupline Grand Air - 1500ml","p":4.99,"u":"3,33 €/L","img":"https://fd2-photos.leclercdrive.fr/image.ashx?id=3004450&use=l&cat=p&typeid=i","cat":284650},{"id":283525,"n":"Oranges Eco+ 1.5kg","p":1.99,"u":"1,33 €/KG","img":"https://fd2-photos.leclercdrive.fr/image.ashx?id=2987650&use=l&cat=p&typeid=i","cat":284356},{"id":283534,"n":"Les tranches Fleury Michon Lentilles Corail x6 - 180g","p":3.01,"u":"16,72 €/KG","img":"https://fd2-photos.leclercdrive.fr/image.ashx?id=2988454&use=l&cat=p&typeid=i","cat":316036},{"id":283535,"n":"Les tranches Fleury Michon Haricots rouges x4 - 120g","p":2.14,"u":"17,83 €/KG","img":"https://fd2-photos.leclercdrive.fr/image.ashx?id=3000075&use=l&cat=p&typeid=i","cat":316036},{"id":283542,"n":"Œuf Maxi Kinder surprise Playmobil - 100g","p":6.43,"u":"64,30 €/KG","img":"https://fd2-photos.leclercdrive.fr/image.ashx?id=2940516&use=l&cat=p&typeid=i","cat":284958},{"id":283779,"n":"Lamelles de kebab Côté Croc 750g","p":6.99,"u":"9,32 €/KG","img":"https://fd2-photos.leclercdrive.fr/image.ashx?id=2989027&use=l&cat=p&typeid=i","cat":319780},{"id":284079,"n":"Gel douche soin Nivea Defend Derma control - 250ml","p":2.56,"u":"10,24 €/L","img":"https://fd2-photos.leclercdrive.fr/image.ashx?id=2990910&use=l&cat=p&typeid=i","cat":284594},{"id":284082,"n":"Spray déodorant Nivea Men Derma control sensitive - 200ml","p":4.35,"u":"21,75 €/L","img":"https://fd2-photos.leclercdrive.fr/image.ashx?id=2990925&use=l&cat=p&typeid=i","cat":284618},{"id":284083,"n":"Spray déodorant Nivea Men Defend derma control - 200ml","p":3.75,"u":"18,75 €/L","img":"https://fd2-photos.leclercdrive.fr/image.ashx?id=2990907&use=l&cat=p&typeid=i","cat":284618},{"id":284084,"n":"Spray déodorant Nivea Men Derma control restore - 200ml","p":3.33,"u":"16,65 €/L","img":"https://fd2-photos.leclercdrive.fr/image.ashx?id=2990901&use=l&cat=p&typeid=i","cat":284618},{"id":284087,"n":"Déodorant stick Nivea Men Black & White Invisible - 50ml","p":4.6,"u":"92,00 €/L","img":"https://fd2-photos.leclercdrive.fr/image.ashx?id=2990928&use=l&cat=p&typeid=i","cat":284596},{"id":284088,"n":"Déodorant stick Nivea Men Dry impact - 50ml","p":4.36,"u":"87,20 €/L","img":"https://fd2-photos.leclercdrive.fr/image.ashx?id=2990412&use=l&cat=p&typeid=i","cat":284618},{"id":284090,"n":"Déodorant bille Nivea men Derma control Sensitive - 50ml","p":3.66,"u":"73,20 €/L","img":"https://fd2-photos.leclercdrive.fr/image.ashx?id=2990916&use=l&cat=p&typeid=i","cat":284618},{"id":284095,"n":"Déodorant spray Nivea Men Derma control defend - 200ml","p":3.43,"u":"17,15 €/L","img":"https://fd2-photos.leclercdrive.fr/image.ashx?id=2990904&use=l&cat=p&typeid=i","cat":284618},{"id":284104,"n":"Crème hydratante Nivea Repair & Care - Visage Corps Mains 400ml","p":9.48,"pp":6.26,"u":"15,65 €/L","img":"https://fd2-photos.leclercdrive.fr/image.ashx?id=2990898&use=l&cat=p&typeid=i","cat":325350},{"id":284105,"n":"Déodorant bille Nivea Men Derma control Defend - 50ml","p":3.55,"u":"71,00 €/MT","img":"https://fd2-photos.leclercdrive.fr/image.ashx?id=2990913&use=l&cat=p&typeid=i","cat":284618},{"id":284106,"n":"Déodorant bille Nivea Derma control restore - 50ml","p":3.66,"u":"73,20 €/L","img":"https://fd2-photos.leclercdrive.fr/image.ashx?id=2990919&use=l&cat=p&typeid=i","cat":284618},{"id":284141,"n":"Gateau moelleux savane Brossard Lot de 3 x7 - 840g","p":6.29,"u":"7,49 €/KG","img":"https://fd2-photos.leclercdrive.fr/image.ashx?id=2992149&use=l&cat=p&typeid=i","cat":284495},{"id":284476,"n":"Lait peau déshydratée Le Petit Marseillais Noix de coco -250ml","p":3.86,"u":"15,44 €/L","img":"https://fd2-photos.leclercdrive.fr/image.ashx?id=2992954&use=l&cat=p&typeid=i","cat":325349},{"id":284689,"n":"Boule de Noël Chupa Chups Sucettes et bubble gum 56g","p":3.58,"u":"63,93 €/KG","img":"https://fd2-photos.leclercdrive.fr/image.ashx?id=3009212&use=l&cat=p&typeid=i","cat":327592},{"id":285245,"n":"Riz Comptoir du Grain 3 riz blanc rouge noir 500g","p":1.82,"u":"3,64 €/KG","img":"https://fd2-photos.leclercdrive.fr/image.ashx?id=2995820&use=l&cat=p&typeid=i","cat":284428},{"id":285719,"n":"Masque Elseve huile  Extraordinaire Coco - 2x310ml","p":9.81,"u":"15,82 €/L","img":"https://fd2-photos.leclercdrive.fr/image.ashx?id=2997811&use=l&cat=p&typeid=i","cat":284608},{"id":285723,"n":"Soin sans rincer Elseve  Cheveux longs - 2x200ml","p":10.24,"u":"25,60 €/L","img":"https://fd2-photos.leclercdrive.fr/image.ashx?id=2997814&use=l&cat=p&typeid=i","cat":284608},{"id":285735,"n":"Masque Elseve Hyaluronic  2x310ml","p":10.36,"u":"16,71 €/L","img":"https://fd2-photos.leclercdrive.fr/image.ashx?id=2997817&use=l&cat=p&typeid=i","cat":284608},{"id":285737,"n":"Shampooing Elseve Color Vive Restage - 2x500ml","p":10.24,"u":"10,24 €/L","img":"https://fd2-photos.leclercdrive.fr/image.ashx?id=2997823&use=l&cat=p&typeid=i","cat":284606},{"id":285749,"n":"Shampooing Elseve Hyaluronique Restage - 2x400ml","p":11.7,"u":"14,63 €/L","img":"https://fd2-photos.leclercdrive.fr/image.ashx?id=2997829&use=l&cat=p&typeid=i","cat":284606},{"id":285750,"n":"Shampooing Elseve Dream Length Restage - 2x400ml","p":10.24,"u":"12,80 €/L","img":"https://fd2-photos.leclercdrive.fr/image.ashx?id=2997835&use=l&cat=p&typeid=i","cat":284606},{"id":286200,"n":"Pack Nettoyant ménager et  Recharge Cif 870ml","p":8.54,"u":"9,82 €/L","img":"https://fd2-photos.leclercdrive.fr/image.ashx?id=2999601&use=l&cat=p&typeid=i","cat":325357},{"id":286205,"n":"Pack nettoyant ménager et  Recharge Cif 870ml","p":8.54,"u":"9,82 €/L","img":"https://fd2-photos.leclercdrive.fr/image.ashx?id=2999604&use=l&cat=p&typeid=i","cat":325357},{"id":286220,"n":"Pack nettoyant ménager et Recharge Cif 870ml","p":8.54,"u":"9,82 €/L","img":"https://fd2-photos.leclercdrive.fr/image.ashx?id=2999607&use=l&cat=p&typeid=i","cat":325357},{"id":286243,"n":"Bûche glacée Nestlé Chocolat  Blanc vanille caramel 540g","p":6.44,"u":"11,93 €/KG","img":"https://fd2-photos.leclercdrive.fr/image.ashx?id=3000045&use=l&cat=p&typeid=i","cat":284266},{"id":286252,"n":"Bûche glacée Nestlé Signature Chocolat blanc spéculoos 503g","p":7.73,"u":"15,37 €/KG","img":"https://fd2-photos.leclercdrive.fr/image.ashx?id=3000713&use=l&cat=p&typeid=i","cat":284266},{"id":286259,"n":"Bûche glacée Nestlé Signature Vanille bourbon caramel 489g","p":7.73,"u":"15,81 €/KG","img":"https://fd2-photos.leclercdrive.fr/image.ashx?id=3000695&use=l&cat=p&typeid=i","cat":284266},{"id":286261,"n":"Bûche glacée Nestlé Signature Façon rocher praline 511g","p":7.73,"u":"15,13 €/KG","img":"https://fd2-photos.leclercdrive.fr/image.ashx?id=3000704&use=l&cat=p&typeid=i","cat":284266},{"id":286270,"n":"Bûche glacée Nestlé Signature Façon cheesecake exotique 486g","p":7.73,"u":"15,91 €/KG","img":"https://fd2-photos.leclercdrive.fr/image.ashx?id=3000707&use=l&cat=p&typeid=i","cat":284266},{"id":286871,"n":"Soda Coca-Cola 4x1.75L","p":7.1,"u":"1,01 €/L","img":"https://fd2-photos.leclercdrive.fr/image.ashx?id=3014865&use=l&cat=p&typeid=i","cat":284530},{"id":287258,"n":"Chocolat Poulain 450g","p":3.06,"u":"6,80 €/KG","img":"https://fd2-photos.leclercdrive.fr/image.ashx?id=3005137&use=l&cat=p&typeid=i","cat":293235},{"id":287262,"n":"Chocolat en poudre Poulain 800g","p":5.4,"u":"6,75 €/KG","img":"https://fd2-photos.leclercdrive.fr/image.ashx?id=3005140&use=l&cat=p&typeid=i","cat":293235},{"id":287482,"n":"Soda Coca-Cola Zéro 4x1,75L","p":5.1,"u":"0,73 €/L","img":"https://fd2-photos.leclercdrive.fr/image.ashx?id=3009668&use=l&cat=p&typeid=i","cat":284530},{"id":287847,"n":"Café L'Or Ouganda kenya en grains - 500g","p":12.85,"u":"25,70 €/KG","img":"https://fd2-photos.leclercdrive.fr/image.ashx?id=3009272&use=l&cat=p&typeid=i","cat":293237},{"id":287850,"n":"Café en grains L'Or Bresil colombie - 500g","p":12.85,"u":"25,70 €/KG","img":"https://fd2-photos.leclercdrive.fr/image.ashx?id=3009269&use=l&cat=p&typeid=i","cat":293237},{"id":287858,"n":"Bûche glacée signature Nestlé Pistache framboise - 491g","p":7.73,"u":"15,74 €/KG","img":"https://fd2-photos.leclercdrive.fr/image.ashx?id=3008299&use=l&cat=p&typeid=i","cat":284266}]}