{"id":"226901-226901","dt":"2025-12-15","p":[{"id":2,"n":"Haricots verts Notre Jardin Extra fins - 345g","p":2.39,"u":"6,93 €/KG","img":"https://fd8-photos.leclercdrive.fr/image.ashx?id=2988021&use=l&cat=p&typeid=i","cat":312606},{"id":3,"n":"Haricots verts Notre Jardin Très fins - 220g","p":0.86,"u":"3,91 €/KG","img":"https://fd8-photos.leclercdrive.fr/image.ashx?id=1993164&use=l&cat=p&typeid=i","cat":312606},{"id":4,"n":"Haricots verts Notre Jardin Très fins - 440g","p":1.15,"u":"2,61 €/KG","img":"https://fd8-photos.leclercdrive.fr/image.ashx?id=2050615&use=l&cat=p&typeid=i","cat":312606},{"id":5,"n":"Haricots verts Notre Jardin Extra fins - 440g","p":1.2,"u":"2,73 €/KG","img":"https://fd8-photos.leclercdrive.fr/image.ashx?id=2291393&use=l&cat=p&typeid=i","cat":312606},{"id":6,"n":"Haricots verts Notre Jardin Extra fins - 220g","p":0.88,"u":"4,00 €/KG","img":"https://fd8-photos.leclercdrive.fr/image.ashx?id=2371548&use=l&cat=p&typeid=i","cat":312606},{"id":7,"n":"Haricots beurre Notre Jardin Très fins - 220g","p":1.11,"u":"5,05 €/KG","img":"https://fd8-photos.leclercdrive.fr/image.ashx?id=2988027&use=l&cat=p&typeid=i","cat":312606},{"id":8,"n":"Haricots beurre Notre Jardin Très fins - 440g","p":1.55,"u":"3,52 €/KG","img":"https://fd8-photos.leclercdrive.fr/image.ashx?id=2988030&use=l&cat=p&typeid=i","cat":312606},{"id":9,"n":"Petits pois Notre Jardin A l'étuvée - Extra fins - 280g","p":0.9,"u":"3,21 €/KG","img":"https://fd8-photos.leclercdrive.fr/image.ashx?id=2375947&use=l&cat=p&typeid=i","cat":312607},{"id":10,"n":"Petits pois Notre Jardin A l'étuvée - Très fins - 280g","p":0.89,"u":"3,18 €/KG","img":"https://fd8-photos.leclercdrive.fr/image.ashx?id=2375950&use=l&cat=p&typeid=i","cat":312607},{"id":11,"n":"Petits pois carottes  Notre Jardin -Extra fins - 530g","p":1.22,"u":"2,30 €/KG","img":"https://fd8-photos.leclercdrive.fr/image.ashx?id=2987961&use=l&cat=p&typeid=i","cat":312607},{"id":12,"n":"Petits pois carottes extra-fins Notre Jardin à l'étuvée 260g","p":0.99,"u":"3,74 €/KG","img":"https://fd8-photos.leclercdrive.fr/image.ashx?id=2987964&use=l&cat=p&typeid=i","cat":312607},{"id":13,"n":"Petits pois carottes Très fins Notre Jardin -A l'étuvée -530g","p":1.33,"u":"2,51 €/KG","img":"https://fd8-photos.leclercdrive.fr/image.ashx?id=2698156&use=l&cat=p&typeid=i","cat":312607},{"id":14,"n":"Carottes Notre Jardin Extra-fines - 265g","p":0.85,"u":"3,21 €/KG","img":"https://fd8-photos.leclercdrive.fr/image.ashx?id=2399150&use=l&cat=p&typeid=i","cat":312607},{"id":15,"n":"Champignons Paris Notre Jardin Entiers - 230g","p":1.47,"u":"6,39 €/KG","img":"https://fd8-photos.leclercdrive.fr/image.ashx?id=2553890&use=l&cat=p&typeid=i","cat":312610},{"id":16,"n":"Champignons Paris Notre Jardin Pieds et morceaux - 230g","p":1.49,"u":"6,48 €/KG","img":"https://fd8-photos.leclercdrive.fr/image.ashx?id=2553896&use=l&cat=p&typeid=i","cat":312610},{"id":17,"n":"Champignons Paris Notre Jardin Emincés - 230g","p":1.07,"u":"4,65 €/KG","img":"https://fd8-photos.leclercdrive.fr/image.ashx?id=2551960&use=l&cat=p&typeid=i","cat":312610},{"id":19,"n":"Flageolets verts Notre Jardin Extra fins - 265g","p":0.99,"u":"3,74 €/KG","img":"https://fd8-photos.leclercdrive.fr/image.ashx?id=1993161&use=l&cat=p&typeid=i","cat":312606},{"id":20,"n":"Macédoine légumes Notre Jardin 265g","p":0.71,"u":"2,68 €/KG","img":"https://fd8-photos.leclercdrive.fr/image.ashx?id=2913648&use=l&cat=p&typeid=i","cat":312612},{"id":21,"n":"Macédoine légumes Notre Jardin - 530g","p":1.23,"u":"2,32 €/KG","img":"https://fd8-photos.leclercdrive.fr/image.ashx?id=2526276&use=l&cat=p&typeid=i","cat":312612},{"id":22,"n":"Garniture de 4 légumes  Notre Jardin - 510g","p":1.74,"u":"3,41 €/KG","img":"https://fd8-photos.leclercdrive.fr/image.ashx?id=2526279&use=l&cat=p&typeid=i","cat":312612},{"id":26,"n":"Pois chiches Notre Jardin 265g","p":0.75,"u":"2,83 €/KG","img":"https://fd8-photos.leclercdrive.fr/image.ashx?id=2988009&use=l&cat=p&typeid=i","cat":312609},{"id":27,"n":"Lentilles préparées Notre  Jardin - 265g","p":0.67,"u":"2,53 €/KG","img":"https://fd8-photos.leclercdrive.fr/image.ashx?id=2987985&use=l&cat=p&typeid=i","cat":312609},{"id":28,"n":"Lentilles Préparées Notre  Jardin - 530g","p":1.15,"u":"2,17 €/KG","img":"https://fd8-photos.leclercdrive.fr/image.ashx?id=2987982&use=l&cat=p&typeid=i","cat":312609},{"id":29,"n":"Haricots rouges Notre Jardin 250g","p":0.84,"u":"3,36 €/KG","img":"https://fd8-photos.leclercdrive.fr/image.ashx?id=2988024&use=l&cat=p&typeid=i","cat":312606},{"id":30,"n":"Pommes de terre Notre Jardin 530g","p":1.29,"u":"2,43 €/KG","img":"https://fd8-photos.leclercdrive.fr/image.ashx?id=2696250&use=l&cat=p&typeid=i","cat":312612},{"id":37,"n":"Epinards hâchés Notre Jardin 395g","p":1.09,"u":"2,76 €/KG","img":"https://fd8-photos.leclercdrive.fr/image.ashx?id=1993152&use=l&cat=p&typeid=i","cat":312612},{"id":40,"n":"Coeurs de palmiers Notre Jardin Extra tendres - 500g","p":3.85,"u":"7,70 €/KG","img":"https://fd8-photos.leclercdrive.fr/image.ashx?id=1950156&use=l&cat=p&typeid=i","cat":312611},{"id":41,"n":"Choux Bruxelles Notre Jardin 530g","p":1.95,"u":"3,68 €/KG","img":"https://fd8-photos.leclercdrive.fr/image.ashx?id=2072428&use=l&cat=p&typeid=i","cat":312612},{"id":42,"n":"Haricots Mungo Notre Jardin 180g","p":1.0,"u":"5,56 €/KG","img":"https://fd8-photos.leclercdrive.fr/image.ashx?id=2072431&use=l&cat=p&typeid=i","cat":312611},{"id":43,"n":"Asperges blanches miniatures Notre Jardin - 110g","p":1.55,"u":"14,09 €/KG","img":"https://fd8-photos.leclercdrive.fr/image.ashx?id=2049019&use=l&cat=p&typeid=i","cat":312611},{"id":44,"n":"Maïs Notre Jardin Tendre - 285g","p":0.96,"u":"3,37 €/KG","img":"https://fd8-photos.leclercdrive.fr/image.ashx?id=3005658&use=l&cat=p&typeid=i","cat":312611},{"id":47,"n":"Filets de thon Saupiquet Huile d'olive - 115g","p":2.37,"u":"20,61 €/KG","img":"https://fd8-photos.leclercdrive.fr/image.ashx?id=2846373&use=l&cat=p&typeid=i","cat":303867},{"id":50,"n":"Miettes de thon Pêche Océan Huile de tournesol - 160g","p":1.7,"u":"10,63 €/KG","img":"https://fd8-photos.leclercdrive.fr/image.ashx?id=2941369&use=l&cat=p&typeid=i","cat":303867},{"id":51,"n":"Miettes de thon Pêche Océan Tomate - 160g","p":1.13,"u":"7,06 €/KG","img":"https://fd8-photos.leclercdrive.fr/image.ashx?id=2941378&use=l&cat=p&typeid=i","cat":303867},{"id":52,"n":"Miettes de thon Pêche Océan Tomate - 3x80g","p":1.56,"u":"6,50 €/KG","img":"https://fd8-photos.leclercdrive.fr/image.ashx?id=2941363&use=l&cat=p&typeid=i","cat":303867},{"id":54,"n":"Sardines tomate Pêche Océan 135g","p":1.32,"u":"9,78 €/KG","img":"https://fd8-photos.leclercdrive.fr/image.ashx?id=2694097&use=l&cat=p&typeid=i","cat":305146},{"id":58,"n":"Filets maquereaux Pêche Océan Arômates et Muscadet 176g","p":1.45,"u":"8,24 €/KG","img":"https://fd8-photos.leclercdrive.fr/image.ashx?id=2476948&use=l&cat=p&typeid=i","cat":303868},{"id":59,"n":"Maquereaux Pêche Océan Moutarde de Dijon - 169g","p":1.65,"u":"9,76 €/KG","img":"https://fd8-photos.leclercdrive.fr/image.ashx?id=2488350&use=l&cat=p&typeid=i","cat":303868},{"id":67,"n":"Terrine de canard Côté Table 180g","p":1.55,"u":"8,61 €/KG","img":"https://fd8-photos.leclercdrive.fr/image.ashx?id=2943091&use=l&cat=p&typeid=i","cat":305149},{"id":72,"n":"Lentilles cuisinées Raynal Et Roquelaure - 820g","p":2.03,"u":"2,48 €/KG","img":"https://fd8-photos.leclercdrive.fr/image.ashx?id=2928393&use=l&cat=p&typeid=i","cat":312609},{"id":74,"n":"Choucroute Côté Table garnie 800g","p":2.69,"u":"3,36 €/KG","img":"https://fd8-photos.leclercdrive.fr/image.ashx?id=1847409&use=l&cat=p&typeid=i","cat":284441},{"id":75,"n":"Choucroute Côté Table garnie 400g","p":1.75,"u":"4,38 €/KG","img":"https://fd8-photos.leclercdrive.fr/image.ashx?id=1993170&use=l&cat=p&typeid=i","cat":284441},{"id":79,"n":"Saucisses lentilles Côté Table 420g","p":1.15,"u":"2,74 €/KG","img":"https://fd8-photos.leclercdrive.fr/image.ashx?id=2977105&use=l&cat=p&typeid=i","cat":284441},{"id":92,"n":"Chips Pom'lisse Nature - 6x30g","p":1.37,"u":"7,61 €/KG","img":"https://fd8-photos.leclercdrive.fr/image.ashx?id=2917317&use=l&cat=p&typeid=i","cat":284447},{"id":97,"n":"Pétales salées Tokapi Soufflés - 75g","p":0.69,"u":"9,20 €/KG","img":"https://fd8-photos.leclercdrive.fr/image.ashx?id=2751874&use=l&cat=p&typeid=i","cat":284449},{"id":104,"n":"Mélange Grillé et salé Tokapi Cacahuètes et noisettes - 120g","p":1.46,"u":"12,17 €/KG","img":"https://fd8-photos.leclercdrive.fr/image.ashx?id=2794100&use=l&cat=p&typeid=i","cat":284448},{"id":105,"n":"Cacahuètes grillées Tokapi Salées - 250g","p":0.85,"u":"3,40 €/KG","img":"https://fd8-photos.leclercdrive.fr/image.ashx?id=2795529&use=l&cat=p&typeid=i","cat":284448},{"id":108,"n":"Noix de cajou grillées Tokapi Salées - 400g","p":4.78,"u":"11,95 €/KG","img":"https://fd8-photos.leclercdrive.fr/image.ashx?id=2793985&use=l&cat=p&typeid=i","cat":284448},{"id":113,"n":"Crackers Tuc Nature Original - 100g","p":0.55,"u":"5,50 €/KG","img":"https://fd8-photos.leclercdrive.fr/image.ashx?id=3002195&use=l&cat=p&typeid=i","cat":297000},{"id":117,"n":"Huile Isio 4 Lesieur 1L","p":3.43,"u":"3,43 €/L","img":"https://fd8-photos.leclercdrive.fr/image.ashx?id=2916018&use=l&cat=p&typeid=i","cat":284453},{"id":118,"n":"Huile d'olive Puget 1L","p":11.5,"u":"11,50 €/L","img":"https://fd8-photos.leclercdrive.fr/image.ashx?id=2917750&use=l&cat=p&typeid=i","cat":284453},{"id":121,"n":"Huile Fleur de colza Lesieur  1L","p":2.78,"u":"2,78 €/L","img":"https://fd8-photos.leclercdrive.fr/image.ashx?id=2916848&use=l&cat=p&typeid=i","cat":284453},{"id":122,"n":"Huile de friture Rustica Sans odeur - 2L","p":4.45,"u":"2,23 €/L","img":"https://fd8-photos.leclercdrive.fr/image.ashx?id=2916662&use=l&cat=p&typeid=i","cat":284453},{"id":123,"n":"Huile végétale  Rustica Mélange 4 huiles  - 1L","p":2.65,"u":"2,65 €/L","img":"https://fd8-photos.leclercdrive.fr/image.ashx?id=2538134&use=l&cat=p&typeid=i","cat":284453},{"id":124,"n":"Huile d'olive Rustica Vierge extra - 1L","p":8.99,"u":"8,99 €/L","img":"https://fd8-photos.leclercdrive.fr/image.ashx?id=2898011&use=l&cat=p&typeid=i","cat":284453},{"id":125,"n":"Huile de tournesol Rustica  1L","p":1.99,"u":"1,99 €/L","img":"https://fd8-photos.leclercdrive.fr/image.ashx?id=2900319&use=l&cat=p&typeid=i","cat":284453},{"id":126,"n":"Huile de tournesol Rustica 3L","p":5.89,"u":"1,96 €/L","img":"https://fd8-photos.leclercdrive.fr/image.ashx?id=2900322&use=l&cat=p&typeid=i","cat":284453},{"id":127,"n":"Huile de colza Rustica  1L","p":1.76,"u":"1,76 €/L","img":"https://fd8-photos.leclercdrive.fr/image.ashx?id=2500797&use=l&cat=p&typeid=i","cat":284453},{"id":128,"n":"Vinaigre de vin Rustica 75cl","p":0.99,"u":"1,32 €/L","img":"https://fd8-photos.leclercdrive.fr/image.ashx?id=1061150&use=l&cat=p&typeid=i","cat":298543},{"id":129,"n":"Vinaigre de cidre Rustica  75cl","p":0.87,"u":"1,16 €/L","img":"https://fd8-photos.leclercdrive.fr/image.ashx?id=2657190&use=l&cat=p&typeid=i","cat":298543},{"id":130,"n":"Vinaigrette Rustica  Moutarde - 50cl","p":0.89,"u":"1,78 €/L","img":"https://fd8-photos.leclercdrive.fr/image.ashx?id=1950144&use=l&cat=p&typeid=i","cat":284456},{"id":131,"n":"Jus de citron Rustica Sicile - 2x125ml - 250ml","p":1.08,"u":"4,32 €/L","img":"https://fd8-photos.leclercdrive.fr/image.ashx?id=2974786&use=l&cat=p&typeid=i","cat":288383},{"id":136,"n":"Sel fin de Camargue NRT 250g","p":1.63,"u":"6,52 €/KG","img":"https://fd8-photos.leclercdrive.fr/image.ashx?id=2644906&use=l&cat=p&typeid=i","cat":284457},{"id":137,"n":"Gros sel de Camargue NRT Sachet -1kg","p":1.2,"u":"1,20 €/KG","img":"https://fd8-photos.leclercdrive.fr/image.ashx?id=2644903&use=l&cat=p&typeid=i","cat":284457},{"id":138,"n":"Sel fin de Guérande IGP NRT 250g","p":1.35,"u":"5,40 €/KG","img":"https://fd8-photos.leclercdrive.fr/image.ashx?id=2644900&use=l&cat=p&typeid=i","cat":284457},{"id":147,"n":"Olives vertes Rustica  Dénoyautées - 160g","p":0.92,"u":"5,75 €/KG","img":"https://fd8-photos.leclercdrive.fr/image.ashx?id=2499070&use=l&cat=p&typeid=i","cat":284458},{"id":156,"n":"Moutarde de Dijon Rustica  Fine et forte Verre whisky-280g","p":1.94,"u":"6,93 €/KG","img":"https://fd8-photos.leclercdrive.fr/image.ashx?id=2954337&use=l&cat=p&typeid=i","cat":288850},{"id":157,"n":"Moutarde de Dijon AMORA Fine & Forte - 265g","p":1.55,"u":"5,85 €/KG","img":"https://fd8-photos.leclercdrive.fr/image.ashx?id=3004870&use=l&cat=p&typeid=i","cat":288850},{"id":160,"n":"Mayonnaise Lesieur Huile de colza - 175g","p":0.78,"u":"4,46 €/KG","img":"https://fd8-photos.leclercdrive.fr/image.ashx?id=2917702&use=l&cat=p&typeid=i","cat":298295},{"id":169,"n":"Sauce Pesto Panzani Basilic - 200g","p":1.64,"u":"8,20 €/KG","img":"https://fd8-photos.leclercdrive.fr/image.ashx?id=2989093&use=l&cat=p&typeid=i","cat":287599},{"id":172,"n":"Purée de tomates Turini 720ml","p":1.26,"u":"1,75 €/L","img":"https://fd8-photos.leclercdrive.fr/image.ashx?id=2680539&use=l&cat=p&typeid=i","cat":288384},{"id":173,"n":"Pulpe de tomate Notre Jardin En dés - 3x383g","p":2.06,"u":"1,81 €/KG","img":"https://fd8-photos.leclercdrive.fr/image.ashx?id=2826918&use=l&cat=p&typeid=i","cat":288384},{"id":174,"n":"Tomates pelées Notre Jardin Entières - 476g","p":1.4,"u":"2,94 €/KG","img":"https://fd8-photos.leclercdrive.fr/image.ashx?id=2189999&use=l&cat=p&typeid=i","cat":312608},{"id":175,"n":"Sauce bolognaise Turini 420g","p":1.45,"u":"3,45 €/KG","img":"https://fd8-photos.leclercdrive.fr/image.ashx?id=2634860&use=l&cat=p&typeid=i","cat":287599},{"id":178,"n":"Sauce Napolitaine Turini 420g","p":0.88,"u":"2,10 €/KG","img":"https://fd8-photos.leclercdrive.fr/image.ashx?id=2441893&use=l&cat=p&typeid=i","cat":287599},{"id":185,"n":"Pâtes Barilla Pipe Rigate - 500g","p":1.03,"u":"2,06 €/KG","img":"https://fd8-photos.leclercdrive.fr/image.ashx?id=2392209&use=l&cat=p&typeid=i","cat":284427},{"id":186,"n":"Pâtes Barilla Penne rigate - 500g","p":1.01,"u":"2,02 €/KG","img":"https://fd8-photos.leclercdrive.fr/image.ashx?id=2392203&use=l&cat=p&typeid=i","cat":284427},{"id":187,"n":"Pâtes Barilla Fusilli - 500g","p":1.02,"u":"2,04 €/KG","img":"https://fd8-photos.leclercdrive.fr/image.ashx?id=2392212&use=l&cat=p&typeid=i","cat":284427},{"id":191,"n":"Pâtes Collezione Barilla Lasagne aux œufs - 500g","p":2.0,"u":"4,00 €/KG","img":"https://fd8-photos.leclercdrive.fr/image.ashx?id=2990997&use=l&cat=p&typeid=i","cat":284427},{"id":192,"n":"Pâtes Barilla Penne rigate - 1kg","p":1.88,"u":"1,88 €/KG","img":"https://fd8-photos.leclercdrive.fr/image.ashx?id=2392191&use=l&cat=p&typeid=i","cat":284427},{"id":193,"n":"Pâtes vermicelles Panzani  500g","p":1.23,"u":"2,46 €/KG","img":"https://fd8-photos.leclercdrive.fr/image.ashx?id=2896072&use=l&cat=p&typeid=i","cat":284427},{"id":194,"n":"Pâtes Coquillettes Panzani 500g","p":0.91,"u":"1,82 €/KG","img":"https://fd8-photos.leclercdrive.fr/image.ashx?id=2870200&use=l&cat=p&typeid=i","cat":284427},{"id":195,"n":"Pâtes macaroni Panzani 500g","p":0.97,"u":"1,94 €/KG","img":"https://fd8-photos.leclercdrive.fr/image.ashx?id=2884297&use=l&cat=p&typeid=i","cat":284427},{"id":196,"n":"Pâtes nouilles fines Panzani 500g","p":1.08,"u":"2,16 €/KG","img":"https://fd8-photos.leclercdrive.fr/image.ashx?id=2876005&use=l&cat=p&typeid=i","cat":284427},{"id":197,"n":"Pâtes Torti Panzani 500g","p":0.77,"u":"1,54 €/KG","img":"https://fd8-photos.leclercdrive.fr/image.ashx?id=2869552&use=l&cat=p&typeid=i","cat":284427},{"id":198,"n":"Pâtes Spaghetti Panzani 500g","p":0.89,"u":"1,78 €/KG","img":"https://fd8-photos.leclercdrive.fr/image.ashx?id=2876023&use=l&cat=p&typeid=i","cat":284427},{"id":199,"n":"Pâtes Tagliatelle Panzani Créatives - 500G","p":1.54,"u":"3,08 €/KG","img":"https://fd8-photos.leclercdrive.fr/image.ashx?id=2902936&use=l&cat=p&typeid=i","cat":284427},{"id":200,"n":"Pâtes lasagnes Turini  500g","p":1.29,"u":"2,58 €/KG","img":"https://fd8-photos.leclercdrive.fr/image.ashx?id=2980779&use=l&cat=p&typeid=i","cat":284427},{"id":202,"n":"Pâtes Nouilles Turini 500g","p":0.75,"u":"1,50 €/KG","img":"https://fd8-photos.leclercdrive.fr/image.ashx?id=2980462&use=l&cat=p&typeid=i","cat":284427},{"id":203,"n":"Pâtes Torsades Turini 500g","p":0.65,"u":"1,30 €/KG","img":"https://fd8-photos.leclercdrive.fr/image.ashx?id=2980423&use=l&cat=p&typeid=i","cat":284427},{"id":204,"n":"Pâtes Coquillettes Turini 500g","p":0.75,"u":"1,50 €/KG","img":"https://fd8-photos.leclercdrive.fr/image.ashx?id=2980405&use=l&cat=p&typeid=i","cat":284427},{"id":205,"n":"Pâtes Macaroni Turini 500g","p":0.75,"u":"1,50 €/KG","img":"https://fd8-photos.leclercdrive.fr/image.ashx?id=2980414&use=l&cat=p&typeid=i","cat":284427},{"id":206,"n":"Spaghetti Turini 500g","p":0.69,"u":"1,38 €/KG","img":"https://fd8-photos.leclercdrive.fr/image.ashx?id=2980396&use=l&cat=p&typeid=i","cat":284427},{"id":208,"n":"Pâtes gansettes Turini 500g","p":0.98,"u":"1,96 €/KG","img":"https://fd8-photos.leclercdrive.fr/image.ashx?id=2607422&use=l&cat=p&typeid=i","cat":284427},{"id":210,"n":"Pâtes cheveux d'anges Turini 500g","p":0.85,"u":"1,70 €/KG","img":"https://fd8-photos.leclercdrive.fr/image.ashx?id=2980785&use=l&cat=p&typeid=i","cat":284427},{"id":211,"n":"Pâtes Tagliatelles Turini 500g","p":1.29,"u":"2,58 €/KG","img":"https://fd8-photos.leclercdrive.fr/image.ashx?id=2669693&use=l&cat=p&typeid=i","cat":284427},{"id":217,"n":"Riz Thaï Comptoir du Grain Sélection Riz long - 1kg","p":2.2,"u":"2,20 €/KG","img":"https://fd8-photos.leclercdrive.fr/image.ashx?id=2657084&use=l&cat=p&typeid=i","cat":284428},{"id":218,"n":"Riz Basmati Comptoir du Grain Sélection Riz long - 1kg","p":2.55,"u":"2,55 €/KG","img":"https://fd8-photos.leclercdrive.fr/image.ashx?id=552079&use=l&cat=p&typeid=i","cat":284428},{"id":219,"n":"Riz long Comptoir du Grain Sachet cuisson rapide x5 - 1kg","p":1.74,"u":"1,74 €/KG","img":"https://fd8-photos.leclercdrive.fr/image.ashx?id=1759876&use=l&cat=p&typeid=i","cat":284428},{"id":220,"n":"Couscous moyen Regia 1kg","p":2.3,"u":"2,30 €/KG","img":"https://fd8-photos.leclercdrive.fr/image.ashx?id=2874856&use=l&cat=p&typeid=i","cat":284429},{"id":221,"n":"Couscous Ferrero fin Graine nature - 1kg","p":2.6,"u":"2,60 €/KG","img":"https://fd8-photos.leclercdrive.fr/image.ashx?id=2862215&use=l&cat=p&typeid=i","cat":284429},{"id":224,"n":"Purée pomme de terre Pom'lisse Nature - 4x125g - 500g","p":1.85,"u":"3,70 €/KG","img":"https://fd8-photos.leclercdrive.fr/image.ashx?id=2929861&use=l&cat=p&typeid=i","cat":284431},{"id":225,"n":"Couscous Comptoir du Grain Grain moyen - 1kg","p":1.44,"u":"1,44 €/KG","img":"https://fd8-photos.leclercdrive.fr/image.ashx?id=3012797&use=l&cat=p&typeid=i","cat":284429},{"id":229,"n":"Blé précuit Comptoir du Grain Cuisson rapide 10 min - 500g","p":1.54,"u":"3,08 €/KG","img":"https://fd8-photos.leclercdrive.fr/image.ashx?id=1986243&use=l&cat=p&typeid=i","cat":284429},{"id":230,"n":"Pois cassés Notre Jardin 500g","p":1.05,"u":"2,10 €/KG","img":"https://fd8-photos.leclercdrive.fr/image.ashx?id=2983772&use=l&cat=p&typeid=i","cat":284430},{"id":231,"n":"Lentilles vertes Notre Jardin 500g","p":1.63,"u":"3,26 €/KG","img":"https://fd8-photos.leclercdrive.fr/image.ashx?id=2055651&use=l&cat=p&typeid=i","cat":284430},{"id":238,"n":"Soupe Velouté Régal Soupe Tomates - 1L","p":1.09,"u":"1,09 €/L","img":"https://fd8-photos.leclercdrive.fr/image.ashx?id=2588920&use=l&cat=p&typeid=i","cat":284462},{"id":239,"n":"Soupe Velouté Régal Soupe 10 légumes - 1L","p":1.19,"u":"1,19 €/L","img":"https://fd8-photos.leclercdrive.fr/image.ashx?id=2983781&use=l&cat=p&typeid=i","cat":284462},{"id":240,"n":"Soupe Régal Soupe Poireaux Pommes de terre - 1L","p":1.19,"u":"1,19 €/L","img":"https://fd8-photos.leclercdrive.fr/image.ashx?id=2607356&use=l&cat=p&typeid=i","cat":284462},{"id":241,"n":"Soupe Mouliné Régal Soupe 10 légumes variés - 1L","p":1.08,"u":"1,08 €/L","img":"https://fd8-photos.leclercdrive.fr/image.ashx?id=2607353&use=l&cat=p&typeid=i","cat":284462},{"id":242,"n":"Soupe Velouté Régal Soupe Potiron - 1L","p":1.35,"u":"1,35 €/L","img":"https://fd8-photos.leclercdrive.fr/image.ashx?id=2983787&use=l&cat=p&typeid=i","cat":284462},{"id":255,"n":"Arôme Saveur Maggi 250g","p":1.86,"u":"7,44 €/KG","img":"https://fd8-photos.leclercdrive.fr/image.ashx?id=2671960&use=l&cat=p&typeid=i","cat":288379},{"id":259,"n":"Assaisonnement Liquide KNORR Viandox - 160ml","p":1.46,"pp":1.02,"u":"6,38 €/L","img":"https://fd8-photos.leclercdrive.fr/image.ashx?id=2705215&use=l&cat=p&typeid=i","cat":288383},{"id":267,"n":"Biscuits Petit Ecolier LU Chocolat au lait - 120g","p":2.11,"u":"17,58 €/KG","img":"https://fd8-photos.leclercdrive.fr/image.ashx?id=3014404&use=l&cat=p&typeid=i","cat":284488},{"id":270,"n":"Biscuits Petit Ecolier LU Chocolat noir - 150g","p":1.75,"u":"11,67 €/KG","img":"https://fd8-photos.leclercdrive.fr/image.ashx?id=2944359&use=l&cat=p&typeid=i","cat":284488},{"id":274,"n":"Biscuits Pocket Prince Chocolat - 400g","p":2.31,"u":"5,78 €/KG","img":"https://fd8-photos.leclercdrive.fr/image.ashx?id=3002207&use=l&cat=p&typeid=i","cat":284488},{"id":278,"n":"Biscuits La Barquette Lulu LU Chocolat noisettes - 2x120g","p":2.0,"u":"8,33 €/KG","img":"https://fd8-photos.leclercdrive.fr/image.ashx?id=2135740&use=l&cat=p&typeid=i","cat":284488},{"id":280,"n":"Biscuits Petits cœurs LU Chocolat - 180g","p":2.4,"u":"13,33 €/KG","img":"https://fd8-photos.leclercdrive.fr/image.ashx?id=3002024&use=l&cat=p&typeid=i","cat":284488},{"id":281,"n":"Gâteaux moelleux Lulu LU Coqueline Chocolat - 165g","p":1.65,"u":"10,00 €/KG","img":"https://fd8-photos.leclercdrive.fr/image.ashx?id=3001946&use=l&cat=p&typeid=i","cat":284495},{"id":282,"n":"Gâteaux L'Ourson Lulu LU Chocolat - 300g","p":2.57,"u":"8,57 €/KG","img":"https://fd8-photos.leclercdrive.fr/image.ashx?id=2182888&use=l&cat=p&typeid=i","cat":284495},{"id":283,"n":"Biscuit Petit beurre P'tit Déli Chocolat au lait pocket - 250g","p":2.25,"u":"9,00 €/KG","img":"https://fd8-photos.leclercdrive.fr/image.ashx?id=750519&use=l&cat=p&typeid=i","cat":284488},{"id":284,"n":"Biscuits P'tit Déli ronds Chocolat lait 200g","p":1.2,"u":"6,00 €/KG","img":"https://fd8-photos.leclercdrive.fr/image.ashx?id=2884210&use=l&cat=p&typeid=i","cat":284488},{"id":286,"n":"Biscuits barquette P'tit Déli Chocolat et noisette x18 - 120g","p":0.89,"u":"7,42 €/KG","img":"https://fd8-photos.leclercdrive.fr/image.ashx?id=2705065&use=l&cat=p&typeid=i","cat":284488},{"id":288,"n":"Gaufrettes P'tit Déli  Enrobées chocolat 150g","p":1.59,"u":"10,60 €/KG","img":"https://fd8-photos.leclercdrive.fr/image.ashx?id=2965416&use=l&cat=p&typeid=i","cat":284488},{"id":289,"n":"Mini goûters P'tit Déli Chocolat 168g","p":1.13,"u":"6,73 €/KG","img":"https://fd8-photos.leclercdrive.fr/image.ashx?id=2321941&use=l&cat=p&typeid=i","cat":284488},{"id":290,"n":"Biscuits P'tit Déli Bâtonnets Chocolat 150g","p":1.19,"u":"7,93 €/KG","img":"https://fd8-photos.leclercdrive.fr/image.ashx?id=2470189&use=l&cat=p&typeid=i","cat":284488},{"id":291,"n":"Goûter Moelleux P'tit Déli  Lait et cacao x10 420g","p":2.81,"u":"6,69 €/KG","img":"https://fd8-photos.leclercdrive.fr/image.ashx?id=2610684&use=l&cat=p&typeid=i","cat":284495},{"id":292,"n":"Biscuits fourrés P'tit Déli Coeur fondant chocolat - 225g","p":1.26,"u":"5,60 €/KG","img":"https://fd8-photos.leclercdrive.fr/image.ashx?id=2637634&use=l&cat=p&typeid=i","cat":284488},{"id":296,"n":"Biscuits La Barquette Lulu LU Fraise - 2x120g","p":2.01,"u":"8,38 €/KG","img":"https://fd8-photos.leclercdrive.fr/image.ashx?id=3001952&use=l&cat=p&typeid=i","cat":284489},{"id":297,"n":"Biscuits La Barquette Lulu LU Framboise - 2x120g","p":2.03,"u":"16,92 €/KG","img":"https://fd8-photos.leclercdrive.fr/image.ashx?id=2904631&use=l&cat=p&typeid=i","cat":284489},{"id":298,"n":"Gâteaux moelleux Lulu LU Coqueline Fraise - 165g","p":1.4,"u":"8,48 €/KG","img":"https://fd8-photos.leclercdrive.fr/image.ashx?id=2977252&use=l&cat=p&typeid=i","cat":284495},{"id":304,"n":"Génoises fourrées P'tit Déli - 150g","p":1.39,"u":"9,27 €/KG","img":"https://fd8-photos.leclercdrive.fr/image.ashx?id=2470192&use=l&cat=p&typeid=i","cat":284489},{"id":310,"n":"Biscuits boudoirs P'tit Déli Aux oeufs - 175g","p":1.38,"u":"7,89 €/KG","img":"https://fd8-photos.leclercdrive.fr/image.ashx?id=1947342&use=l&cat=p&typeid=i","cat":284487},{"id":313,"n":"Biscuits palmiers P'tit Déli 100g","p":0.59,"u":"5,90 €/KG","img":"https://fd8-photos.leclercdrive.fr/image.ashx?id=2940896&use=l&cat=p&typeid=i","cat":284487},{"id":314,"n":"Biscuits langue chat P'tit Déli 200g","p":1.28,"u":"6,40 €/KG","img":"https://fd8-photos.leclercdrive.fr/image.ashx?id=1875827&use=l&cat=p&typeid=i","cat":284487},{"id":315,"n":"Biscuits cigarettes P'tit Déli Fines 180g","p":0.95,"u":"5,28 €/KG","img":"https://fd8-photos.leclercdrive.fr/image.ashx?id=2907039&use=l&cat=p&typeid=i","cat":284487},{"id":316,"n":"Palets bretons P'tit Déli 125g","p":0.97,"u":"7,76 €/KG","img":"https://fd8-photos.leclercdrive.fr/image.ashx?id=2809650&use=l&cat=p&typeid=i","cat":284487},{"id":322,"n":"Cake anglais Brossard 400g","p":3.07,"u":"7,68 €/KG","img":"https://fd8-photos.leclercdrive.fr/image.ashx?id=2456795&use=l&cat=p&typeid=i","cat":284493},{"id":323,"n":"Gâteaux Mini roulés Pépito Chocolat - 150g","p":1.76,"u":"11,73 €/KG","img":"https://fd8-photos.leclercdrive.fr/image.ashx?id=2331898&use=l&cat=p&typeid=i","cat":284495},{"id":325,"n":"Galettes Bretonnes P'tit Déli Pur beurre - 125g","p":0.73,"u":"5,84 €/KG","img":"https://fd8-photos.leclercdrive.fr/image.ashx?id=2847943&use=l&cat=p&typeid=i","cat":284487},{"id":327,"n":"Biscuits P'tit Déli Cookies Chocolat nougatine 200g","p":1.35,"u":"6,75 €/KG","img":"https://fd8-photos.leclercdrive.fr/image.ashx?id=2900022&use=l&cat=p&typeid=i","cat":325066},{"id":328,"n":"Biscuits Cookies P'tit Déli Chocolat pépite chocolat - 200g","p":1.35,"u":"6,75 €/KG","img":"https://fd8-photos.leclercdrive.fr/image.ashx?id=2900025&use=l&cat=p&typeid=i","cat":325066},{"id":329,"n":"Biscuits Bastogne LU Originale - 260g","p":1.46,"u":"5,62 €/KG","img":"https://fd8-photos.leclercdrive.fr/image.ashx?id=2346765&use=l&cat=p&typeid=i","cat":284487},{"id":345,"n":"Pain de mie Harrys - Nature Longue conservation - 250g","p":0.79,"u":"3,16 €/KG","img":"https://fd8-photos.leclercdrive.fr/image.ashx?id=2507976&use=l&cat=p&typeid=i","cat":284477},{"id":349,"n":"Pain de mie nature Epi d'Or Classique - 500g","p":1.19,"u":"2,38 €/KG","img":"https://fd8-photos.leclercdrive.fr/image.ashx?id=2615582&use=l&cat=p&typeid=i","cat":284477},{"id":350,"n":"Pain de mie nature Epi d'Or Grandes tranches - 550g","p":1.09,"u":"1,98 €/KG","img":"https://fd8-photos.leclercdrive.fr/image.ashx?id=2860700&use=l&cat=p&typeid=i","cat":284477},{"id":352,"n":"Pain de mie nature Epi d'Or  Extra-moelleux - 500g","p":0.95,"u":"1,90 €/KG","img":"https://fd8-photos.leclercdrive.fr/image.ashx?id=2860697&use=l&cat=p&typeid=i","cat":284477},{"id":361,"n":"Brioche tranchée Epi d'Or Nature - 500g","p":1.65,"u":"3,30 €/KG","img":"https://fd8-photos.leclercdrive.fr/image.ashx?id=2860694&use=l&cat=p&typeid=i","cat":284478},{"id":362,"n":"Briochettes Epi d'Or Nature x12 - 480g","p":1.49,"u":"3,10 €/KG","img":"https://fd8-photos.leclercdrive.fr/image.ashx?id=2860709&use=l&cat=p&typeid=i","cat":284478},{"id":363,"n":"Pains au lait Epi d'Or x10 - 350g","p":1.19,"u":"3,40 €/KG","img":"https://fd8-photos.leclercdrive.fr/image.ashx?id=2860688&use=l&cat=p&typeid=i","cat":293505},{"id":364,"n":"Pains au chocolat Epi d'Or x8 - 360g","p":1.89,"u":"5,25 €/KG","img":"https://fd8-photos.leclercdrive.fr/image.ashx?id=2860691&use=l&cat=p&typeid=i","cat":296366},{"id":367,"n":"Barre patissière P'tit Déli 800g","p":2.2,"u":"2,75 €/KG","img":"https://fd8-photos.leclercdrive.fr/image.ashx?id=2074379&use=l&cat=p&typeid=i","cat":294776},{"id":368,"n":"Madeleine P'tit Déli coquilles Sachet 1kg","p":3.4,"u":"3,40 €/KG","img":"https://fd8-photos.leclercdrive.fr/image.ashx?id=2999493&use=l&cat=p&typeid=i","cat":284492},{"id":369,"n":"Marbré P'tit Déli 300g","p":1.89,"u":"6,30 €/KG","img":"https://fd8-photos.leclercdrive.fr/image.ashx?id=2562698&use=l&cat=p&typeid=i","cat":294776},{"id":375,"n":"Biscottes fourrées Cracotte LU  Framboise - 200g","p":1.7,"u":"8,50 €/KG","img":"https://fd8-photos.leclercdrive.fr/image.ashx?id=2873844&use=l&cat=p&typeid=i","cat":284479},{"id":376,"n":"Biscottes Cracotte LU  Froment - 250g","p":1.49,"u":"5,96 €/KG","img":"https://fd8-photos.leclercdrive.fr/image.ashx?id=3002006&use=l&cat=p&typeid=i","cat":284479},{"id":377,"n":"Biscottes Cracotte LU Gourmande - 250g","p":1.61,"u":"6,44 €/KG","img":"https://fd8-photos.leclercdrive.fr/image.ashx?id=3002009&use=l&cat=p&typeid=i","cat":284479},{"id":378,"n":"Biscottes Cracotte LU  Céréales complètes - 250g","p":1.63,"u":"6,52 €/KG","img":"https://fd8-photos.leclercdrive.fr/image.ashx?id=3002012&use=l&cat=p&typeid=i","cat":284479},{"id":379,"n":"Biscottes fourrées Cracotte Lu Chocolat - 200g","p":1.57,"u":"7,85 €/KG","img":"https://fd8-photos.leclercdrive.fr/image.ashx?id=2849704&use=l&cat=p&typeid=i","cat":284479},{"id":382,"n":"Biscottes Epi d'Or 6 céréales x36 - 300g","p":1.22,"u":"4,07 €/KG","img":"https://fd8-photos.leclercdrive.fr/image.ashx?id=2532832&use=l&cat=p&typeid=i","cat":284479},{"id":384,"n":"Biscottes Epi d'Or froment x36 - 300g","p":1.37,"u":"4,57 €/KG","img":"https://fd8-photos.leclercdrive.fr/image.ashx?id=2634854&use=l&cat=p&typeid=i","cat":284479},{"id":388,"n":"Tartines craquantes Epi d'Or  Froment - 250g","p":1.05,"u":"4,20 €/KG","img":"https://fd8-photos.leclercdrive.fr/image.ashx?id=2856121&use=l&cat=p&typeid=i","cat":284479},{"id":399,"n":"Café moulu Plantation Intense et aromatique - 2x250g","p":6.8,"u":"13,60 €/KG","img":"https://fd8-photos.leclercdrive.fr/image.ashx?id=2607398&use=l&cat=p&typeid=i","cat":284750},{"id":400,"n":"Café moulu Plantation  Intense et aromatique - 250g","p":3.5,"u":"14,00 €/KG","img":"https://fd8-photos.leclercdrive.fr/image.ashx?id=2555050&use=l&cat=p&typeid=i","cat":284750},{"id":401,"n":"Café moulu Plantation  Brésil - 2x250g","p":7.19,"u":"14,38 €/KG","img":"https://fd8-photos.leclercdrive.fr/image.ashx?id=2824247&use=l&cat=p&typeid=i","cat":284750},{"id":402,"n":"Café moulu Plantation  Tradition - 4x250g","p":9.69,"u":"9,69 €/KG","img":"https://fd8-photos.leclercdrive.fr/image.ashx?id=2824250&use=l&cat=p&typeid=i","cat":284750},{"id":405,"n":"Café Soluble Nescafé Spécial Filtre Original - 200g","p":7.85,"u":"39,25 €/KG","img":"https://fd8-photos.leclercdrive.fr/image.ashx?id=2837154&use=l&cat=p&typeid=i","cat":284843},{"id":406,"n":"Café soluble Nescafé Capuccino - x10 - 140g","p":2.97,"u":"21,21 €/KG","img":"https://fd8-photos.leclercdrive.fr/image.ashx?id=2729929&use=l&cat=p&typeid=i","cat":284843},{"id":407,"n":"Café et Chicorée Soluble Ricoré Lait - 400g","p":6.11,"u":"15,28 €/KG","img":"https://fd8-photos.leclercdrive.fr/image.ashx?id=2979617&use=l&cat=p&typeid=i","cat":284843},{"id":435,"n":"Infusion Tiséa Tilleul Menthe - x25","p":1.05,"u":"26,25 €/KG","img":"https://fd8-photos.leclercdrive.fr/image.ashx?id=2481748&use=l&cat=p&typeid=i","cat":293234},{"id":436,"n":"Infusion Tiséa Verveine - x25","p":0.92,"u":"23,00 €/KG","img":"https://fd8-photos.leclercdrive.fr/image.ashx?id=2900328&use=l&cat=p&typeid=i","cat":293234},{"id":437,"n":"Infusion Tiséa Verveine Orange - x25","p":1.34,"u":"33,50 €/KG","img":"https://fd8-photos.leclercdrive.fr/image.ashx?id=2757915&use=l&cat=p&typeid=i","cat":293234},{"id":444,"n":"Lait en poudre Régilait Demi écrémé - 300g","p":2.44,"u":"8,13 €/KG","img":"https://fd8-photos.leclercdrive.fr/image.ashx?id=2110077&use=l&cat=p&typeid=i","cat":299162},{"id":451,"n":"Confiture Bonne Maman Abricots - 370g","p":1.64,"u":"4,43 €/KG","img":"https://fd8-photos.leclercdrive.fr/image.ashx?id=3001275&use=l&cat=p&typeid=i","cat":284480},{"id":452,"n":"Confiture Bonne Maman Mûres 370g","p":2.58,"u":"6,97 €/KG","img":"https://fd8-photos.leclercdrive.fr/image.ashx?id=2348379&use=l&cat=p&typeid=i","cat":284480},{"id":453,"n":"Confiture extra figues NRT De Provence - 315g","p":2.64,"u":"8,38 €/KG","img":"https://fd8-photos.leclercdrive.fr/image.ashx?id=2699801&use=l&cat=p&typeid=i","cat":284480},{"id":456,"n":"Céréales Golden Grahams Nestlé 375g","p":2.29,"u":"6,11 €/KG","img":"https://fd8-photos.leclercdrive.fr/image.ashx?id=2979830&use=l&cat=p&typeid=i","cat":309513},{"id":473,"n":"Céréales Lion Nestlé Caramel et Chocolat - 400g","p":2.62,"u":"6,55 €/KG","img":"https://fd8-photos.leclercdrive.fr/image.ashx?id=2927453&use=l&cat=p&typeid=i","cat":309513},{"id":474,"n":"Céréales Cookie Crisp Nestlé 375g","p":2.34,"u":"6,24 €/KG","img":"https://fd8-photos.leclercdrive.fr/image.ashx?id=2926443&use=l&cat=p&typeid=i","cat":309513},{"id":491,"n":"Levure boulangère Francine 30g","p":1.16,"u":"38,67 €/KG","img":"https://fd8-photos.leclercdrive.fr/image.ashx?id=2210083&use=l&cat=p&typeid=i","cat":294686},{"id":492,"n":"Farine fluide Tablier Blanc Sans grumeaux - 1kg","p":0.85,"u":"0,85 €/KG","img":"https://fd8-photos.leclercdrive.fr/image.ashx?id=2832628&use=l&cat=p&typeid=i","cat":284503},{"id":494,"n":"Levure boulangère Alsa Briochin - x5 - 27.5g","p":0.87,"u":"31,07 €/KG","img":"https://fd8-photos.leclercdrive.fr/image.ashx?id=3007906&use=l&cat=p&typeid=i","cat":294686},{"id":495,"n":"Sucre vanilliné Tablier Blanc x10 - 75g","p":0.73,"u":"9,73 €/KG","img":"https://fd8-photos.leclercdrive.fr/image.ashx?id=2487434&use=l&cat=p&typeid=i","cat":284504},{"id":496,"n":"Sucre Vanillé des Isles Alsa x7 - 52.5g","p":2.41,"u":"46,35 €/KG","img":"https://fd8-photos.leclercdrive.fr/image.ashx?id=2965867&use=l&cat=p&typeid=i","cat":294686},{"id":497,"n":"Sucre Vanillé Alsa x12 - 90g","p":2.07,"u":"23,00 €/KG","img":"https://fd8-photos.leclercdrive.fr/image.ashx?id=3004459&use=l&cat=p&typeid=i","cat":294686},{"id":528,"n":"Bonbons Copains Copines Cola acide - 275 g","p":1.53,"u":"5,56 €/KG","img":"https://fd8-photos.leclercdrive.fr/image.ashx?id=2934658&use=l&cat=p&typeid=i","cat":304250},{"id":529,"n":"Bonbons Copains Copines Chocours 200g","p":1.25,"u":"6,25 €/KG","img":"https://fd8-photos.leclercdrive.fr/image.ashx?id=2934649&use=l&cat=p&typeid=i","cat":304250},{"id":546,"n":"Eau minérale naturelle Des Alpes - 6x50cl","p":1.98,"u":"0,66 €/L","img":"https://fd8-photos.leclercdrive.fr/image.ashx?id=552962&use=l&cat=p&typeid=i","cat":284535},{"id":547,"n":"Eau de source de Montagne 5L","p":0.87,"u":"0,17 €/L","img":"https://fd8-photos.leclercdrive.fr/image.ashx?id=2699420&use=l&cat=p&typeid=i","cat":284535},{"id":556,"n":"Eau minérale naturelle  Des Alpes - 1,5L","p":0.35,"u":"0,23 €/L","img":"https://fd8-photos.leclercdrive.fr/image.ashx?id=2768670&use=l&cat=p&typeid=i","cat":284535},{"id":567,"n":"Eau gazeuse San Pellegrino Minérale naturelle - 6x50cl","p":2.99,"u":"1,00 €/L","img":"https://fd8-photos.leclercdrive.fr/image.ashx?id=2145871&use=l&cat=p&typeid=i","cat":284536},{"id":589,"n":"Sirop Frucci Orange - 75cl","p":3.25,"u":"4,33 €/L","img":"https://fd8-photos.leclercdrive.fr/image.ashx?id=722212&use=l&cat=p&typeid=i","cat":295020},{"id":591,"n":"Sirop Frucci Citron - 75cl","p":1.69,"u":"2,25 €/L","img":"https://fd8-photos.leclercdrive.fr/image.ashx?id=2842214&use=l&cat=p&typeid=i","cat":295020},{"id":592,"n":"Sirop Frucci Grenadine - 75cl","p":1.99,"u":"2,65 €/L","img":"https://fd8-photos.leclercdrive.fr/image.ashx?id=2842220&use=l&cat=p&typeid=i","cat":295020},{"id":593,"n":"Sirop Frucci Pêche - 75cl","p":2.39,"u":"3,19 €/L","img":"https://fd8-photos.leclercdrive.fr/image.ashx?id=2842226&use=l&cat=p&typeid=i","cat":295020},{"id":594,"n":"Sirop Frucci Framboise - 75cl","p":3.52,"u":"4,69 €/L","img":"https://fd8-photos.leclercdrive.fr/image.ashx?id=2909867&use=l&cat=p&typeid=i","cat":295020},{"id":595,"n":"Sirop Frucci Fraise - 75cl","p":2.69,"u":"3,59 €/L","img":"https://fd8-photos.leclercdrive.fr/image.ashx?id=2842232&use=l&cat=p&typeid=i","cat":295020},{"id":596,"n":"Sirop Frucci Cassis - 75cl","p":2.94,"u":"3,92 €/L","img":"https://fd8-photos.leclercdrive.fr/image.ashx?id=2842238&use=l&cat=p&typeid=i","cat":295020},{"id":598,"n":"100% Pur jus de tomate Jafaden bouteille plastique -1L","p":2.05,"u":"2,05 €/L","img":"https://fd8-photos.leclercdrive.fr/image.ashx?id=2860682&use=l&cat=p&typeid=i","cat":284523},{"id":612,"n":"100% Pur jus d'orange Jafaden Sans pulpe - 1L","p":2.22,"u":"2,22 €/L","img":"https://fd8-photos.leclercdrive.fr/image.ashx?id=2955620&use=l&cat=p&typeid=i","cat":284521},{"id":613,"n":"Jus d'orange Jafaden A base de concentré - 6x20cl","p":1.99,"u":"1,66 €/L","img":"https://fd8-photos.leclercdrive.fr/image.ashx?id=2751871&use=l&cat=p&typeid=i","cat":284524},{"id":617,"n":"100% Pur jus d'orange Jafaden  Sans pulpe - 1,5L","p":2.65,"u":"1,77 €/L","img":"https://fd8-photos.leclercdrive.fr/image.ashx?id=2842468&use=l&cat=p&typeid=i","cat":284521},{"id":621,"n":"100% Pur jus d'orange Jafaden  Sans pulpe - 2L","p":3.49,"u":"1,75 €/L","img":"https://fd8-photos.leclercdrive.fr/image.ashx?id=2842456&use=l&cat=p&typeid=i","cat":284521},{"id":624,"n":"Pur Jus de pommes NRT De Bretagne - 1L","p":2.53,"u":"2,53 €/L","img":"https://fd8-photos.leclercdrive.fr/image.ashx?id=2590463&use=l&cat=p&typeid=i","cat":284522},{"id":625,"n":"Pur jus raisin Jafaden 1L","p":1.55,"u":"1,55 €/L","img":"https://fd8-photos.leclercdrive.fr/image.ashx?id=2955626&use=l&cat=p&typeid=i","cat":284915},{"id":627,"n":"Jus pamplemousse rose Jafaden A base de concentré - 1L","p":1.55,"u":"1,55 €/L","img":"https://fd8-photos.leclercdrive.fr/image.ashx?id=2520005&use=l&cat=p&typeid=i","cat":284914},{"id":632,"n":"Jus ananas Jafaden A base de concentré 1L","p":1.75,"u":"1,75 €/L","img":"https://fd8-photos.leclercdrive.fr/image.ashx?id=2919592&use=l&cat=p&typeid=i","cat":284916},{"id":638,"n":"Jus multifruits Jafaden 1L","p":1.89,"u":"1,89 €/L","img":"https://fd8-photos.leclercdrive.fr/image.ashx?id=2916659&use=l&cat=p&typeid=i","cat":285435},{"id":668,"n":"Limonade artisanale NRT 1L","p":2.75,"u":"2,75 €/L","img":"https://fd8-photos.leclercdrive.fr/image.ashx?id=2791066&use=l&cat=p&typeid=i","cat":284531},{"id":669,"n":"Limonade des Pyrénées NRT 6x33cl","p":3.35,"u":"1,69 €/L","img":"https://fd8-photos.leclercdrive.fr/image.ashx?id=2771055&use=l&cat=p&typeid=i","cat":284531},{"id":682,"n":"Soda Pulp'Orange Bouteille - 1,5L","p":1.47,"u":"0,98 €/L","img":"https://fd8-photos.leclercdrive.fr/image.ashx?id=2922382&use=l&cat=p&typeid=i","cat":284532},{"id":689,"n":"Thé glacé Fresh Tea Pêche - Canette -  6x33cl","p":2.49,"u":"1,26 €/L","img":"https://fd8-photos.leclercdrive.fr/image.ashx?id=2622239&use=l&cat=p&typeid=i","cat":295019},{"id":700,"n":"Bière blonde 1664 5,5° - 4x50cl canettes","p":4.78,"u":"2,39 €/L","img":"https://fd8-photos.leclercdrive.fr/image.ashx?id=2793536&use=l&cat=p&typeid=i","cat":334853},{"id":731,"n":"Bière blonde forte Falsbourg Canette - 8%vol. - 50cl","p":0.98,"u":"1,96 €/L","img":"https://fd8-photos.leclercdrive.fr/image.ashx?id=2637838&use=l&cat=p&typeid=i","cat":334853},{"id":737,"n":"Rhum blanc Lagoa 40%vol - 70cl","p":9.99,"u":"14,27 €/L","img":"https://fd8-photos.leclercdrive.fr/image.ashx?id=2966469&use=l&cat=p&typeid=i","cat":284550},{"id":741,"n":"IGP Pays d'Oc Chardonnay Blanc Vieux Carion 13% vol -75 cl","p":2.75,"u":"3,67 €/L","img":"https://fd8-photos.leclercdrive.fr/image.ashx?id=2874690&use=l&cat=p&typeid=i","cat":289557},{"id":742,"n":"AOP Cabernet d'Anjou vin rosé Les Caractères - BIB 3L - 11%","p":13.49,"u":"4,50 €/L","img":"https://fd8-photos.leclercdrive.fr/image.ashx?id=2940902&use=l&cat=p&typeid=i","cat":289560},{"id":744,"n":"Cidre bouché Les Goelleries Breton brut 5%vol. - 75cl","p":1.99,"u":"2,65 €/L","img":"https://fd8-photos.leclercdrive.fr/image.ashx?id=2842184&use=l&cat=p&typeid=i","cat":334880},{"id":749,"n":"Camembert Les Croisés 20%MG - 250g","p":1.53,"u":"6,12 €/KG","img":"https://fd8-photos.leclercdrive.fr/image.ashx?id=2974762&use=l&cat=p&typeid=i","cat":314033},{"id":750,"n":"Camembert de Pays Les Croisés 21% mg - 250 gr","p":1.75,"u":"7,00 €/KG","img":"https://fd8-photos.leclercdrive.fr/image.ashx?id=2974795&use=l&cat=p&typeid=i","cat":314033},{"id":751,"n":"Coulommiers Les Croisés Tendre/Onctueux - 24%mg - 350g","p":2.15,"u":"6,14 €/KG","img":"https://fd8-photos.leclercdrive.fr/image.ashx?id=2974768&use=l&cat=p&typeid=i","cat":314033},{"id":752,"n":"Petit Brie Les Croisés 32% matière grasse - 500g","p":4.31,"u":"8,62 €/KG","img":"https://fd8-photos.leclercdrive.fr/image.ashx?id=2974792&use=l&cat=p&typeid=i","cat":314033},{"id":753,"n":"Pointe de Brie Les Croisés 32% mg - 200g","p":1.45,"u":"7,25 €/KG","img":"https://fd8-photos.leclercdrive.fr/image.ashx?id=2974771&use=l&cat=p&typeid=i","cat":314033},{"id":754,"n":"Fromage Les Croisés Coeur Crème Lait pasteurisé 33%mg - 300g","p":2.29,"u":"7,63 €/KG","img":"https://fd8-photos.leclercdrive.fr/image.ashx?id=2625068&use=l&cat=p&typeid=i","cat":314033},{"id":757,"n":"Fromage Comté Entremont 32 %mg - 350g","p":5.3,"u":"15,14 €/KG","img":"https://fd8-photos.leclercdrive.fr/image.ashx?id=2983147&use=l&cat=p&typeid=i","cat":314034},{"id":760,"n":"Emmental fromage bloc Les Croisés - 250g","p":2.24,"u":"8,96 €/KG","img":"https://fd8-photos.leclercdrive.fr/image.ashx?id=2904550&use=l&cat=p&typeid=i","cat":314034},{"id":764,"n":"Fromage Bleu Les Croisés Lait pasteurisé 31% mg - 250g","p":2.29,"u":"9,16 €/KG","img":"https://fd8-photos.leclercdrive.fr/image.ashx?id=2642100&use=l&cat=p&typeid=i","cat":314032},{"id":768,"n":"Fromage de chèvre Les Croisés Lait pasteurisé 22%mg - 180g","p":2.29,"u":"12,72 €/KG","img":"https://fd8-photos.leclercdrive.fr/image.ashx?id=2048615&use=l&cat=p&typeid=i","cat":314031},{"id":769,"n":"Fromage de Brebis Les Croisés -Tranche - 200g","p":2.22,"u":"11,10 €/KG","img":"https://fd8-photos.leclercdrive.fr/image.ashx?id=2237499&use=l&cat=p&typeid=i","cat":314031},{"id":786,"n":"Chaussée aux Moines 450g","p":3.99,"u":"8,87 €/KG","img":"https://fd8-photos.leclercdrive.fr/image.ashx?id=2771166&use=l&cat=p&typeid=i","cat":329184},{"id":794,"n":"Rocamadour NRT AOP  Fromage de chèvre - 3x35g","p":2.69,"u":"25,62 €/KG","img":"https://fd8-photos.leclercdrive.fr/image.ashx?id=2954142&use=l&cat=p&typeid=i","cat":314031},{"id":795,"n":"Fromage Brique Les Croisés Lait pasteurisé 60%mg - 200g","p":1.74,"u":"8,70 €/KG","img":"https://fd8-photos.leclercdrive.fr/image.ashx?id=2615804&use=l&cat=p&typeid=i","cat":314033},{"id":796,"n":"Fromage raclette Les Croisés Tranchette lait pasteurisé 400g","p":3.89,"u":"9,73 €/KG","img":"https://fd8-photos.leclercdrive.fr/image.ashx?id=2791704&use=l&cat=p&typeid=i","cat":314037},{"id":800,"n":"Mozzarella Les Croisés - 125g","p":0.93,"u":"7,44 €/KG","img":"https://fd8-photos.leclercdrive.fr/image.ashx?id=2122682&use=l&cat=p&typeid=i","cat":314026},{"id":806,"n":"Emmental fromage rapé Les Croisés - 500g","p":3.99,"u":"7,98 €/KG","img":"https://fd8-photos.leclercdrive.fr/image.ashx?id=2791698&use=l&cat=p&typeid=i","cat":314035},{"id":807,"n":"Emmental fromage rapé Les Croisés - 200g","p":1.65,"u":"8,25 €/KG","img":"https://fd8-photos.leclercdrive.fr/image.ashx?id=2791230&use=l&cat=p&typeid=i","cat":314035},{"id":808,"n":"Emmental fromage rapé Les Croisés - 100g","p":1.1,"u":"11,00 €/KG","img":"https://fd8-photos.leclercdrive.fr/image.ashx?id=2893283&use=l&cat=p&typeid=i","cat":314035},{"id":809,"n":"Râpé Parmigiano Reggiano AOP Les Croisés - 60g","p":1.1,"u":"18,33 €/KG","img":"https://fd8-photos.leclercdrive.fr/image.ashx?id=2903944&use=l&cat=p&typeid=i","cat":314035},{"id":810,"n":"Râpé Grana Padano AOP Les Croisés - 100g","p":1.5,"u":"15,00 €/KG","img":"https://fd8-photos.leclercdrive.fr/image.ashx?id=2903935&use=l&cat=p&typeid=i","cat":314035},{"id":816,"n":"Yaourts Délisse Nature - 16x125g","p":2.25,"u":"1,13 €/KG","img":"https://fd8-photos.leclercdrive.fr/image.ashx?id=2974756&use=l&cat=p&typeid=i","cat":284409},{"id":817,"n":"Yaourts Délisse Nature - 12x125g","p":1.85,"u":"1,23 €/KG","img":"https://fd8-photos.leclercdrive.fr/image.ashx?id=2971867&use=l&cat=p&typeid=i","cat":284409},{"id":818,"n":"Yaourts brassés Délisse  Nature - 8x125g","p":1.65,"u":"1,65 €/KG","img":"https://fd8-photos.leclercdrive.fr/image.ashx?id=2742611&use=l&cat=p&typeid=i","cat":284409},{"id":819,"n":"Yaourts brassés Délisse Nature - 16x125g","p":2.99,"u":"1,50 €/KG","img":"https://fd8-photos.leclercdrive.fr/image.ashx?id=3003049&use=l&cat=p&typeid=i","cat":284409},{"id":821,"n":"Yaourts sucrés Délisse Nature - 16x125g","p":2.69,"u":"1,35 €/KG","img":"https://fd8-photos.leclercdrive.fr/image.ashx?id=2591485&use=l&cat=p&typeid=i","cat":284409},{"id":822,"n":"Yaourts à la Grecque Délisse Nature - 4x150g","p":1.29,"u":"2,15 €/KG","img":"https://fd8-photos.leclercdrive.fr/image.ashx?id=2699405&use=l&cat=p&typeid=i","cat":314999},{"id":834,"n":"Yaourts La Laitière Fruits pâtissiers - 12x125g","p":4.53,"u":"3,02 €/KG","img":"https://fd8-photos.leclercdrive.fr/image.ashx?id=2578684&use=l&cat=p&typeid=i","cat":314999},{"id":839,"n":"Yaourts crémeux Délisse Panaché de fruits - 16x125g","p":4.32,"u":"2,16 €/KG","img":"https://fd8-photos.leclercdrive.fr/image.ashx?id=2799236&use=l&cat=p&typeid=i","cat":284410},{"id":841,"n":"Yaourts brassés Délisse Panaché de fruits - 16x125g","p":3.26,"u":"1,63 €/KG","img":"https://fd8-photos.leclercdrive.fr/image.ashx?id=2494211&use=l&cat=p&typeid=i","cat":284410},{"id":842,"n":"Yaourts aux fruits Délisse Panaché de fruits - 16x125g","p":3.78,"u":"1,89 €/KG","img":"https://fd8-photos.leclercdrive.fr/image.ashx?id=2609544&use=l&cat=p&typeid=i","cat":284410},{"id":843,"n":"Yaourts Crème Délisse Stracciatella - 4x125g","p":2.04,"u":"4,08 €/KG","img":"https://fd8-photos.leclercdrive.fr/image.ashx?id=2117120&use=l&cat=p&typeid=i","cat":314999},{"id":855,"n":"Yaourts brassés Déli'light  Nature - 0% MG - 8x125g","p":2.13,"u":"2,13 €/KG","img":"https://fd8-photos.leclercdrive.fr/image.ashx?id=2865041&use=l&cat=p&typeid=i","cat":315000},{"id":871,"n":"Yaourts à boire DéliUp' Délisse Nature - 10x100g","p":2.85,"u":"2,85 €/KG","img":"https://fd8-photos.leclercdrive.fr/image.ashx?id=1713612&use=l&cat=p&typeid=i","cat":284415},{"id":872,"n":"Actifidus Delisse Nature - 12x125g","p":2.23,"u":"1,49 €/KG","img":"https://fd8-photos.leclercdrive.fr/image.ashx?id=2452666&use=l&cat=p&typeid=i","cat":315000},{"id":879,"n":"Fromage blanc sous mousse  Gervita nature - 4x100g","p":1.88,"u":"4,70 €/KG","img":"https://fd8-photos.leclercdrive.fr/image.ashx?id=2746157&use=l&cat=p&typeid=i","cat":284409},{"id":887,"n":"Fromage frais Délisse Fruits panachés 22%mg - 12x50g","p":1.51,"u":"2,52 €/KG","img":"https://fd8-photos.leclercdrive.fr/image.ashx?id=2922491&use=l&cat=p&typeid=i","cat":284414},{"id":890,"n":"Fromage frais Délisse Nature 3,8% MG - 12x60g","p":1.64,"u":"2,28 €/KG","img":"https://fd8-photos.leclercdrive.fr/image.ashx?id=799431&use=l&cat=p&typeid=i","cat":284409},{"id":892,"n":"Fromage frais Duodélisse Nature - 8x100g","p":2.79,"u":"3,49 €/KG","img":"https://fd8-photos.leclercdrive.fr/image.ashx?id=2387316&use=l&cat=p&typeid=i","cat":284409},{"id":894,"n":"Fromage blanc Délisse Nature 0% MG - 8x100g","p":1.79,"u":"2,24 €/KG","img":"https://fd8-photos.leclercdrive.fr/image.ashx?id=2898817&use=l&cat=p&typeid=i","cat":315000},{"id":895,"n":"Fromage blanc Délisse Nature - 3,1% MG - 8x100g","p":1.79,"u":"2,24 €/KG","img":"https://fd8-photos.leclercdrive.fr/image.ashx?id=3012791&use=l&cat=p&typeid=i","cat":284409},{"id":897,"n":"Fromage blanc Délisse Nature 3.1% MG - 1kg","p":1.97,"u":"1,97 €/KG","img":"https://fd8-photos.leclercdrive.fr/image.ashx?id=3012788&use=l&cat=p&typeid=i","cat":284409},{"id":909,"n":"Crème dessert Danette Chocolat et lait - 6x70g","p":1.63,"u":"3,88 €/KG","img":"https://fd8-photos.leclercdrive.fr/image.ashx?id=1984855&use=l&cat=p&typeid=i","cat":285041},{"id":918,"n":"Crème dessert Délisse Café - 4x125g","p":0.89,"u":"1,78 €/KG","img":"https://fd8-photos.leclercdrive.fr/image.ashx?id=2441048&use=l&cat=p&typeid=i","cat":285041},{"id":919,"n":"Crème dessert Délisse Caramel - 4x125g","p":0.91,"u":"1,82 €/KG","img":"https://fd8-photos.leclercdrive.fr/image.ashx?id=2854204&use=l&cat=p&typeid=i","cat":285041},{"id":920,"n":"Crème dessert Délisse Chocolat - 4x125g","p":0.95,"u":"1,90 €/KG","img":"https://fd8-photos.leclercdrive.fr/image.ashx?id=2854207&use=l&cat=p&typeid=i","cat":285041},{"id":921,"n":"Crème dessert Délisse Vanille - 4x125g","p":0.89,"u":"1,78 €/KG","img":"https://fd8-photos.leclercdrive.fr/image.ashx?id=2854210&use=l&cat=p&typeid=i","cat":285041},{"id":922,"n":"Crème dessert Délisse Praliné - 4x125g","p":0.95,"u":"1,90 €/KG","img":"https://fd8-photos.leclercdrive.fr/image.ashx?id=2441066&use=l&cat=p&typeid=i","cat":285041},{"id":923,"n":"Crème dessert Délisse Panaché - 12x125g","p":2.83,"u":"1,89 €/KG","img":"https://fd8-photos.leclercdrive.fr/image.ashx?id=2465211&use=l&cat=p&typeid=i","cat":285041},{"id":924,"n":"Petit pot de crème Délisse Chocolat - 4x100g","p":1.88,"u":"4,70 €/KG","img":"https://fd8-photos.leclercdrive.fr/image.ashx?id=2544967&use=l&cat=p&typeid=i","cat":285041},{"id":925,"n":"Petit pot de crème Délisse Vanille - 4x100g","p":1.74,"u":"4,35 €/KG","img":"https://fd8-photos.leclercdrive.fr/image.ashx?id=2556508&use=l&cat=p&typeid=i","cat":285041},{"id":927,"n":"Petit pot de crème Délisse Caramel - 4x100g","p":1.85,"u":"4,63 €/KG","img":"https://fd8-photos.leclercdrive.fr/image.ashx?id=2556511&use=l&cat=p&typeid=i","cat":285041},{"id":931,"n":"Dessert Liégeois Délisse Café - 4x100g","p":0.99,"u":"2,48 €/KG","img":"https://fd8-photos.leclercdrive.fr/image.ashx?id=1703224&use=l&cat=p&typeid=i","cat":285042},{"id":932,"n":"Dessert Liégeois Délisse Chocolat - 4x100g","p":1.1,"u":"2,75 €/KG","img":"https://fd8-photos.leclercdrive.fr/image.ashx?id=1868860&use=l&cat=p&typeid=i","cat":285042},{"id":933,"n":"Dessert Liégeois Délisse Chocolat Café - 8x100g","p":2.19,"u":"2,74 €/KG","img":"https://fd8-photos.leclercdrive.fr/image.ashx?id=1703227&use=l&cat=p&typeid=i","cat":285042},{"id":934,"n":"Dessert Liégeois Délisse Chocolat - 12x100g","p":3.14,"u":"2,62 €/KG","img":"https://fd8-photos.leclercdrive.fr/image.ashx?id=1868857&use=l&cat=p&typeid=i","cat":285042},{"id":935,"n":"Dessert Liégeois Délisse Vanille Caramel - 8x100g","p":1.98,"u":"2,48 €/KG","img":"https://fd8-photos.leclercdrive.fr/image.ashx?id=1713618&use=l&cat=p&typeid=i","cat":285042},{"id":936,"n":"Riz au lait Délisse  Vanille - 4x115g","p":1.35,"u":"2,93 €/KG","img":"https://fd8-photos.leclercdrive.fr/image.ashx?id=2489107&use=l&cat=p&typeid=i","cat":284418},{"id":939,"n":"Semoule au lait Délisse Vanille - 4x115g","p":1.09,"u":"2,37 €/KG","img":"https://fd8-photos.leclercdrive.fr/image.ashx?id=2254514&use=l&cat=p&typeid=i","cat":284418},{"id":940,"n":"Gâteaux de riz Délisse 4x100g","p":1.49,"u":"3,73 €/KG","img":"https://fd8-photos.leclercdrive.fr/image.ashx?id=2898820&use=l&cat=p&typeid=i","cat":284418},{"id":941,"n":"Mousse liégeoise Viennois  Chocolat - 8x90g","p":3.11,"u":"4,32 €/KG","img":"https://fd8-photos.leclercdrive.fr/image.ashx?id=2855043&use=l&cat=p&typeid=i","cat":284417},{"id":942,"n":"Mousse à la liégeoise Délisse Vanille - 8x80g","p":2.62,"u":"4,09 €/KG","img":"https://fd8-photos.leclercdrive.fr/image.ashx?id=3009487&use=l&cat=p&typeid=i","cat":284417},{"id":943,"n":"Mousse Délisse Chocolat noir - 4x60g","p":1.15,"u":"4,79 €/KG","img":"https://fd8-photos.leclercdrive.fr/image.ashx?id=3009493&use=l&cat=p&typeid=i","cat":284417},{"id":944,"n":"Mousse au chocolat Délisse Chocolat au lait - 4x60g","p":1.15,"u":"4,79 €/KG","img":"https://fd8-photos.leclercdrive.fr/image.ashx?id=3009496&use=l&cat=p&typeid=i","cat":284417},{"id":947,"n":"Crème de marron Délisse 4x11,5cl","p":1.55,"u":"3,37 €/L","img":"https://fd8-photos.leclercdrive.fr/image.ashx?id=3009508&use=l&cat=p&typeid=i","cat":284417},{"id":955,"n":"Ile flottante Délisse Crème anglaise - 4x100g","p":1.89,"u":"4,73 €/KG","img":"https://fd8-photos.leclercdrive.fr/image.ashx?id=2860706&use=l&cat=p&typeid=i","cat":284419},{"id":959,"n":"Flan Délisse Vanille Caramel - 4x100g","p":0.79,"u":"1,98 €/KG","img":"https://fd8-photos.leclercdrive.fr/image.ashx?id=2851640&use=l&cat=p&typeid=i","cat":284420},{"id":970,"n":"Boisson lactée au cacao Cacolac Bouteilles - 8x20cl","p":5.49,"u":"3,43 €/L","img":"https://fd8-photos.leclercdrive.fr/image.ashx?id=2762085&use=l&cat=p&typeid=i","cat":295246},{"id":979,"n":"Beurre Mini Elle&Vire  Doux - 82% MG - 16P - 200g","p":2.88,"u":"14,40 €/KG","img":"https://fd8-photos.leclercdrive.fr/image.ashx?id=2528397&use=l&cat=p&typeid=i","cat":284379},{"id":981,"n":"Beurre Montfleuri Doux - 60% MG - 250g","p":1.93,"u":"7,72 €/KG","img":"https://fd8-photos.leclercdrive.fr/image.ashx?id=2988569&use=l&cat=p&typeid=i","cat":284379},{"id":983,"n":"Beurre Tendre Les Croisés Doux - 82% MG - 250g","p":2.59,"u":"10,36 €/KG","img":"https://fd8-photos.leclercdrive.fr/image.ashx?id=2778015&use=l&cat=p&typeid=i","cat":284379},{"id":984,"n":"Beurre Extra fin Les Croisés Doux - 82% MG - 250g","p":2.95,"u":"11,80 €/KG","img":"https://fd8-photos.leclercdrive.fr/image.ashx?id=2839873&use=l&cat=p&typeid=i","cat":284379},{"id":985,"n":"Beurre de Bretagne Les Croisés Doux - 82% MG - 500g","p":4.89,"u":"9,78 €/KG","img":"https://fd8-photos.leclercdrive.fr/image.ashx?id=2943605&use=l&cat=p&typeid=i","cat":284379},{"id":986,"n":"Beurre de Baratte d'Isigny NRT AOP 82% MG - Doux - 250g","p":3.05,"u":"12,20 €/KG","img":"https://fd8-photos.leclercdrive.fr/image.ashx?id=2657274&use=l&cat=p&typeid=i","cat":284379},{"id":988,"n":"Beurre Les Croisés 80% MG  Demi-sel Extra fin - 250g","p":2.39,"u":"9,56 €/KG","img":"https://fd8-photos.leclercdrive.fr/image.ashx?id=2485062&use=l&cat=p&typeid=i","cat":284379},{"id":989,"n":"Beurre Tendre Les Croisés Demi-sel - 80% MG - 250g","p":2.62,"u":"10,48 €/KG","img":"https://fd8-photos.leclercdrive.fr/image.ashx?id=2778000&use=l&cat=p&typeid=i","cat":284379},{"id":990,"n":"Beurre Tendre Les Croisés Doux - 82% MG - 250g","p":2.29,"u":"9,16 €/KG","img":"https://fd8-photos.leclercdrive.fr/image.ashx?id=2839887&use=l&cat=p&typeid=i","cat":284379},{"id":991,"n":"Beurre de Bretagne Les Croisés Demi-sel - 80% MG - 500g","p":4.89,"u":"9,78 €/KG","img":"https://fd8-photos.leclercdrive.fr/image.ashx?id=2943602&use=l&cat=p&typeid=i","cat":284379},{"id":1003,"n":"Crème UHT Elle & Vire Fluide Entière - 30% MG - 1L","p":5.31,"u":"5,31 €/L","img":"https://fd8-photos.leclercdrive.fr/image.ashx?id=3008554&use=l&cat=p&typeid=i","cat":284381},{"id":1004,"n":"Crème UHT Elle&Vire Semi-Ep. Si Légère - 4% MG - 3x20cl","p":2.61,"u":"4,35 €/L","img":"https://fd8-photos.leclercdrive.fr/image.ashx?id=2985282&use=l&cat=p&typeid=i","cat":284381},{"id":1005,"n":"Crème Chantilly sucrée Délisse Entière sous pression - 250g","p":1.95,"u":"7,80 €/KG","img":"https://fd8-photos.leclercdrive.fr/image.ashx?id=3002512&use=l&cat=p&typeid=i","cat":284382},{"id":1006,"n":"Crème Chantilly sucrée Délisse Allégée sous pression - 250g","p":1.85,"u":"7,40 €/KG","img":"https://fd8-photos.leclercdrive.fr/image.ashx?id=3002515&use=l&cat=p&typeid=i","cat":284382},{"id":1008,"n":"Crème entière fluide Délisse 30%mg - 3x20cl","p":2.65,"u":"4,42 €/L","img":"https://fd8-photos.leclercdrive.fr/image.ashx?id=2509977&use=l&cat=p&typeid=i","cat":284381},{"id":1009,"n":"Crème légère semi-épaisse   Délisse 18%mg - 3x20cl","p":2.1,"u":"3,50 €/L","img":"https://fd8-photos.leclercdrive.fr/image.ashx?id=3002554&use=l&cat=p&typeid=i","cat":284381},{"id":1010,"n":"Crème entière d'Isigny AOP NRT 40cl","p":2.99,"u":"7,48 €/L","img":"https://fd8-photos.leclercdrive.fr/image.ashx?id=2255331&use=l&cat=p&typeid=i","cat":284381},{"id":1011,"n":"Crème fraîche légère Délisse Epaisse - 15% MG - 20cl","p":0.7,"u":"3,50 €/L","img":"https://fd8-photos.leclercdrive.fr/image.ashx?id=832927&use=l&cat=p&typeid=i","cat":284381},{"id":1012,"n":"Crème fraîche légère Délisse Epaisse - 15% MG  - 50cl","p":1.55,"u":"3,10 €/L","img":"https://fd8-photos.leclercdrive.fr/image.ashx?id=3002539&use=l&cat=p&typeid=i","cat":284381},{"id":1013,"n":"Crème fraîche entière Délisse Epaisse - 30% MG - 20cl","p":0.84,"u":"4,20 €/L","img":"https://fd8-photos.leclercdrive.fr/image.ashx?id=832931&use=l&cat=p&typeid=i","cat":284381},{"id":1014,"n":"Crème fraîche entière Délisse Epaisse - 30% MG- 50cl","p":1.95,"u":"3,90 €/L","img":"https://fd8-photos.leclercdrive.fr/image.ashx?id=3002524&use=l&cat=p&typeid=i","cat":284381},{"id":1019,"n":"Jambon Italien Saint Azay x6 - 100g","p":1.75,"u":"17,50 €/KG","img":"https://fd8-photos.leclercdrive.fr/image.ashx?id=2466871&use=l&cat=p&typeid=i","cat":316007},{"id":1021,"n":"Rosette de lyon Saint Azay 10 tranches - 100g","p":2.99,"u":"29,90 €/KG","img":"https://fd8-photos.leclercdrive.fr/image.ashx?id=2114415&use=l&cat=p&typeid=i","cat":316007},{"id":1022,"n":"Bacon Saint Azay x15 - 150g","p":1.79,"u":"11,93 €/KG","img":"https://fd8-photos.leclercdrive.fr/image.ashx?id=2974957&use=l&cat=p&typeid=i","cat":316007},{"id":1026,"n":"Assiette charcuterie Saint Azay 200g","p":5.54,"u":"27,70 €/KG","img":"https://fd8-photos.leclercdrive.fr/image.ashx?id=1290640&use=l&cat=p&typeid=i","cat":316007},{"id":1027,"n":"Plateau charcuteries Alsace NRT 200g","p":2.04,"u":"10,20 €/KG","img":"https://fd8-photos.leclercdrive.fr/image.ashx?id=2991479&use=l&cat=p&typeid=i","cat":316012},{"id":1029,"n":"Mini saucissons secs Saint Azay Nature - 75g","p":1.29,"u":"17,20 €/KG","img":"https://fd8-photos.leclercdrive.fr/image.ashx?id=2943617&use=l&cat=p&typeid=i","cat":316006},{"id":1032,"n":"Saucisse sèche Saint Azay Qualité supérieure - 300g","p":3.46,"u":"11,53 €/KG","img":"https://fd8-photos.leclercdrive.fr/image.ashx?id=2283978&use=l&cat=p&typeid=i","cat":316006},{"id":1033,"n":"Chorizo Doux Saint Azay 225g","p":1.89,"u":"8,40 €/KG","img":"https://fd8-photos.leclercdrive.fr/image.ashx?id=2293375&use=l&cat=p&typeid=i","cat":316006},{"id":1034,"n":"Chorizo Fort Saint Azay 225g","p":1.89,"u":"8,40 €/KG","img":"https://fd8-photos.leclercdrive.fr/image.ashx?id=2293378&use=l&cat=p&typeid=i","cat":316006},{"id":1035,"n":"Chorizo Extra Fort Saint Azay 225g","p":1.89,"u":"8,40 €/KG","img":"https://fd8-photos.leclercdrive.fr/image.ashx?id=2753466&use=l&cat=p&typeid=i","cat":316006},{"id":1039,"n":"Jambon Tranché Fin FleuryMichon à l'italienne x4 - 120g","p":2.48,"u":"20,67 €/KG","img":"https://fd8-photos.leclercdrive.fr/image.ashx?id=2889304&use=l&cat=p&typeid=i","cat":316009},{"id":1058,"n":"Jambon serrano IGP Saint Azay 6 tranches - 100g","p":1.69,"u":"16,90 €/KG","img":"https://fd8-photos.leclercdrive.fr/image.ashx?id=2850422&use=l&cat=p&typeid=i","cat":316007},{"id":1069,"n":"Saucisses de Montbéliard IGP NRT - 250g","p":3.19,"u":"12,76 €/KG","img":"https://fd8-photos.leclercdrive.fr/image.ashx?id=2991470&use=l&cat=p&typeid=i","cat":316012},{"id":1070,"n":"Saucisse de Morteau NRT IGP - 350g","p":5.41,"u":"15,46 €/KG","img":"https://fd8-photos.leclercdrive.fr/image.ashx?id=2991464&use=l&cat=p&typeid=i","cat":316012},{"id":1071,"n":"Coppa italienne Saint Azay 10 tranches 100 g","p":1.98,"u":"19,80 €/KG","img":"https://fd8-photos.leclercdrive.fr/image.ashx?id=2665844&use=l&cat=p&typeid=i","cat":316007},{"id":1081,"n":"Véritables Knacks d'Alsace NRT X4 - 260g","p":2.79,"u":"10,73 €/KG","img":"https://fd8-photos.leclercdrive.fr/image.ashx?id=2991488&use=l&cat=p&typeid=i","cat":316012},{"id":1087,"n":"Pâté en croûte St Azay 450g","p":2.65,"u":"5,89 €/KG","img":"https://fd8-photos.leclercdrive.fr/image.ashx?id=2932396&use=l&cat=p&typeid=i","cat":316003},{"id":1103,"n":"Foie gras de canard entier Pierre de Chaumeyrac - 180g","p":15.48,"u":"86,00 €/KG","img":"https://fd8-photos.leclercdrive.fr/image.ashx?id=2801040&use=l&cat=p&typeid=i","cat":316008},{"id":1104,"n":"Foie gras canard IGP Périgord Entier NRT - 300g","p":23.9,"u":"79,67 €/KG","img":"https://fd8-photos.leclercdrive.fr/image.ashx?id=2807318&use=l&cat=p&typeid=i","cat":316008},{"id":1105,"n":"Carottes râpées Menu Fraîcheur  Assaisonnées - 500g","p":0.99,"u":"1,98 €/KG","img":"https://fd8-photos.leclercdrive.fr/image.ashx?id=2850811&use=l&cat=p&typeid=i","cat":333657},{"id":1106,"n":"Céleri Menu Fraîcheur  Rémoulade - 300g","p":0.99,"u":"3,30 €/KG","img":"https://fd8-photos.leclercdrive.fr/image.ashx?id=2819929&use=l&cat=p&typeid=i","cat":333657},{"id":1107,"n":"Taboulé Menu Fraîcheur A l'orientale - 300g","p":0.99,"u":"3,30 €/KG","img":"https://fd8-photos.leclercdrive.fr/image.ashx?id=2816546&use=l&cat=p&typeid=i","cat":333657},{"id":1108,"n":"Taboulé Menu Fraîcheur A l'orientale - 500g","p":1.39,"u":"2,78 €/KG","img":"https://fd8-photos.leclercdrive.fr/image.ashx?id=2816549&use=l&cat=p&typeid=i","cat":333657},{"id":1109,"n":"Taboule Menu Fraîcheur Au poulet - 300g","p":1.39,"u":"4,63 €/KG","img":"https://fd8-photos.leclercdrive.fr/image.ashx?id=2901431&use=l&cat=p&typeid=i","cat":333657},{"id":1115,"n":"Croque-monsieur Côté Croc 2x100g","p":1.36,"u":"6,80 €/KG","img":"https://fd8-photos.leclercdrive.fr/image.ashx?id=2873661&use=l&cat=p&typeid=i","cat":333671},{"id":1117,"n":"Manchons de poulet Côté Croc 250g","p":2.49,"u":"9,96 €/KG","img":"https://fd8-photos.leclercdrive.fr/image.ashx?id=2560467&use=l&cat=p&typeid=i","cat":333685},{"id":1118,"n":"Manchons de poulet Côté Croc Méxicaine - 250g","p":2.49,"u":"9,96 €/KG","img":"https://fd8-photos.leclercdrive.fr/image.ashx?id=2570031&use=l&cat=p&typeid=i","cat":333685},{"id":1121,"n":"Sandwich Côté Snack Jambon emmental - 145g","p":1.19,"u":"8,21 €/KG","img":"https://fd8-photos.leclercdrive.fr/image.ashx?id=2609547&use=l&cat=p&typeid=i","cat":333658},{"id":1125,"n":"Cordons bleus Côté Croc Dinde - 200g","p":1.95,"u":"9,75 €/KG","img":"https://fd8-photos.leclercdrive.fr/image.ashx?id=2915113&use=l&cat=p&typeid=i","cat":333683},{"id":1126,"n":"Nuggets de poulet Côté Croc x10 - 200g","p":1.52,"u":"7,60 €/KG","img":"https://fd8-photos.leclercdrive.fr/image.ashx?id=2883312&use=l&cat=p&typeid=i","cat":333684},{"id":1127,"n":"Croque Fromage Père Dodu  x2 - 200g","p":1.76,"u":"8,80 €/KG","img":"https://fd8-photos.leclercdrive.fr/image.ashx?id=2956981&use=l&cat=p&typeid=i","cat":333683},{"id":1133,"n":"Nuggets de Poulet Père Dodu  x10 - 200g","p":2.09,"u":"10,45 €/KG","img":"https://fd8-photos.leclercdrive.fr/image.ashx?id=2956972&use=l&cat=p&typeid=i","cat":333684},{"id":1134,"n":"Nuggets de Fromage Père Dodu  x10 - 180g","p":2.23,"u":"12,39 €/KG","img":"https://fd8-photos.leclercdrive.fr/image.ashx?id=2956990&use=l&cat=p&typeid=i","cat":333684},{"id":1135,"n":"Pizza fraîche Turini Jambon fromage - 450g","p":2.39,"u":"5,31 €/KG","img":"https://fd8-photos.leclercdrive.fr/image.ashx?id=2709719&use=l&cat=p&typeid=i","cat":333679},{"id":1136,"n":"Pizza fraîche Turini 4 fromages - 450g","p":2.49,"u":"5,53 €/KG","img":"https://fd8-photos.leclercdrive.fr/image.ashx?id=2967639&use=l&cat=p&typeid=i","cat":333679},{"id":1137,"n":"Pizza Turini Chèvre lardons - 450g","p":2.58,"u":"5,73 €/KG","img":"https://fd8-photos.leclercdrive.fr/image.ashx?id=2727611&use=l&cat=p&typeid=i","cat":333679},{"id":1142,"n":"Ravioli Lustucru Selection  Boeuf - 300g","p":1.81,"u":"6,03 €/KG","img":"https://fd8-photos.leclercdrive.fr/image.ashx?id=2938659&use=l&cat=p&typeid=i","cat":333682},{"id":1144,"n":"Ravioli jambon Turini 300g","p":2.06,"u":"6,87 €/KG","img":"https://fd8-photos.leclercdrive.fr/image.ashx?id=2777997&use=l&cat=p&typeid=i","cat":333682},{"id":1145,"n":"Ravioli 4 fromages Turini 300g","p":1.49,"u":"4,97 €/KG","img":"https://fd8-photos.leclercdrive.fr/image.ashx?id=813114&use=l&cat=p&typeid=i","cat":333682},{"id":1147,"n":"Kit Pâte à pizza Croustipate 600g","p":2.99,"u":"4,98 €/KG","img":"https://fd8-photos.leclercdrive.fr/image.ashx?id=2161651&use=l&cat=p&typeid=i","cat":333681},{"id":1149,"n":"Pâte à pizza Tablier Blanc 260g","p":1.05,"u":"4,04 €/KG","img":"https://fd8-photos.leclercdrive.fr/image.ashx?id=2041773&use=l&cat=p&typeid=i","cat":333681},{"id":1150,"n":"Pâte sablée Tablier Blanc 230g","p":1.09,"u":"4,74 €/KG","img":"https://fd8-photos.leclercdrive.fr/image.ashx?id=2635898&use=l&cat=p&typeid=i","cat":333681},{"id":1151,"n":"Pâte feuilletée Tablier Blanc Au beurre - 230g","p":1.15,"u":"5,00 €/KG","img":"https://fd8-photos.leclercdrive.fr/image.ashx?id=2635895&use=l&cat=p&typeid=i","cat":333681},{"id":1152,"n":"Pâte feuilletée Tablier Blanc Prête à dérouler - 230g","p":0.74,"u":"3,22 €/KG","img":"https://fd8-photos.leclercdrive.fr/image.ashx?id=2635889&use=l&cat=p&typeid=i","cat":333681},{"id":1154,"n":"Lardons de saumon fumé Ronde des Mers - 90g","p":3.6,"u":"40,00 €/KG","img":"https://fd8-photos.leclercdrive.fr/image.ashx?id=2449975&use=l&cat=p&typeid=i","cat":285188},{"id":1163,"n":"Mini blinis Ronde des Mers x16 - 135g","p":0.99,"u":"7,33 €/KG","img":"https://fd8-photos.leclercdrive.fr/image.ashx?id=2981849&use=l&cat=p&typeid=i","cat":285191},{"id":1164,"n":"Bâtonnets surimi Pêche Océan MSC - 400g","p":2.19,"u":"5,48 €/KG","img":"https://fd8-photos.leclercdrive.fr/image.ashx?id=2981840&use=l&cat=p&typeid=i","cat":285189},{"id":1165,"n":"Bâtonnets Surimi Pêche Océan MSC - x30 - 500g","p":2.74,"u":"5,48 €/KG","img":"https://fd8-photos.leclercdrive.fr/image.ashx?id=2981864&use=l&cat=p&typeid=i","cat":285189},{"id":1166,"n":"Miettes de surimi Pêche Océan MSC - 180g","p":1.64,"u":"9,11 €/KG","img":"https://fd8-photos.leclercdrive.fr/image.ashx?id=2981861&use=l&cat=p&typeid=i","cat":285189},{"id":1167,"n":"Oeufs de lompe Ronde des mers Noir - MSC - 100g","p":2.6,"u":"26,00 €/KG","img":"https://fd8-photos.leclercdrive.fr/image.ashx?id=1511089&use=l&cat=p&typeid=i","cat":285191},{"id":1168,"n":"Filets de hareng Pêche Océan MSC - Doux - 200g","p":1.75,"u":"8,75 €/KG","img":"https://fd8-photos.leclercdrive.fr/image.ashx?id=2992489&use=l&cat=p&typeid=i","cat":285190},{"id":1169,"n":"Filets d'anchois Pêche Océan À l'huile d'olive - 105g","p":2.45,"u":"23,33 €/KG","img":"https://fd8-photos.leclercdrive.fr/image.ashx?id=2992504&use=l&cat=p&typeid=i","cat":285190},{"id":1178,"n":"Pizza Cuite sur pierre Volpone  Bolognaise - 400g","p":2.0,"u":"5,00 €/KG","img":"https://fd8-photos.leclercdrive.fr/image.ashx?id=2815208&use=l&cat=p&typeid=i","cat":284256},{"id":1179,"n":"Pizza Royale Turini Cuite au feu de bois - 440g","p":2.15,"u":"4,89 €/KG","img":"https://fd8-photos.leclercdrive.fr/image.ashx?id=2815199&use=l&cat=p&typeid=i","cat":284256},{"id":1180,"n":"Quiche Lorraine Côté Table 400g","p":2.49,"u":"6,23 €/KG","img":"https://fd8-photos.leclercdrive.fr/image.ashx?id=2869778&use=l&cat=p&typeid=i","cat":284257},{"id":1181,"n":"Tarte aux poireaux Côté Table - 400g","p":2.55,"u":"6,38 €/KG","img":"https://fd8-photos.leclercdrive.fr/image.ashx?id=2791710&use=l&cat=p&typeid=i","cat":284257},{"id":1182,"n":"Crêpes Côté Table Jambon fromage x6 - 300g","p":1.99,"u":"6,63 €/KG","img":"https://fd8-photos.leclercdrive.fr/image.ashx?id=2932402&use=l&cat=p&typeid=i","cat":319776},{"id":1183,"n":"Crêpes Côté Table Jambon fromage x20 1kg","p":3.89,"u":"3,89 €/KG","img":"https://fd8-photos.leclercdrive.fr/image.ashx?id=2932405&use=l&cat=p&typeid=i","cat":319776},{"id":1185,"n":"Steaks hachés Charal Pur Bœuf 15% MG 10x100g - 1kg","p":13.7,"u":"13,70 €/KG","img":"https://fd8-photos.leclercdrive.fr/image.ashx?id=2659300&use=l&cat=p&typeid=i","cat":319778},{"id":1186,"n":"Haché Extra Moelleux Charal 10x100g - 1kg","p":11.68,"u":"11,68 €/KG","img":"https://fd8-photos.leclercdrive.fr/image.ashx?id=2731735&use=l&cat=p&typeid=i","cat":319778},{"id":1187,"n":"Haché à l'oignon Charal 10x100g - 1kg","p":8.32,"u":"8,32 €/KG","img":"https://fd8-photos.leclercdrive.fr/image.ashx?id=2741940&use=l&cat=p&typeid=i","cat":319778},{"id":1191,"n":"Poisson Bordelaise Pêche Océan MSC - 400g","p":2.99,"u":"7,48 €/KG","img":"https://fd8-photos.leclercdrive.fr/image.ashx?id=2930081&use=l&cat=p&typeid=i","cat":319788},{"id":1192,"n":"Colin d'Alaska MSC Pêche Océan À l'oseille x2 - 400g","p":3.15,"u":"7,88 €/KG","img":"https://fd8-photos.leclercdrive.fr/image.ashx?id=2930099&use=l&cat=p&typeid=i","cat":319786},{"id":1193,"n":"Pané colin d'Alaska Pêche Océan x15 bâtonnets - MSC - 450g","p":2.27,"u":"5,04 €/KG","img":"https://fd8-photos.leclercdrive.fr/image.ashx?id=1682702&use=l&cat=p&typeid=i","cat":319788},{"id":1194,"n":"Calamars Pêche Océan A la romaine 40/60 - 500g","p":4.45,"u":"8,90 €/KG","img":"https://fd8-photos.leclercdrive.fr/image.ashx?id=2216298&use=l&cat=p&typeid=i","cat":319788},{"id":1196,"n":"Coquilles Saint-Jacques Coté Table - 4x90g","p":4.79,"u":"13,31 €/KG","img":"https://fd8-photos.leclercdrive.fr/image.ashx?id=2625071&use=l&cat=p&typeid=i","cat":319775},{"id":1197,"n":"Paëlla royale Côté Table Fruits de mer poulet 1kg","p":4.07,"u":"4,07 €/KG","img":"https://fd8-photos.leclercdrive.fr/image.ashx?id=2663353&use=l&cat=p&typeid=i","cat":284254},{"id":1201,"n":"Poêlée campagnarde Côté Table 900g","p":4.64,"u":"5,16 €/KG","img":"https://fd8-photos.leclercdrive.fr/image.ashx?id=2647414&use=l&cat=p&typeid=i","cat":319823},{"id":1202,"n":"Pâtes Carbonara Côté Table 900g","p":4.18,"u":"4,64 €/KG","img":"https://fd8-photos.leclercdrive.fr/image.ashx?id=2900064&use=l&cat=p&typeid=i","cat":284254},{"id":1211,"n":"Choux fleurs Notre Jardin Fleurettes 1kg","p":1.69,"u":"1,69 €/KG","img":"https://fd8-photos.leclercdrive.fr/image.ashx?id=2873024&use=l&cat=p&typeid=i","cat":319805},{"id":1212,"n":"Choux de Bruxelles Notre Jardin 1kg","p":1.95,"u":"1,95 €/KG","img":"https://fd8-photos.leclercdrive.fr/image.ashx?id=2873012&use=l&cat=p&typeid=i","cat":319805},{"id":1214,"n":"Haricots verts Notre jardin Très fins 1kg","p":1.82,"u":"1,82 €/KG","img":"https://fd8-photos.leclercdrive.fr/image.ashx?id=2900043&use=l&cat=p&typeid=i","cat":319805},{"id":1215,"n":"Haricots verts Notre Jardin Extra fins 1kg","p":1.85,"u":"1,85 €/KG","img":"https://fd8-photos.leclercdrive.fr/image.ashx?id=2873048&use=l&cat=p&typeid=i","cat":319805},{"id":1216,"n":"Courgettes Notre Jardin Rondelles 1kg","p":1.29,"u":"1,29 €/KG","img":"https://fd8-photos.leclercdrive.fr/image.ashx?id=2873096&use=l&cat=p&typeid=i","cat":319805},{"id":1217,"n":"Epinards Notre Jardin Branches - 1kg","p":1.3,"u":"1,30 €/KG","img":"https://fd8-photos.leclercdrive.fr/image.ashx?id=2873069&use=l&cat=p&typeid=i","cat":319805},{"id":1218,"n":"Epinards Notre Jardin Hâchés - 1kg","p":1.34,"u":"1,34 €/KG","img":"https://fd8-photos.leclercdrive.fr/image.ashx?id=2900037&use=l&cat=p&typeid=i","cat":319805},{"id":1219,"n":"Epinards Notre Jardin Hachés A la crème fraîche - 1kg","p":1.67,"u":"1,67 €/KG","img":"https://fd8-photos.leclercdrive.fr/image.ashx?id=2916656&use=l&cat=p&typeid=i","cat":319805},{"id":1221,"n":"Petits pois carottes Notre Jardin 1kg","p":2.25,"u":"2,25 €/KG","img":"https://fd8-photos.leclercdrive.fr/image.ashx?id=2900052&use=l&cat=p&typeid=i","cat":319805},{"id":1222,"n":"Petits pois Notre Jardin Extra fins 1kg","p":1.89,"u":"1,89 €/KG","img":"https://fd8-photos.leclercdrive.fr/image.ashx?id=2873063&use=l&cat=p&typeid=i","cat":319805},{"id":1223,"n":"Champignons Paris Notre jardin Emincés 1kg","p":1.95,"u":"1,95 €/KG","img":"https://fd8-photos.leclercdrive.fr/image.ashx?id=2873027&use=l&cat=p&typeid=i","cat":319805},{"id":1226,"n":"Légumes potage Notre Jardin 1kg","p":1.28,"u":"1,28 €/KG","img":"https://fd8-photos.leclercdrive.fr/image.ashx?id=2916647&use=l&cat=p&typeid=i","cat":319805},{"id":1227,"n":"Poêlée de légumes Notre Jardin Méridionale - 1kg","p":2.95,"u":"2,95 €/KG","img":"https://fd8-photos.leclercdrive.fr/image.ashx?id=2803948&use=l&cat=p&typeid=i","cat":319823},{"id":1228,"n":"Poêlée de légumes Notre jardin Champêtre - 1kg","p":2.99,"u":"2,99 €/KG","img":"https://fd8-photos.leclercdrive.fr/image.ashx?id=2832867&use=l&cat=p&typeid=i","cat":319823},{"id":1229,"n":"Poêlée de légumes Notre Jardin Bretonne - 1kg","p":2.61,"u":"2,61 €/KG","img":"https://fd8-photos.leclercdrive.fr/image.ashx?id=2803951&use=l&cat=p&typeid=i","cat":319823},{"id":1238,"n":"Pommes rissolées Pom'lisse 1kg","p":1.56,"u":"1,56 €/KG","img":"https://fd8-photos.leclercdrive.fr/image.ashx?id=2704597&use=l&cat=p&typeid=i","cat":319792},{"id":1239,"n":"Frites allumettes Pom'lisse 1kg","p":1.85,"u":"1,85 €/KG","img":"https://fd8-photos.leclercdrive.fr/image.ashx?id=2699378&use=l&cat=p&typeid=i","cat":319791},{"id":1240,"n":"Frites Pom'lisse 2.5 kg","p":4.55,"u":"1,82 €/KG","img":"https://fd8-photos.leclercdrive.fr/image.ashx?id=2699390&use=l&cat=p&typeid=i","cat":319791},{"id":1243,"n":"Frites Pom'lisse Au four - 600g","p":1.15,"u":"1,92 €/KG","img":"https://fd8-photos.leclercdrive.fr/image.ashx?id=2770678&use=l&cat=p&typeid=i","cat":319791},{"id":1244,"n":"Potatoes Pom'lisse Finement épicées - 600g","p":1.16,"u":"1,93 €/KG","img":"https://fd8-photos.leclercdrive.fr/image.ashx?id=2699663&use=l&cat=p&typeid=i","cat":319791},{"id":1245,"n":"Pommes noisettes Pom'lisse 1kg","p":1.88,"u":"1,88 €/KG","img":"https://fd8-photos.leclercdrive.fr/image.ashx?id=2958314&use=l&cat=p&typeid=i","cat":319792},{"id":1246,"n":"Pommes dauphine Pom'lisse 500g","p":1.5,"u":"3,00 €/KG","img":"https://fd8-photos.leclercdrive.fr/image.ashx?id=2699657&use=l&cat=p&typeid=i","cat":319792},{"id":1248,"n":"Frites Pom'lisse 1kg","p":1.87,"u":"1,87 €/KG","img":"https://fd8-photos.leclercdrive.fr/image.ashx?id=2699651&use=l&cat=p&typeid=i","cat":319791},{"id":1251,"n":"Crème glacée Eskiss Vanille de Madagascar - 494g","p":1.65,"u":"3,34 €/KG","img":"https://fd8-photos.leclercdrive.fr/image.ashx?id=2982592&use=l&cat=p&typeid=i","cat":284263},{"id":1252,"n":"Glace Smicy Vanille fraise chocolat - 345g","p":2.41,"u":"6,99 €/KG","img":"https://fd8-photos.leclercdrive.fr/image.ashx?id=2951113&use=l&cat=p&typeid=i","cat":285250},{"id":1309,"n":"Lessive Epsil gel main express Tube 250ml","p":1.55,"u":"6,20 €/L","img":"https://fd8-photos.leclercdrive.fr/image.ashx?id=2838906&use=l&cat=p&typeid=i","cat":284643},{"id":1335,"n":"Liquide vaisselle Visior Citron - 750ml","p":1.2,"u":"1,60 €/L","img":"https://fd8-photos.leclercdrive.fr/image.ashx?id=2930849&use=l&cat=p&typeid=i","cat":284655},{"id":1336,"n":"Liquide vaisselle Visior Ultra Peaux sensibles 500ml","p":0.64,"u":"1,28 €/L","img":"https://fd8-photos.leclercdrive.fr/image.ashx?id=2951116&use=l&cat=p&typeid=i","cat":284655},{"id":1344,"n":"Gants jetables Mamison latex T6 x10","p":1.33,"img":"https://fd8-photos.leclercdrive.fr/image.ashx?id=554721&use=l&cat=p&typeid=i","cat":284668},{"id":1345,"n":"Gants jetables Mamison latex T8 x10","p":1.33,"img":"https://fd8-photos.leclercdrive.fr/image.ashx?id=2742691&use=l&cat=p&typeid=i","cat":284668},{"id":1346,"n":"Eponges Mamison végétales Super absorbantes x3","p":1.17,"u":"0,39 €/P","img":"https://fd8-photos.leclercdrive.fr/image.ashx?id=2458052&use=l&cat=p&typeid=i","cat":284667},{"id":1358,"n":"Nettoyant Gel avec javel Clair 1L","p":1.09,"u":"1,09 €/L","img":"https://fd8-photos.leclercdrive.fr/image.ashx?id=2705062&use=l&cat=p&typeid=i","cat":284907},{"id":1359,"n":"Pastilles javel Clair x48 - 150g","p":1.65,"u":"11,00 €/KG","img":"https://fd8-photos.leclercdrive.fr/image.ashx?id=2631426&use=l&cat=p&typeid=i","cat":284661},{"id":1360,"n":"Eau de Javel Clair Parfum Eucalyptus - 2L","p":0.72,"u":"0,36 €/L","img":"https://fd8-photos.leclercdrive.fr/image.ashx?id=2949173&use=l&cat=p&typeid=i","cat":284661},{"id":1376,"n":"Lingettes nettoyantes Clair Sols muguet larges x15","p":1.14,"img":"https://fd8-photos.leclercdrive.fr/image.ashx?id=2593815&use=l&cat=p&typeid=i","cat":325364},{"id":1381,"n":"Dépoussiérant Clair meuble Cire 300ml","p":1.33,"u":"4,43 €/L","img":"https://fd8-photos.leclercdrive.fr/image.ashx?id=2819256&use=l&cat=p&typeid=i","cat":325364},{"id":1386,"n":"Nettoyant four Clair 500ml","p":1.53,"u":"3,06 €/L","img":"https://fd8-photos.leclercdrive.fr/image.ashx?id=2858824&use=l&cat=p&typeid=i","cat":325363},{"id":1392,"n":"Blocs wc eau bleue Syphon x2 80g","p":1.12,"u":"14,00 €/KG","img":"https://fd8-photos.leclercdrive.fr/image.ashx?id=2302537&use=l&cat=p&typeid=i","cat":284662},{"id":1398,"n":"Recharge diffuseur électrique Insectivor anti-moustiques - x1","p":2.27,"img":"https://fd8-photos.leclercdrive.fr/image.ashx?id=2717105&use=l&cat=p&typeid=i","cat":298368},{"id":1400,"n":"Papier aluminium Elembal 20m","p":2.62,"img":"https://fd8-photos.leclercdrive.fr/image.ashx?id=2756846&use=l&cat=p&typeid=i","cat":334134},{"id":1401,"n":"Barquettes aluminium Elembal x10 0.5L","p":2.56,"img":"https://fd8-photos.leclercdrive.fr/image.ashx?id=1733306&use=l&cat=p&typeid=i","cat":334134},{"id":1402,"n":"Barquettes aluminium Elembal Plates 1L","p":4.4,"img":"https://fd8-photos.leclercdrive.fr/image.ashx?id=2966647&use=l&cat=p&typeid=i","cat":334134},{"id":1403,"n":"Barquettes aluminium Elembal Profondes x10 1L","p":4.3,"img":"https://fd8-photos.leclercdrive.fr/image.ashx?id=1733315&use=l&cat=p&typeid=i","cat":334134},{"id":1404,"n":"Barquettes aluminium Elembal x5 1,5L","p":2.77,"img":"https://fd8-photos.leclercdrive.fr/image.ashx?id=2455096&use=l&cat=p&typeid=i","cat":334134},{"id":1405,"n":"Barquettes aluminium Elembal x5 2L","p":3.46,"img":"https://fd8-photos.leclercdrive.fr/image.ashx?id=1733312&use=l&cat=p&typeid=i","cat":334134},{"id":1407,"n":"Film étirable Elembal 30m","p":1.2,"img":"https://fd8-photos.leclercdrive.fr/image.ashx?id=2431191&use=l&cat=p&typeid=i","cat":334134},{"id":1412,"n":"Sacs congélation Elembal Grand modèle x25","p":1.08,"img":"https://fd8-photos.leclercdrive.fr/image.ashx?id=2169147&use=l&cat=p&typeid=i","cat":334134},{"id":1413,"n":"Sacs congélation Elembal Petit modèle x50","p":1.1,"img":"https://fd8-photos.leclercdrive.fr/image.ashx?id=2158155&use=l&cat=p&typeid=i","cat":334134},{"id":1414,"n":"Sacs poubelle 30L Elembal à liens classiques - x25","p":1.26,"u":"0,05 €/P","img":"https://fd8-photos.leclercdrive.fr/image.ashx?id=2958699&use=l&cat=p&typeid=i","cat":285168},{"id":1416,"n":"Sacs poubelle 100L Elembal Poignées coulissantes - x10","p":1.62,"u":"0,16 €/P","img":"https://fd8-photos.leclercdrive.fr/image.ashx?id=1959148&use=l&cat=p&typeid=i","cat":285168},{"id":1417,"n":"Sacs poubelle 100L Elembal à liens classiques - x10","p":1.54,"u":"0,15 €/P","img":"https://fd8-photos.leclercdrive.fr/image.ashx?id=2791734&use=l&cat=p&typeid=i","cat":285168},{"id":1418,"n":"Sacs poubelle 50L Elembal à liens classiques - x15","p":2.19,"u":"0,15 €/P","img":"https://fd8-photos.leclercdrive.fr/image.ashx?id=2958693&use=l&cat=p&typeid=i","cat":285168},{"id":1419,"n":"Sacs poubelle Elembal 20L x20","p":1.2,"u":"0,06 €/P","img":"https://fd8-photos.leclercdrive.fr/image.ashx?id=2100551&use=l&cat=p&typeid=i","cat":285168},{"id":1420,"n":"Sacs poubelle Elembal 20L A poignées - x30","p":2.08,"u":"0,07 €/P","img":"https://fd8-photos.leclercdrive.fr/image.ashx?id=2791674&use=l&cat=p&typeid=i","cat":285168},{"id":1421,"n":"Sacs poubelle Elembal 30L A poignées - x20","p":2.49,"u":"0,12 €/P","img":"https://fd8-photos.leclercdrive.fr/image.ashx?id=2791677&use=l&cat=p&typeid=i","cat":285168},{"id":1423,"n":"Sacs poubelle 50L Elembal Poignées coulissantes - x15","p":2.31,"u":"0,15 €/P","img":"https://fd8-photos.leclercdrive.fr/image.ashx?id=2958696&use=l&cat=p&typeid=i","cat":285168},{"id":1427,"n":"Gel douche Manava Pétales d'Orient - 250ml","p":1.15,"u":"4,60 €/L","img":"https://fd8-photos.leclercdrive.fr/image.ashx?id=2494214&use=l&cat=p&typeid=i","cat":284594},{"id":1428,"n":"Lait de douche Manava Coeur de vanille - 250ml","p":0.94,"u":"3,76 €/L","img":"https://fd8-photos.leclercdrive.fr/image.ashx?id=2456141&use=l&cat=p&typeid=i","cat":284594},{"id":1429,"n":"Gel douche Manava Boisé - 250ml","p":1.15,"u":"4,60 €/L","img":"https://fd8-photos.leclercdrive.fr/image.ashx?id=2809653&use=l&cat=p&typeid=i","cat":284594},{"id":1433,"n":"Recharge savon mains Manava Crème perles d'oranger - 250ml","p":0.68,"u":"2,72 €/L","img":"https://fd8-photos.leclercdrive.fr/image.ashx?id=2935483&use=l&cat=p&typeid=i","cat":284597},{"id":1435,"n":"Recharge savon mains Manava Crème Amande - 250ml","p":0.57,"u":"2,28 €/L","img":"https://fd8-photos.leclercdrive.fr/image.ashx?id=2935474&use=l&cat=p&typeid=i","cat":284597},{"id":1436,"n":"Lait de douche Manava Amande douce - 250ml","p":0.94,"u":"3,76 €/L","img":"https://fd8-photos.leclercdrive.fr/image.ashx?id=2771346&use=l&cat=p&typeid=i","cat":284594},{"id":1437,"n":"Lait de douche Manava Lait de coco - 250ml","p":0.94,"u":"3,76 €/L","img":"https://fd8-photos.leclercdrive.fr/image.ashx?id=2443176&use=l&cat=p&typeid=i","cat":284594},{"id":1441,"n":"Cire Chaude au Sucre Pure Veet Vanille 98% naturelle 250ml","p":4.64,"u":"18,56 €/L","img":"https://fd8-photos.leclercdrive.fr/image.ashx?id=2960684&use=l&cat=p&typeid=i","cat":325351},{"id":1449,"n":"Déodorant Manava fraîcheur Vanille glacée spray 200ml","p":1.39,"u":"6,95 €/L","img":"https://fd8-photos.leclercdrive.fr/image.ashx?id=2656445&use=l&cat=p&typeid=i","cat":284595},{"id":1464,"n":"Rasoirs jetables Bic 1 Sensitive - x10","p":1.27,"u":"0,13 €/P","img":"https://fd8-photos.leclercdrive.fr/image.ashx?id=2218035&use=l&cat=p&typeid=i","cat":284616},{"id":1466,"n":"Rasoirs jetables Bic 3 lames - x8","p":3.25,"u":"0,41 €/P","img":"https://fd8-photos.leclercdrive.fr/image.ashx?id=2789014&use=l&cat=p&typeid=i","cat":284616},{"id":1473,"n":"Gel à raser Carré Homme Hydratant 200ml","p":1.69,"u":"8,45 €/L","img":"https://fd8-photos.leclercdrive.fr/image.ashx?id=2771582&use=l&cat=p&typeid=i","cat":284617},{"id":1481,"n":"Dentifrice Dentamyl Protection caries - 75ml","p":0.73,"u":"9,73 €/L","img":"https://fd8-photos.leclercdrive.fr/image.ashx?id=2699129&use=l&cat=p&typeid=i","cat":284612},{"id":1482,"n":"Dentifrice enfant Dentamyl Fraise - 3-6 ans - 50ml","p":0.89,"u":"17,80 €/L","img":"https://fd8-photos.leclercdrive.fr/image.ashx?id=2075188&use=l&cat=p&typeid=i","cat":288898},{"id":1484,"n":"Brosse à dents junior Dentamyl 1 pièce","p":0.49,"img":"https://fd8-photos.leclercdrive.fr/image.ashx?id=2790901&use=l&cat=p&typeid=i","cat":288897},{"id":1486,"n":"Brosse à dents enfant Dentamyl 2-6 ans x1","p":0.51,"img":"https://fd8-photos.leclercdrive.fr/image.ashx?id=1980485&use=l&cat=p&typeid=i","cat":288897},{"id":1488,"n":"Mouchoirs blancs 4 plis Caresse Mouchoirs papier Lotion x12","p":2.28,"u":"0,19 €/P","img":"https://fd8-photos.leclercdrive.fr/image.ashx?id=2572993&use=l&cat=p&typeid=i","cat":284638},{"id":1627,"n":"Lingettes bébé Mots d'Enfants Ultra-douces - x72","p":1.75,"u":"0,02 €/P","img":"https://fd8-photos.leclercdrive.fr/image.ashx?id=2856447&use=l&cat=p&typeid=i","cat":284738},{"id":1629,"n":"Lingettes bébé Mots d'Enfants Sensitive - x63","p":1.32,"u":"0,02 €/P","img":"https://fd8-photos.leclercdrive.fr/image.ashx?id=2856462&use=l&cat=p&typeid=i","cat":284738},{"id":1654,"n":"Enveloppes adhésives Esquisse x50 11x22cm 80g","p":1.69,"u":"21,13 €/KG","img":"https://fd8-photos.leclercdrive.fr/image.ashx?id=2943181&use=l&cat=p&typeid=i","cat":284697},{"id":1655,"n":"Enveloppes adhésives Esquisse x100 11x22cm 80g","p":2.69,"img":"https://fd8-photos.leclercdrive.fr/image.ashx?id=2943184&use=l&cat=p&typeid=i","cat":284697},{"id":1656,"n":"Pochettes kraft Esquisse Adhésives 22.9x32.4cm x25","p":2.3,"img":"https://fd8-photos.leclercdrive.fr/image.ashx?id=1699690&use=l&cat=p&typeid=i","cat":284697},{"id":1657,"n":"Pochettes kraft Esquisse Adhésives 16.2x22.9cm x25","p":1.99,"img":"https://fd8-photos.leclercdrive.fr/image.ashx?id=1698655&use=l&cat=p&typeid=i","cat":284697},{"id":1658,"n":"Ruban adhésif Esquisse invisible + dévidoir - 25m","p":1.09,"u":"0,04 €/MT","img":"https://fd8-photos.leclercdrive.fr/image.ashx?id=2943199&use=l&cat=p&typeid=i","cat":334133},{"id":1662,"n":"Feuilles simples Esquisse x200 - Seyes - 21x29.7cm","p":1.79,"img":"https://fd8-photos.leclercdrive.fr/image.ashx?id=2131194&use=l&cat=p&typeid=i","cat":284697},{"id":1664,"n":"Copies doubles Esquisse Perforées - 21x29.7cm - x200","p":1.79,"img":"https://fd8-photos.leclercdrive.fr/image.ashx?id=1928770&use=l&cat=p&typeid=i","cat":284697},{"id":1665,"n":"Feuilles blanches Esquisse A4 90g - 500 feuilles","p":5.9,"img":"https://fd8-photos.leclercdrive.fr/image.ashx?id=2943193&use=l&cat=p&typeid=i","cat":284697},{"id":1666,"n":"Feuilles blanches Esquisse A4 80g - 500 feuilles","p":4.69,"img":"https://fd8-photos.leclercdrive.fr/image.ashx?id=2943196&use=l&cat=p&typeid=i","cat":284697},{"id":1683,"n":"Piles alcalines Foxter AAA/LR3 1,5V - x4","p":0.98,"img":"https://fd8-photos.leclercdrive.fr/image.ashx?id=2162150&use=l&cat=p&typeid=i","cat":300572},{"id":1684,"n":"Piles Foxter C/LR14 1.5V - x2","p":1.69,"img":"https://fd8-photos.leclercdrive.fr/image.ashx?id=2162168&use=l&cat=p&typeid=i","cat":300572},{"id":1685,"n":"Piles alcalines Foxter D/LR20 - x2","p":1.96,"img":"https://fd8-photos.leclercdrive.fr/image.ashx?id=2162171&use=l&cat=p&typeid=i","cat":300572},{"id":1686,"n":"Pile Foxter 9V/6LR61 - x1","p":1.99,"img":"https://fd8-photos.leclercdrive.fr/image.ashx?id=2162159&use=l&cat=p&typeid=i","cat":300572},{"id":1687,"n":"Pile alcaline Foxter 3LR12 4,5V - x1","p":2.25,"img":"https://fd8-photos.leclercdrive.fr/image.ashx?id=2162177&use=l&cat=p&typeid=i","cat":300572},{"id":1735,"n":"Croquettes chiens Tous Mes Amis Spécial Forme - 10kg","p":12.25,"u":"1,23 €/KG","img":"https://fd8-photos.leclercdrive.fr/image.ashx?id=1972608&use=l&cat=p&typeid=i","cat":284672},{"id":1751,"n":"Croquettes chat Purina One Adulte - Saumon/Céréales - 450g","p":2.54,"u":"5,64 €/KG","img":"https://fd8-photos.leclercdrive.fr/image.ashx?id=2683220&use=l&cat=p&typeid=i","cat":284680},{"id":1753,"n":"Croquettes chat Purina One Adulte - Saumon/Céréales -1.5kg","p":6.62,"u":"4,41 €/KG","img":"https://fd8-photos.leclercdrive.fr/image.ashx?id=2902268&use=l&cat=p&typeid=i","cat":284680},{"id":1754,"n":"Croquettes chat Purina One Adulte - Poulet/Céréales - 3kg","p":12.05,"u":"4,02 €/KG","img":"https://fd8-photos.leclercdrive.fr/image.ashx?id=2432007&use=l&cat=p&typeid=i","cat":284680},{"id":1755,"n":"Bouchées chiens Lydog Adulte - Boeuf - 4kg","p":7.49,"u":"1,87 €/KG","img":"https://fd8-photos.leclercdrive.fr/image.ashx?id=2907162&use=l&cat=p&typeid=i","cat":284672},{"id":1756,"n":"Emincés en sauce Tous mes amis pour chats -  800g","p":1.45,"u":"1,81 €/KG","img":"https://fd8-photos.leclercdrive.fr/image.ashx?id=2606798&use=l&cat=p&typeid=i","cat":285601},{"id":1762,"n":"Croquettes chat Tous mes amis Poulet légumes - 4kg","p":5.76,"u":"1,44 €/KG","img":"https://fd8-photos.leclercdrive.fr/image.ashx?id=2301406&use=l&cat=p&typeid=i","cat":284680},{"id":1763,"n":"Croquettes chat Tous mes amis Boeuf Poulet Légumes - 2kg","p":2.79,"u":"1,40 €/KG","img":"https://fd8-photos.leclercdrive.fr/image.ashx?id=2739724&use=l&cat=p&typeid=i","cat":284680},{"id":1765,"n":"Croquettes chat Tous mes amis Saumon & Légumes - 2kg","p":2.79,"u":"1,40 €/KG","img":"https://fd8-photos.leclercdrive.fr/image.ashx?id=2301394&use=l&cat=p&typeid=i","cat":284680},{"id":1766,"n":"Croquettes chat Tous mes amis Chaton - 400g","p":1.05,"u":"2,63 €/KG","img":"https://fd8-photos.leclercdrive.fr/image.ashx?id=2503275&use=l&cat=p&typeid=i","cat":284680},{"id":1769,"n":"Barquette chats Lycat au Foie et Volaille - 100g","p":0.59,"u":"5,90 €/KG","img":"https://fd8-photos.leclercdrive.fr/image.ashx?id=2042415&use=l&cat=p&typeid=i","cat":285286},{"id":1770,"n":"Barquette chats Tous mes amis au Saumon 100g","p":0.58,"u":"5,80 €/KG","img":"https://fd8-photos.leclercdrive.fr/image.ashx?id=2042412&use=l&cat=p&typeid=i","cat":285286},{"id":1772,"n":"Sachet repas chat Tous mes amis Poissons en gelée - 12x100g","p":3.65,"u":"3,04 €/KG","img":"https://fd8-photos.leclercdrive.fr/image.ashx?id=2027592&use=l&cat=p&typeid=i","cat":285286},{"id":1775,"n":"Litière minérale Catsan Hygiène plus pour chat - 10L","p":5.19,"u":"0,52 €/L","img":"https://fd8-photos.leclercdrive.fr/image.ashx?id=2692677&use=l&cat=p&typeid=i","cat":284683},{"id":1776,"n":"Litière chats Eco+ 7L","p":1.2,"u":"0,17 €/L","img":"https://fd8-photos.leclercdrive.fr/image.ashx?id=2757509&use=l&cat=p&typeid=i","cat":284683},{"id":1786,"n":"Blocs WC Syphon Activ' effect Fraîcheur marine x3","p":1.22,"u":"0,41 €/P","img":"https://fd8-photos.leclercdrive.fr/image.ashx?id=2317294&use=l&cat=p&typeid=i","cat":284662},{"id":1795,"n":"Lingettes nettoyantes Clair Multi-surfaces citron x50","p":1.38,"u":"0,03 €/P","img":"https://fd8-photos.leclercdrive.fr/image.ashx?id=2835193&use=l&cat=p&typeid=i","cat":325358},{"id":1798,"n":"Eponges Multi-usages Mamison grattantes - x3","p":0.89,"u":"0,30 €/P","img":"https://fd8-photos.leclercdrive.fr/image.ashx?id=2202341&use=l&cat=p&typeid=i","cat":284667},{"id":1799,"n":"Haricots verts Notre Jardin Très fins - 3x110g","p":1.83,"u":"5,55 €/KG","img":"https://fd8-photos.leclercdrive.fr/image.ashx?id=2987994&use=l&cat=p&typeid=i","cat":312606},{"id":1800,"n":"Lingettes nettoyantes Clair Muguet x50","p":1.72,"u":"0,03 €/P","img":"https://fd8-photos.leclercdrive.fr/image.ashx?id=2835196&use=l&cat=p&typeid=i","cat":325358},{"id":1801,"n":"Boules inox Mamison x2","p":0.44,"img":"https://fd8-photos.leclercdrive.fr/image.ashx?id=555602&use=l&cat=p&typeid=i","cat":284667},{"id":1802,"n":"Insecticide Insectivor cafards Fourmis araignées 400ml","p":2.49,"u":"6,23 €/L","img":"https://fd8-photos.leclercdrive.fr/image.ashx?id=2843039&use=l&cat=p&typeid=i","cat":298368},{"id":1804,"n":"Asperges vertes miniatures  Notre Jardin - 100g","p":1.49,"u":"14,90 €/KG","img":"https://fd8-photos.leclercdrive.fr/image.ashx?id=2591515&use=l&cat=p&typeid=i","cat":312611},{"id":1806,"n":"Insecticide Insectivor guêpes Mouches moustiques - 400ml","p":2.22,"u":"5,55 €/L","img":"https://fd8-photos.leclercdrive.fr/image.ashx?id=2835008&use=l&cat=p&typeid=i","cat":298368},{"id":1810,"n":"Gel nettoyant wc Syphon 750ml","p":1.03,"u":"1,37 €/L","img":"https://fd8-photos.leclercdrive.fr/image.ashx?id=2558775&use=l&cat=p&typeid=i","cat":284662},{"id":1812,"n":"Gel nettoyant wc Syphon 750ml","p":0.66,"u":"0,88 €/L","img":"https://fd8-photos.leclercdrive.fr/image.ashx?id=2067935&use=l&cat=p&typeid=i","cat":284662},{"id":1816,"n":"Déboucheur canalisations Syphon Gel 1L","p":1.39,"u":"1,39 €/L","img":"https://fd8-photos.leclercdrive.fr/image.ashx?id=2202347&use=l&cat=p&typeid=i","cat":284908},{"id":1821,"n":"Confiture Bonne Maman Figues violettes - 370g","p":1.91,"u":"5,16 €/KG","img":"https://fd8-photos.leclercdrive.fr/image.ashx?id=2547477&use=l&cat=p&typeid=i","cat":284480},{"id":1822,"n":"Confiture Bonne Maman Myrtilles - 370g","p":3.0,"u":"8,11 €/KG","img":"https://fd8-photos.leclercdrive.fr/image.ashx?id=2132361&use=l&cat=p&typeid=i","cat":284480},{"id":1826,"n":"Confiture Douceur du Verger Abricots - Allégée - 340g","p":1.05,"u":"3,09 €/KG","img":"https://fd8-photos.leclercdrive.fr/image.ashx?id=2965440&use=l&cat=p&typeid=i","cat":284480},{"id":1828,"n":"Confiture Bonne Maman Framboises - 370g","p":2.46,"u":"6,65 €/KG","img":"https://fd8-photos.leclercdrive.fr/image.ashx?id=2544807&use=l&cat=p&typeid=i","cat":284480},{"id":1832,"n":"Confiture Bonne Maman Oranges amères 370g","p":1.48,"u":"4,00 €/KG","img":"https://fd8-photos.leclercdrive.fr/image.ashx?id=2559184&use=l&cat=p&typeid=i","cat":284480},{"id":1833,"n":"Confiture Douceur du Verger Fraises - 340g","p":1.05,"u":"3,09 €/KG","img":"https://fd8-photos.leclercdrive.fr/image.ashx?id=2965431&use=l&cat=p&typeid=i","cat":284480},{"id":1835,"n":"Confiture Douceur du Verger Orange 340g","p":0.99,"u":"2,83 €/KG","img":"https://fd8-photos.leclercdrive.fr/image.ashx?id=2965434&use=l&cat=p&typeid=i","cat":284480},{"id":1846,"n":"Compote Douceur du Verger Gourdes Pomme Fraise - 4x90g","p":1.39,"u":"3,86 €/KG","img":"https://fd8-photos.leclercdrive.fr/image.ashx?id=2837024&use=l&cat=p&typeid=i","cat":284508},{"id":1850,"n":"Chocolat au lait Tablette d'Or Céréales croustillantes 2x100g","p":2.01,"u":"10,05 €/KG","img":"https://fd8-photos.leclercdrive.fr/image.ashx?id=2555952&use=l&cat=p&typeid=i","cat":284497},{"id":1851,"n":"Chocolat au lait Tablette d'Or 3x100g","p":3.13,"u":"10,43 €/KG","img":"https://fd8-photos.leclercdrive.fr/image.ashx?id=2771508&use=l&cat=p&typeid=i","cat":284497},{"id":1861,"n":"Levure chimique Tablier Blanc x6 sachets","p":0.26,"u":"3,94 €/KG","img":"https://fd8-photos.leclercdrive.fr/image.ashx?id=2487437&use=l&cat=p&typeid=i","cat":294686},{"id":1863,"n":"Soja cuisine fluide Bio Bjorg - 25cl","p":1.22,"u":"4,88 €/L","img":"https://fd8-photos.leclercdrive.fr/image.ashx?id=2970921&use=l&cat=p&typeid=i","cat":316069},{"id":1865,"n":"Chocolat Tablette d'Or noir Ecorces d'orange 200g","p":2.45,"u":"12,25 €/KG","img":"https://fd8-photos.leclercdrive.fr/image.ashx?id=2654267&use=l&cat=p&typeid=i","cat":284956},{"id":1867,"n":"Chocolat au lait Tablette d'Or Noisettes entières - 200g","p":2.31,"u":"11,55 €/KG","img":"https://fd8-photos.leclercdrive.fr/image.ashx?id=2580889&use=l&cat=p&typeid=i","cat":284497},{"id":1868,"n":"Chocolat blanc Tablette d'Or Noisettes entières - 200g","p":2.45,"u":"12,25 €/KG","img":"https://fd8-photos.leclercdrive.fr/image.ashx?id=2753469&use=l&cat=p&typeid=i","cat":284957},{"id":1870,"n":"Tablette de chocolat Equador Noir 85% cacao - 100g","p":1.53,"u":"15,30 €/KG","img":"https://fd8-photos.leclercdrive.fr/image.ashx?id=2840734&use=l&cat=p&typeid=i","cat":284956},{"id":1871,"n":"Céréales mini-pack Kellogg's Multi-variétés - 215g","p":2.83,"u":"13,16 €/KG","img":"https://fd8-photos.leclercdrive.fr/image.ashx?id=3014467&use=l&cat=p&typeid=i","cat":309513},{"id":1872,"n":"Pâte à tartiner Nustikao Gressins 3x60g","p":1.8,"u":"10,00 €/KG","img":"https://fd8-photos.leclercdrive.fr/image.ashx?id=2440703&use=l&cat=p&typeid=i","cat":284488},{"id":1873,"n":"Petits pains grillés Epi d'Or Complet - 225g","p":0.89,"u":"3,96 €/KG","img":"https://fd8-photos.leclercdrive.fr/image.ashx?id=2726491&use=l&cat=p&typeid=i","cat":284479},{"id":1878,"n":"Compote Douceur du Verger Coupelle pomme pêche - 4x100g","p":1.19,"u":"2,98 €/KG","img":"https://fd8-photos.leclercdrive.fr/image.ashx?id=2663464&use=l&cat=p&typeid=i","cat":284508},{"id":1879,"n":"Compote Douceur du Verger Coupelle pomme poire - 4x100g","p":1.17,"u":"2,93 €/KG","img":"https://fd8-photos.leclercdrive.fr/image.ashx?id=2663470&use=l&cat=p&typeid=i","cat":284508},{"id":1883,"n":"Compote Douceur du Verger Gourdes Pomme Banane - 4x90g","p":1.59,"u":"4,42 €/KG","img":"https://fd8-photos.leclercdrive.fr/image.ashx?id=2837027&use=l&cat=p&typeid=i","cat":284508},{"id":1885,"n":"Haricots verts Notre Jardin Extra fins - 440g","p":2.58,"u":"5,86 €/KG","img":"https://fd8-photos.leclercdrive.fr/image.ashx?id=2050618&use=l&cat=p&typeid=i","cat":312606},{"id":1886,"n":"Petits pois Notre Jardin A l'étuvée - Extra fins - 560g","p":1.29,"u":"2,30 €/KG","img":"https://fd8-photos.leclercdrive.fr/image.ashx?id=2526267&use=l&cat=p&typeid=i","cat":312607},{"id":1887,"n":"Champignons Paris Notre Jardin Pieds et morceaux - 3x115g","p":1.99,"u":"5,77 €/KG","img":"https://fd8-photos.leclercdrive.fr/image.ashx?id=2991115&use=l&cat=p&typeid=i","cat":312610},{"id":1888,"n":"Flageolets verts Notre Jardin Extra fins - 530g","p":1.29,"u":"2,43 €/KG","img":"https://fd8-photos.leclercdrive.fr/image.ashx?id=2468819&use=l&cat=p&typeid=i","cat":312606},{"id":1889,"n":"Macédoine légumes Notre Jardin 3x130g","p":1.75,"u":"4,49 €/KG","img":"https://fd8-photos.leclercdrive.fr/image.ashx?id=2537349&use=l&cat=p&typeid=i","cat":312612},{"id":1890,"n":"Choux Bruxelles Notre Jardin 265g","p":1.29,"u":"4,87 €/KG","img":"https://fd8-photos.leclercdrive.fr/image.ashx?id=2913654&use=l&cat=p&typeid=i","cat":312612},{"id":1893,"n":"Sardines Pêche Océan Huile d'olive - 135g","p":1.25,"u":"9,26 €/KG","img":"https://fd8-photos.leclercdrive.fr/image.ashx?id=2550375&use=l&cat=p&typeid=i","cat":305146},{"id":1895,"n":"Foie de morue Connétable MSC - Fumé - 121g","p":1.99,"u":"16,45 €/KG","img":"https://fd8-photos.leclercdrive.fr/image.ashx?id=2804454&use=l&cat=p&typeid=i","cat":305147},{"id":1897,"n":"Pâté NRT Campagne porc breton - 200g","p":1.91,"u":"9,55 €/KG","img":"https://fd8-photos.leclercdrive.fr/image.ashx?id=2560494&use=l&cat=p&typeid=i","cat":305149},{"id":1898,"n":"Cassoulet Côté Table 840g","p":2.19,"u":"2,61 €/KG","img":"https://fd8-photos.leclercdrive.fr/image.ashx?id=2977096&use=l&cat=p&typeid=i","cat":284440},{"id":1901,"n":"Taboulé Côté Table Etui 730g","p":1.87,"u":"2,56 €/KG","img":"https://fd8-photos.leclercdrive.fr/image.ashx?id=2977093&use=l&cat=p&typeid=i","cat":325094},{"id":1902,"n":"Chips à l'ancienne Pom'Lisse Nature - 150g","p":1.04,"u":"6,93 €/KG","img":"https://fd8-photos.leclercdrive.fr/image.ashx?id=2724829&use=l&cat=p&typeid=i","cat":284447},{"id":1903,"n":"Saucisses cocktail Tokapi  240g","p":1.95,"u":"8,13 €/KG","img":"https://fd8-photos.leclercdrive.fr/image.ashx?id=2943614&use=l&cat=p&typeid=i","cat":284450},{"id":1906,"n":"Huile de tournesol Lesieur  1L","p":2.68,"u":"2,68 €/L","img":"https://fd8-photos.leclercdrive.fr/image.ashx?id=2916839&use=l&cat=p&typeid=i","cat":284453},{"id":1909,"n":"Olives vertes Rustica Entières - 200g","p":1.24,"u":"6,20 €/KG","img":"https://fd8-photos.leclercdrive.fr/image.ashx?id=2499073&use=l&cat=p&typeid=i","cat":284458},{"id":1913,"n":"Pâtes Barilla Coquillettes - 500g","p":0.97,"u":"1,94 €/KG","img":"https://fd8-photos.leclercdrive.fr/image.ashx?id=2392218&use=l&cat=p&typeid=i","cat":284427},{"id":1925,"n":"Petits beurre P'tit Déli x24 - 200g","p":0.95,"u":"4,75 €/KG","img":"https://fd8-photos.leclercdrive.fr/image.ashx?id=1898886&use=l&cat=p&typeid=i","cat":284487},{"id":1928,"n":"Brioche vendéenne IGP NRT Tressée - 650g","p":4.06,"u":"6,25 €/KG","img":"https://fd8-photos.leclercdrive.fr/image.ashx?id=2679789&use=l&cat=p&typeid=i","cat":284478},{"id":1935,"n":"Café Soluble Nescafé Sélection - 200g","p":6.18,"u":"30,90 €/KG","img":"https://fd8-photos.leclercdrive.fr/image.ashx?id=2968847&use=l&cat=p&typeid=i","cat":284843},{"id":1939,"n":"Infusion Tiséa verveine menthe x25","p":0.92,"u":"23,00 €/KG","img":"https://fd8-photos.leclercdrive.fr/image.ashx?id=2441102&use=l&cat=p&typeid=i","cat":293234},{"id":1943,"n":"Confiture Bonne Maman Fraises - 750g","p":3.51,"u":"4,68 €/KG","img":"https://fd8-photos.leclercdrive.fr/image.ashx?id=2906073&use=l&cat=p&typeid=i","cat":284480},{"id":1944,"n":"Miel Nid d'Abeille A tartiner - 250 g","p":1.91,"u":"7,64 €/KG","img":"https://fd8-photos.leclercdrive.fr/image.ashx?id=2696805&use=l&cat=p&typeid=i","cat":287643},{"id":1953,"n":"Sucre n°4 Saint Louis Morceaux - 1kg","p":1.95,"u":"1,95 €/KG","img":"https://fd8-photos.leclercdrive.fr/image.ashx?id=2624236&use=l&cat=p&typeid=i","cat":284502},{"id":1955,"n":"Farine de blé T45 Tablier Blanc 1kg","p":0.69,"u":"0,69 €/KG","img":"https://fd8-photos.leclercdrive.fr/image.ashx?id=2832622&use=l&cat=p&typeid=i","cat":284503},{"id":1956,"n":"Compote Douceur du Verger Coupelle pomme banane - 4x100g","p":1.3,"u":"3,25 €/KG","img":"https://fd8-photos.leclercdrive.fr/image.ashx?id=2663461&use=l&cat=p&typeid=i","cat":284508},{"id":1961,"n":"Tablette de chocolat Equador Noir 72% cacao 100g","p":1.39,"u":"13,90 €/KG","img":"https://fd8-photos.leclercdrive.fr/image.ashx?id=2822920&use=l&cat=p&typeid=i","cat":284956},{"id":1962,"n":"Tablette de Chocolat Blanc Galak - 2x100g","p":3.0,"u":"15,00 €/KG","img":"https://fd8-photos.leclercdrive.fr/image.ashx?id=2769618&use=l&cat=p&typeid=i","cat":284957},{"id":1972,"n":"Eau minérale gazeuse Perrier  Bouteilles en verre 8x20cl","p":3.34,"u":"2,09 €/L","img":"https://fd8-photos.leclercdrive.fr/image.ashx?id=2587551&use=l&cat=p&typeid=i","cat":284536},{"id":1975,"n":"Sirop Frucci Menthe - 75cl","p":1.85,"u":"2,47 €/L","img":"https://fd8-photos.leclercdrive.fr/image.ashx?id=2842208&use=l&cat=p&typeid=i","cat":295020},{"id":1980,"n":"Pur Jus d'ananas Jafaden Brique élopack 1L","p":2.09,"u":"2,09 €/L","img":"https://fd8-photos.leclercdrive.fr/image.ashx?id=2955683&use=l&cat=p&typeid=i","cat":284916},{"id":1984,"n":"Thé glacé Fresh Tea Pêche - 2L","p":1.64,"u":"0,82 €/L","img":"https://fd8-photos.leclercdrive.fr/image.ashx?id=2715281&use=l&cat=p&typeid=i","cat":295019},{"id":1989,"n":"Whisky Sir Edward's 40%vol - 70cl","p":12.68,"u":"18,11 €/L","img":"https://fd8-photos.leclercdrive.fr/image.ashx?id=2503371&use=l&cat=p&typeid=i","cat":284547},{"id":1990,"n":"Scotch Whisky Label 5 40%vol - 70cl","p":12.6,"u":"18,00 €/L","img":"https://fd8-photos.leclercdrive.fr/image.ashx?id=2639468&use=l&cat=p&typeid=i","cat":284547},{"id":1994,"n":"Whisky J&B Rare 40%vol - 70cl","p":15.58,"u":"22,26 €/L","img":"https://fd8-photos.leclercdrive.fr/image.ashx?id=2301028&use=l&cat=p&typeid=i","cat":284547},{"id":1995,"n":"Whisky Ballantine's Finest Blended Scotch 40% vol - 70cl","p":16.18,"u":"23,11 €/L","img":"https://fd8-photos.leclercdrive.fr/image.ashx?id=2981298&use=l&cat=p&typeid=i","cat":284547},{"id":1997,"n":"Whisky Clan Campbell Blended Scotch 40% vol - 70cl","p":14.99,"u":"21,41 €/L","img":"https://fd8-photos.leclercdrive.fr/image.ashx?id=2868365&use=l&cat=p&typeid=i","cat":284547},{"id":1998,"n":"Whiskey Irlandais Jameson  40% vol - 70cl","p":21.08,"u":"30,11 €/L","img":"https://fd8-photos.leclercdrive.fr/image.ashx?id=2866025&use=l&cat=p&typeid=i","cat":284547},{"id":1999,"n":"Whisky Long John 40%vol - 70cl","p":13.55,"u":"19,36 €/L","img":"https://fd8-photos.leclercdrive.fr/image.ashx?id=2411291&use=l&cat=p&typeid=i","cat":284547},{"id":2000,"n":"Pastis Duval 45%vol - 1L","p":18.18,"u":"18,18 €/L","img":"https://fd8-photos.leclercdrive.fr/image.ashx?id=2659656&use=l&cat=p&typeid=i","cat":284548},{"id":2001,"n":"Pastis Ricard Anisé 45% vol - 1L","p":19.89,"pp":18.89,"u":"18,89 €/L","img":"https://fd8-photos.leclercdrive.fr/image.ashx?id=2947820&use=l&cat=p&typeid=i","cat":284548},{"id":2002,"n":"Pastis de Marseille Vivalis 45%vol - 1L","p":17.02,"u":"17,02 €/L","img":"https://fd8-photos.leclercdrive.fr/image.ashx?id=2699639&use=l&cat=p&typeid=i","cat":284548},{"id":2003,"n":"Vodka premium Eristoff Original 37,5° - 70cl","p":12.78,"u":"18,26 €/L","img":"https://fd8-photos.leclercdrive.fr/image.ashx?id=2850734&use=l&cat=p&typeid=i","cat":284550},{"id":2005,"n":"Vodka Smirnoff 37.5%vol - 70cl","p":13.95,"u":"19,93 €/L","img":"https://fd8-photos.leclercdrive.fr/image.ashx?id=1897294&use=l&cat=p&typeid=i","cat":284550},{"id":2006,"n":"Vodka Novotna  Pure grain 37.5%vol - 70cl","p":10.59,"u":"15,13 €/L","img":"https://fd8-photos.leclercdrive.fr/image.ashx?id=1654441&use=l&cat=p&typeid=i","cat":284550},{"id":2007,"n":"Rhum blanc Bacardi Carta Blanca 37,5° - 70cl","p":16.15,"u":"23,07 €/L","img":"https://fd8-photos.leclercdrive.fr/image.ashx?id=2833933&use=l&cat=p&typeid=i","cat":284550},{"id":2009,"n":"Rhum ambré Negrita 40%vol - 50cl","p":7.58,"u":"15,16 €/L","img":"https://fd8-photos.leclercdrive.fr/image.ashx?id=2785112&use=l&cat=p&typeid=i","cat":284550},{"id":2010,"n":"Rhum blanc Old Nick  40%vol - 70cl","p":10.15,"u":"14,50 €/L","img":"https://fd8-photos.leclercdrive.fr/image.ashx?id=2483747&use=l&cat=p&typeid=i","cat":284550},{"id":2012,"n":"Rhum ambré Negrita 40%vol - 1L","p":14.06,"u":"14,06 €/L","img":"https://fd8-photos.leclercdrive.fr/image.ashx?id=2519633&use=l&cat=p&typeid=i","cat":284550},{"id":2015,"n":"Liqueur The Original Baileys Irish Cream 17%vol - 70cl","p":12.24,"u":"17,49 €/L","img":"https://fd8-photos.leclercdrive.fr/image.ashx?id=2536059&use=l&cat=p&typeid=i","cat":286032},{"id":2019,"n":"Sucre de canne Lagoa 70cl","p":1.65,"u":"2,36 €/L","img":"https://fd8-photos.leclercdrive.fr/image.ashx?id=2966472&use=l&cat=p&typeid=i","cat":284551},{"id":2021,"n":"Apéritif Suze L'Originale 15% vol - 1L","p":9.89,"u":"9,89 €/L","img":"https://fd8-photos.leclercdrive.fr/image.ashx?id=2914462&use=l&cat=p&typeid=i","cat":284913},{"id":2025,"n":"Muscat de Rivesaltes G. d'Arria 15.5%vol - 75cl","p":4.99,"u":"6,65 €/L","img":"https://fd8-photos.leclercdrive.fr/image.ashx?id=2974744&use=l&cat=p&typeid=i","cat":284913},{"id":2029,"n":"AOP Bordeaux rouge Malesan - 75 cl","p":4.55,"u":"6,07 €/L","img":"https://fd8-photos.leclercdrive.fr/image.ashx?id=2917432&use=l&cat=p&typeid=i","cat":289556},{"id":2049,"n":"IGP Pays d'Oc Gris vin rosé Rives & Terrasses - 75cl -12,5%","p":2.89,"u":"3,85 €/L","img":"https://fd8-photos.leclercdrive.fr/image.ashx?id=2920918&use=l&cat=p&typeid=i","cat":289558},{"id":2051,"n":"IGP Pays d'Oc Syrah vin rosé Vieux Carion 12.5% vol -75 cl","p":2.25,"u":"3,00 €/L","img":"https://fd8-photos.leclercdrive.fr/image.ashx?id=2892340&use=l&cat=p&typeid=i","cat":289558},{"id":2058,"n":"IGP Pays d'Oc Sauvignon Blanc Vieux Carion 12% vol -75 cl","p":2.25,"u":"3,00 €/L","img":"https://fd8-photos.leclercdrive.fr/image.ashx?id=2879937&use=l&cat=p&typeid=i","cat":289557},{"id":2072,"n":"AOP Champagne Mumm Cordon Rouge Brut 12% vol - 75cl","p":29.14,"u":"38,85 €/L","img":"https://fd8-photos.leclercdrive.fr/image.ashx?id=3011005&use=l&cat=p&typeid=i","cat":284542},{"id":2074,"n":"AOP Champagne demi-sec blanc Pol Carson - 75cl","p":18.2,"u":"24,27 €/L","img":"https://fd8-photos.leclercdrive.fr/image.ashx?id=2909846&use=l&cat=p&typeid=i","cat":284542},{"id":2075,"n":"AOP Champagne brut Pol Carson - 75cl","p":17.99,"u":"23,99 €/L","img":"https://fd8-photos.leclercdrive.fr/image.ashx?id=2909843&use=l&cat=p&typeid=i","cat":284542},{"id":2078,"n":"Pétillant Gibus pomme Sans alcool 75cl","p":2.39,"u":"3,19 €/L","img":"https://fd8-photos.leclercdrive.fr/image.ashx?id=1887586&use=l&cat=p&typeid=i","cat":289460},{"id":2079,"n":"Cidre bouché Les Goelleries Breton doux 2%vol. - 75cl","p":2.12,"u":"2,83 €/L","img":"https://fd8-photos.leclercdrive.fr/image.ashx?id=2842190&use=l&cat=p&typeid=i","cat":334880},{"id":2082,"n":"AOP Crémant d'Alsace brut Rebmann - 75 cl","p":5.95,"u":"7,93 €/L","img":"https://fd8-photos.leclercdrive.fr/image.ashx?id=2888935&use=l&cat=p&typeid=i","cat":284545},{"id":2087,"n":"Jus de pomme pétillant Champomy L'Original Pomme - 75cl","p":2.73,"u":"3,64 €/L","img":"https://fd8-photos.leclercdrive.fr/image.ashx?id=2688683&use=l&cat=p&typeid=i","cat":289460},{"id":2090,"n":"Emmental fromage bloc Les Croisés - 500g","p":4.19,"u":"8,38 €/KG","img":"https://fd8-photos.leclercdrive.fr/image.ashx?id=2897775&use=l&cat=p&typeid=i","cat":314034},{"id":2092,"n":"Bûche de chèvre Saint-Maure LEs Croisés 25% MG - 200g","p":2.06,"u":"10,30 €/KG","img":"https://fd8-photos.leclercdrive.fr/image.ashx?id=2894719&use=l&cat=p&typeid=i","cat":314031},{"id":2095,"n":"Emmental Fromage râpé Les Croisés - 3x70g","p":1.89,"u":"9,00 €/KG","img":"https://fd8-photos.leclercdrive.fr/image.ashx?id=2949406&use=l&cat=p&typeid=i","cat":314035},{"id":2104,"n":"Mousse à la liégeoise Délisse Chocolat - 8x80g","p":2.35,"u":"3,67 €/KG","img":"https://fd8-photos.leclercdrive.fr/image.ashx?id=3009490&use=l&cat=p&typeid=i","cat":284417},{"id":2109,"n":"Matin Léger de Lactel Sans lactose 1.2% mg - 1L","p":1.73,"u":"1,73 €/L","img":"https://fd8-photos.leclercdrive.fr/image.ashx?id=2883122&use=l&cat=p&typeid=i","cat":317169},{"id":2111,"n":"Beurre Extra fin Les Croisés Doux - 82% MG - 250g","p":2.35,"u":"9,40 €/KG","img":"https://fd8-photos.leclercdrive.fr/image.ashx?id=2791218&use=l&cat=p&typeid=i","cat":284379},{"id":2112,"n":"Sauce Béchamel Bridélice 3x20cl","p":3.08,"u":"5,13 €/L","img":"https://fd8-photos.leclercdrive.fr/image.ashx?id=2888458&use=l&cat=p&typeid=i","cat":284382},{"id":2114,"n":"Saucisse sèche Saint Azay Qualité supérieure - 250g","p":2.99,"u":"11,96 €/KG","img":"https://fd8-photos.leclercdrive.fr/image.ashx?id=1966346&use=l&cat=p&typeid=i","cat":316006},{"id":2121,"n":"Carottes râpées Menu Fraîcheur  Assaisonnées - 300g","p":0.69,"u":"2,30 €/KG","img":"https://fd8-photos.leclercdrive.fr/image.ashx?id=2552403&use=l&cat=p&typeid=i","cat":333657},{"id":2125,"n":"Tagliatelle fraîche Turini 350g","p":1.19,"u":"3,40 €/KG","img":"https://fd8-photos.leclercdrive.fr/image.ashx?id=2846514&use=l&cat=p&typeid=i","cat":333682},{"id":2126,"n":"Pâte brisée Tablier Blanc Prête à dérouler - 230g","p":0.65,"u":"2,83 €/KG","img":"https://fd8-photos.leclercdrive.fr/image.ashx?id=2635886&use=l&cat=p&typeid=i","cat":333681},{"id":2128,"n":"Bâtonnets Surimi Pêche Océan MSC - x12 - 200g","p":1.38,"u":"6,90 €/KG","img":"https://fd8-photos.leclercdrive.fr/image.ashx?id=2981837&use=l&cat=p&typeid=i","cat":285189},{"id":2129,"n":"Tarama Ronde des mers  Aux oeufs de cabillaud - 100g","p":0.99,"u":"9,90 €/KG","img":"https://fd8-photos.leclercdrive.fr/image.ashx?id=2824600&use=l&cat=p&typeid=i","cat":315999},{"id":2130,"n":"Filets d'anchois Pêche Océan Huile d'olive - 50g","p":1.36,"u":"27,20 €/KG","img":"https://fd8-photos.leclercdrive.fr/image.ashx?id=2992498&use=l&cat=p&typeid=i","cat":285190},{"id":2139,"n":"Gants jetables Mamison latex T7 x10","p":1.33,"img":"https://fd8-photos.leclercdrive.fr/image.ashx?id=2742688&use=l&cat=p&typeid=i","cat":284668},{"id":2141,"n":"Crème nettoyante Clair 3en1 - 750ml","p":1.15,"u":"1,53 €/L","img":"https://fd8-photos.leclercdrive.fr/image.ashx?id=2868310&use=l&cat=p&typeid=i","cat":325357},{"id":2166,"n":"Piles Foxter AA/LR6 1,5V - x4","p":0.99,"u":"0,25 €/P","img":"https://fd8-photos.leclercdrive.fr/image.ashx?id=2162156&use=l&cat=p&typeid=i","cat":300572},{"id":2179,"n":"Barres céréales Special K  Kellogg's Chocolat - 6x21,5g","p":2.03,"u":"15,74 €/KG","img":"https://fd8-photos.leclercdrive.fr/image.ashx?id=3011113&use=l&cat=p&typeid=i","cat":285869},{"id":2185,"n":"boisson végétale soja  sans sucre bio bjorg nature 1l","p":1.61,"u":"1,61 €/L","img":"https://fd8-photos.leclercdrive.fr/image.ashx?id=2939385&use=l&cat=p&typeid=i","cat":316067},{"id":2187,"n":"Mascarpone Les Croisés - 250g","p":1.78,"u":"7,12 €/KG","img":"https://fd8-photos.leclercdrive.fr/image.ashx?id=2123620&use=l&cat=p&typeid=i","cat":314026},{"id":2192,"n":"Papier aluminium Elembal 50m","p":4.4,"img":"https://fd8-photos.leclercdrive.fr/image.ashx?id=2940899&use=l&cat=p&typeid=i","cat":334134},{"id":2193,"n":"Film étirable Elembal 2en1 20m","p":1.25,"img":"https://fd8-photos.leclercdrive.fr/image.ashx?id=2059962&use=l&cat=p&typeid=i","cat":334134},{"id":2194,"n":"Sacs congélation Elembal Moyen modèle x50","p":1.08,"img":"https://fd8-photos.leclercdrive.fr/image.ashx?id=2257205&use=l&cat=p&typeid=i","cat":334134},{"id":2195,"n":"Sacs poubelle 30L Elembal Poignées coulissantes - x20","p":2.11,"u":"0,11 €/P","img":"https://fd8-photos.leclercdrive.fr/image.ashx?id=1959157&use=l&cat=p&typeid=i","cat":285168},{"id":2199,"n":"Cassoulet La Belle Chaurienne Canard 4/4 840g","p":5.17,"u":"6,15 €/KG","img":"https://fd8-photos.leclercdrive.fr/image.ashx?id=2837340&use=l&cat=p&typeid=i","cat":284440},{"id":2200,"n":"Muffins nature Epi d'Or x4 - 250g","p":1.51,"u":"6,04 €/KG","img":"https://fd8-photos.leclercdrive.fr/image.ashx?id=2939052&use=l&cat=p&typeid=i","cat":284985},{"id":2201,"n":"Pastis 51 Anisé 45% vol - 1L","p":19.67,"u":"19,67 €/L","img":"https://fd8-photos.leclercdrive.fr/image.ashx?id=2998916&use=l&cat=p&typeid=i","cat":284548},{"id":2224,"n":"Boisson lactée Candy'UP Chocolat - 6x20cl","p":2.76,"u":"2,30 €/L","img":"https://fd8-photos.leclercdrive.fr/image.ashx?id=2485635&use=l&cat=p&typeid=i","cat":295246},{"id":2276,"n":"Antiseptique Mercurochrome Incolore spray - 100ml","p":2.77,"u":"27,70 €/L","img":"https://fd8-photos.leclercdrive.fr/image.ashx?id=2662268&use=l&cat=p&typeid=i","cat":284630},{"id":2277,"n":"Gel lubrifiant Intimy Classic - 70ml","p":4.05,"u":"57,86 €/L","img":"https://fd8-photos.leclercdrive.fr/image.ashx?id=2927330&use=l&cat=p&typeid=i","cat":285160},{"id":2279,"n":"Eau oxygénée Mercurochrome 200ml","p":2.02,"u":"10,10 €/L","img":"https://fd8-photos.leclercdrive.fr/image.ashx?id=2663980&use=l&cat=p&typeid=i","cat":284630},{"id":2280,"n":"Compresses stériles Mercurochrome - x60","p":6.27,"u":"0,10 €/P","img":"https://fd8-photos.leclercdrive.fr/image.ashx?id=2731483&use=l&cat=p&typeid=i","cat":284630},{"id":2281,"n":"Pansements Mercurochrome Famille x50","p":3.27,"u":"0,07 €/P","img":"https://fd8-photos.leclercdrive.fr/image.ashx?id=2731471&use=l&cat=p&typeid=i","cat":284630},{"id":2282,"n":"Bandes à découper Mercurochrome 6cm x10","p":2.74,"img":"https://fd8-photos.leclercdrive.fr/image.ashx?id=2719027&use=l&cat=p&typeid=i","cat":284630},{"id":2305,"n":"Lait Démaquillant Mixa  Anti-dessèchement - 200ml","p":3.0,"u":"15,00 €/L","img":"https://fd8-photos.leclercdrive.fr/image.ashx?id=2285390&use=l&cat=p&typeid=i","cat":284603},{"id":2317,"n":"Mousse Coiffante Franck Provost Cheveux Bouclés - 200ml","p":4.29,"u":"21,45 €/L","img":"https://fd8-photos.leclercdrive.fr/image.ashx?id=2575606&use=l&cat=p&typeid=i","cat":284609},{"id":2322,"n":"Mousse Coiffante Dop Vivelle Extra boucle - 150ml","p":2.95,"u":"19,67 €/L","img":"https://fd8-photos.leclercdrive.fr/image.ashx?id=2574823&use=l&cat=p&typeid=i","cat":284609},{"id":2324,"n":"Eau Micellaire vitaminée Mixa Peaux Sensibles - 200ml","p":3.01,"u":"15,05 €/L","img":"https://fd8-photos.leclercdrive.fr/image.ashx?id=2445334&use=l&cat=p&typeid=i","cat":284603},{"id":2336,"n":"Baume soin Après-Rasage Mennen Peaux Sensibles - 100ml","p":3.69,"u":"36,90 €/L","img":"https://fd8-photos.leclercdrive.fr/image.ashx?id=2517905&use=l&cat=p&typeid=i","cat":288147},{"id":2338,"n":"Lotion Après-Rasage Mennen Apaisante - 125ml","p":3.84,"u":"30,72 €/L","img":"https://fd8-photos.leclercdrive.fr/image.ashx?id=2469620&use=l&cat=p&typeid=i","cat":288147},{"id":2411,"n":"Gel nettoyant Garnier Pure Tube 150ml","p":3.44,"u":"22,93 €/L","img":"https://fd8-photos.leclercdrive.fr/image.ashx?id=2751651&use=l&cat=p&typeid=i","cat":284603},{"id":2438,"n":"Eponges Spontex grattantes Stop-graisse x2","p":1.28,"u":"0,64 €/P","img":"https://fd8-photos.leclercdrive.fr/image.ashx?id=2973078&use=l&cat=p&typeid=i","cat":284667},{"id":2441,"n":"Préservatifs Durex Love Faciles et rapides à poser x6","p":2.48,"u":"0,41 €/P","img":"https://fd8-photos.leclercdrive.fr/image.ashx?id=2963895&use=l&cat=p&typeid=i","cat":284631},{"id":2450,"n":"Briquets Bic Mini - x4","p":3.9,"u":"0,98 €/P","img":"https://fd8-photos.leclercdrive.fr/image.ashx?id=2293913&use=l&cat=p&typeid=i","cat":300578},{"id":2484,"n":"Dentifrice Signal Haleine Pure 75ml","p":1.32,"u":"17,60 €/L","img":"https://fd8-photos.leclercdrive.fr/image.ashx?id=1984459&use=l&cat=p&typeid=i","cat":284612},{"id":2503,"n":"Biscuit vanille citron Gerlinéa  encas minceur - 156g","p":1.75,"u":"11,67 €/KG","img":"https://fd8-photos.leclercdrive.fr/image.ashx?id=2654779&use=l&cat=p&typeid=i","cat":318651},{"id":2504,"n":"Levure de bière Gerblé à saupoudrer - 150g","p":2.41,"u":"16,07 €/KG","img":"https://fd8-photos.leclercdrive.fr/image.ashx?id=2575036&use=l&cat=p&typeid=i","cat":288382},{"id":2505,"n":"Crème au chocolat GERLINEA   Repas minceur - 3x210g","p":4.45,"u":"7,06 €/KG","img":"https://fd8-photos.leclercdrive.fr/image.ashx?id=2653450&use=l&cat=p&typeid=i","cat":318652},{"id":2510,"n":"Biscuits soja figue GERBLE   - 4x4, 270g","p":2.01,"u":"7,44 €/KG","img":"https://fd8-photos.leclercdrive.fr/image.ashx?id=2812720&use=l&cat=p&typeid=i","cat":318651},{"id":2511,"n":"Biscuits diététiques Gerblé Soja Orange - 280g","p":1.48,"u":"5,29 €/KG","img":"https://fd8-photos.leclercdrive.fr/image.ashx?id=2623166&use=l&cat=p&typeid=i","cat":318651},{"id":2523,"n":"Amandes effilées Couleurs Vives 125g","p":1.99,"u":"15,92 €/KG","img":"https://fd8-photos.leclercdrive.fr/image.ashx?id=2896874&use=l&cat=p&typeid=i","cat":284504},{"id":2524,"n":"Amandes Couleurs Vives En poudre - 125g","p":1.97,"u":"15,76 €/KG","img":"https://fd8-photos.leclercdrive.fr/image.ashx?id=2896871&use=l&cat=p&typeid=i","cat":284504},{"id":2525,"n":"Cerneaux noix Couleurs Vives 125g","p":1.78,"u":"14,83 €/KG","img":"https://fd8-photos.leclercdrive.fr/image.ashx?id=2886436&use=l&cat=p&typeid=i","cat":284357},{"id":2530,"n":"Salade Notre Jardin Mâche - 125g","p":0.95,"u":"7,60 €/KG","img":"https://fd8-photos.leclercdrive.fr/image.ashx?id=2655598&use=l&cat=p&typeid=i","cat":284353},{"id":2531,"n":"Salade Notre Jardin Coeurs de laitue - 200g","p":0.99,"u":"4,95 €/KG","img":"https://fd8-photos.leclercdrive.fr/image.ashx?id=2720139&use=l&cat=p&typeid=i","cat":284353},{"id":2532,"n":"Laitue Iceberg Notre Jardin 300g","p":0.89,"u":"2,97 €/KG","img":"https://fd8-photos.leclercdrive.fr/image.ashx?id=2720151&use=l&cat=p&typeid=i","cat":284353},{"id":2568,"n":"Laque Cheveux L'Oréal Paris Fixation forte - 150ml","p":3.89,"u":"25,93 €/L","img":"https://fd8-photos.leclercdrive.fr/image.ashx?id=2576157&use=l&cat=p&typeid=i","cat":284609},{"id":2570,"n":"Spray Cheveux L'Oréal Paris Fixation Normale - 150ml","p":4.21,"u":"28,07 €/L","img":"https://fd8-photos.leclercdrive.fr/image.ashx?id=2576160&use=l&cat=p&typeid=i","cat":284609},{"id":2571,"n":"Gel Coiffant L'Oréal Paris Ultra Fixant 24H - 150ml","p":3.51,"u":"23,40 €/L","img":"https://fd8-photos.leclercdrive.fr/image.ashx?id=2576163&use=l&cat=p&typeid=i","cat":284609},{"id":2576,"n":"Soin anti-âge L'Oréal Paris Age Perfect - 50ml","p":7.95,"u":"159,00 €/L","img":"https://fd8-photos.leclercdrive.fr/image.ashx?id=2867356&use=l&cat=p&typeid=i","cat":325345},{"id":2588,"n":"Eau minérale Thonon 6x1.5L","p":2.74,"u":"0,30 €/L","img":"https://fd8-photos.leclercdrive.fr/image.ashx?id=2915557&use=l&cat=p&typeid=i","cat":284535},{"id":2612,"n":"Lait demi-écrémé UHT Délisse  Brique - 6x1L","p":5.94,"u":"0,99 €/L","img":"https://fd8-photos.leclercdrive.fr/image.ashx?id=2970539&use=l&cat=p&typeid=i","cat":284377},{"id":2613,"n":"Lait demi-écrémé UHT Délisse Bouteille - 6x1L","p":6.3,"u":"1,05 €/L","img":"https://fd8-photos.leclercdrive.fr/image.ashx?id=2970533&use=l&cat=p&typeid=i","cat":284377},{"id":2614,"n":"Lait demi-écrémé Délisse UHT Bouteille -  6x50cl","p":4.74,"u":"1,58 €/L","img":"https://fd8-photos.leclercdrive.fr/image.ashx?id=2970560&use=l&cat=p&typeid=i","cat":284377},{"id":2616,"n":"Lait entier Délisse UHT - Brique : 6x1L","p":6.48,"u":"1,08 €/L","img":"https://fd8-photos.leclercdrive.fr/image.ashx?id=2970548&use=l&cat=p&typeid=i","cat":285610},{"id":2617,"n":"Lait Bio demi-écrémé Lactel UHT Bouteille - 6x50cl","p":6.37,"u":"2,12 €/L","img":"https://fd8-photos.leclercdrive.fr/image.ashx?id=2892766&use=l&cat=p&typeid=i","cat":284377},{"id":2618,"n":"Lait chèvre demi-écrémé Lactel UHT Bouteille - 6x1L","p":15.04,"u":"2,51 €/L","img":"https://fd8-photos.leclercdrive.fr/image.ashx?id=2873961&use=l&cat=p&typeid=i","cat":295251},{"id":2619,"n":"Lait bio Bio Village Bouteille  Demi-écrémé UHT -  6x1L","p":6.48,"u":"1,08 €/L","img":"https://fd8-photos.leclercdrive.fr/image.ashx?id=2969997&use=l&cat=p&typeid=i","cat":284377},{"id":2623,"n":"Joker Pur Jus Engagé  Multifruits - 1L","p":2.36,"u":"2,36 €/L","img":"https://fd8-photos.leclercdrive.fr/image.ashx?id=3001287&use=l&cat=p&typeid=i","cat":284917},{"id":2649,"n":"Eau de source de Montagne 6x1.5L","p":1.68,"u":"0,19 €/L","img":"https://fd8-photos.leclercdrive.fr/image.ashx?id=2727617&use=l&cat=p&typeid=i","cat":284535},{"id":2650,"n":"Whisky William Lawson's Finest Blend 40° - 100cl","p":17.88,"u":"17,88 €/L","img":"https://fd8-photos.leclercdrive.fr/image.ashx?id=2966134&use=l&cat=p&typeid=i","cat":284547},{"id":2722,"n":"Yaourts aromatisés Délisse Vanille - 8x125g","p":2.58,"u":"2,58 €/KG","img":"https://fd8-photos.leclercdrive.fr/image.ashx?id=1541381&use=l&cat=p&typeid=i","cat":286006},{"id":2729,"n":"Pistaches grillées à sec Tokapi 300g","p":3.86,"u":"12,87 €/KG","img":"https://fd8-photos.leclercdrive.fr/image.ashx?id=2795541&use=l&cat=p&typeid=i","cat":284448},{"id":2734,"n":"Eau de source Eco+ 6x 1.5L","p":1.14,"u":"0,13 €/L","img":"https://fd8-photos.leclercdrive.fr/image.ashx?id=2905880&use=l&cat=p&typeid=i","cat":284535},{"id":2737,"n":"Eau minérale Des Alpes  6x1.5L","p":2.1,"u":"0,23 €/L","img":"https://fd8-photos.leclercdrive.fr/image.ashx?id=2768667&use=l&cat=p&typeid=i","cat":284535},{"id":2742,"n":"Eau gazeuse San Pellegrino Minérale naturelle - 6x1L","p":3.77,"u":"0,63 €/L","img":"https://fd8-photos.leclercdrive.fr/image.ashx?id=2740316&use=l&cat=p&typeid=i","cat":284536},{"id":2743,"n":"Eau gazeuse  Badoit verte finement pétillante - 6x50cl","p":2.87,"u":"0,96 €/L","img":"https://fd8-photos.leclercdrive.fr/image.ashx?id=2983081&use=l&cat=p&typeid=i","cat":284536},{"id":2747,"n":"Lait Candia Grand lait entier Bouteille - 6x1L","p":8.98,"u":"1,50 €/L","img":"https://fd8-photos.leclercdrive.fr/image.ashx?id=2915868&use=l&cat=p&typeid=i","cat":285610},{"id":2749,"n":"Lait entier Délisse UHT - Bouteille : 6x1L","p":7.74,"u":"1,29 €/L","img":"https://fd8-photos.leclercdrive.fr/image.ashx?id=2970569&use=l&cat=p&typeid=i","cat":285610},{"id":2750,"n":"Lait écrémé Délisse UHT - Bouteille : 6x1L","p":5.94,"u":"0,99 €/L","img":"https://fd8-photos.leclercdrive.fr/image.ashx?id=2970578&use=l&cat=p&typeid=i","cat":284949},{"id":2757,"n":"Lait Bio demi-écrémé Lactel  UHT Bouteille - 6x1l","p":9.43,"u":"1,57 €/L","img":"https://fd8-photos.leclercdrive.fr/image.ashx?id=2886918&use=l&cat=p&typeid=i","cat":284377},{"id":2758,"n":"Lait Matin Léger de Lactel Sans lactose 1.2% mg - 6x50cl","p":6.9,"u":"2,30 €/L","img":"https://fd8-photos.leclercdrive.fr/image.ashx?id=2883564&use=l&cat=p&typeid=i","cat":317169},{"id":2759,"n":"Lait Matin Léger de Lactel Sans lactose 1.2% mg - 6x1L","p":10.41,"u":"1,74 €/L","img":"https://fd8-photos.leclercdrive.fr/image.ashx?id=2883125&use=l&cat=p&typeid=i","cat":317169},{"id":2760,"n":"Lait vitaminé Viva Candia  1%MG Brique - 6x1L","p":7.03,"u":"1,17 €/L","img":"https://fd8-photos.leclercdrive.fr/image.ashx?id=2891511&use=l&cat=p&typeid=i","cat":317169},{"id":2776,"n":"Crème Mains Réparatrice Mixa Mains abîmées - 100ml","p":2.31,"u":"23,10 €/L","img":"https://fd8-photos.leclercdrive.fr/image.ashx?id=2276024&use=l&cat=p&typeid=i","cat":325354},{"id":2777,"n":"Crème mains protectrice Mixa Anti-dessèchement - 100ml","p":2.27,"u":"22,70 €/L","img":"https://fd8-photos.leclercdrive.fr/image.ashx?id=2299873&use=l&cat=p&typeid=i","cat":325354},{"id":2779,"n":"Whisky William Lawson's Finest Blend 40° - 70cl","p":13.57,"u":"19,39 €/L","img":"https://fd8-photos.leclercdrive.fr/image.ashx?id=2848340&use=l&cat=p&typeid=i","cat":284547},{"id":2799,"n":"Fromage frais Délisse Fruits panachés - 24x50g","p":2.88,"u":"2,40 €/KG","img":"https://fd8-photos.leclercdrive.fr/image.ashx?id=2922494&use=l&cat=p&typeid=i","cat":284414},{"id":2802,"n":"Flûte pain  400g","p":0.85,"u":"2,13 €/KG","img":"https://fd8-photos.leclercdrive.fr/image.ashx?id=557801&use=l&cat=p&typeid=i","cat":284359},{"id":2803,"n":"Baguette de pain 250g","p":0.28,"u":"1,12 €/KG","img":"https://fd8-photos.leclercdrive.fr/image.ashx?id=2062873&use=l&cat=p&typeid=i","cat":284359},{"id":2811,"n":"Pommes bicolores  2kg","p":3.49,"u":"1,75 €/KG","img":"https://fd8-photos.leclercdrive.fr/image.ashx?id=1636329&use=l&cat=p&typeid=i","cat":284356},{"id":2813,"n":"Pizza Chèvre Turini Cuite au feu de bois - 420g","p":2.21,"u":"5,26 €/KG","img":"https://fd8-photos.leclercdrive.fr/image.ashx?id=2815214&use=l&cat=p&typeid=i","cat":284256},{"id":2814,"n":"Pizza 4 fromages Turini Cuite au feu de bois - 420g","p":2.23,"u":"5,31 €/KG","img":"https://fd8-photos.leclercdrive.fr/image.ashx?id=2815211&use=l&cat=p&typeid=i","cat":284256},{"id":2833,"n":"Courgette 1kg","p":1.8,"u":"1,80 €/KG","img":"https://fd8-photos.leclercdrive.fr/image.ashx?id=1631889&use=l&cat=p&typeid=i","cat":284352},{"id":2835,"n":"Carotte  2kg","p":2.49,"u":"1,25 €/KG","img":"https://fd8-photos.leclercdrive.fr/image.ashx?id=1631892&use=l&cat=p&typeid=i","cat":284352},{"id":2872,"n":"Poireau Botte 1kg","p":2.4,"u":"2,40 €/KG","img":"https://fd8-photos.leclercdrive.fr/image.ashx?id=1633169&use=l&cat=p&typeid=i","cat":284352},{"id":2873,"n":"Mélange de poivrons doux  500g","p":1.99,"u":"3,98 €/KG","img":"https://fd8-photos.leclercdrive.fr/image.ashx?id=1633178&use=l&cat=p&typeid=i","cat":284352},{"id":2896,"n":"Endive Sachet 1kg","p":3.5,"u":"3,50 €/KG","img":"https://fd8-photos.leclercdrive.fr/image.ashx?id=558004&use=l&cat=p&typeid=i","cat":284352},{"id":2929,"n":"Biscuits raisins GERBLE   - 4x4, 270g","p":1.86,"u":"6,89 €/KG","img":"https://fd8-photos.leclercdrive.fr/image.ashx?id=2662298&use=l&cat=p&typeid=i","cat":318651},{"id":2930,"n":"Biscuits pomme noisette GERBLE   4x4 - 230g","p":1.5,"u":"6,52 €/KG","img":"https://fd8-photos.leclercdrive.fr/image.ashx?id=2967753&use=l&cat=p&typeid=i","cat":318651},{"id":2931,"n":"Biscuit chocolat noir Gerblé  - 150g","p":1.95,"u":"13,00 €/KG","img":"https://fd8-photos.leclercdrive.fr/image.ashx?id=2664001&use=l&cat=p&typeid=i","cat":318651},{"id":2932,"n":"Biscuit miel sésame GERBLE  - 6x3,  162g","p":2.35,"u":"14,51 €/KG","img":"https://fd8-photos.leclercdrive.fr/image.ashx?id=2662277&use=l&cat=p&typeid=i","cat":318651},{"id":2933,"n":"Germe de blé Gerblé 250g","p":1.85,"u":"7,40 €/KG","img":"https://fd8-photos.leclercdrive.fr/image.ashx?id=2575060&use=l&cat=p&typeid=i","cat":288382},{"id":2934,"n":"Barres Amande GERBLE   - 6 sachets 150g","p":2.5,"u":"16,67 €/KG","img":"https://fd8-photos.leclercdrive.fr/image.ashx?id=2664088&use=l&cat=p&typeid=i","cat":318652},{"id":2935,"n":"Biscuits écorce confite GERBLE   - 4x5,  360g","p":1.57,"u":"4,36 €/KG","img":"https://fd8-photos.leclercdrive.fr/image.ashx?id=2662907&use=l&cat=p&typeid=i","cat":318651},{"id":2937,"n":"Biscuits goûter chocolat GERBLE  - 3x4,  250g","p":1.62,"u":"6,48 €/KG","img":"https://fd8-photos.leclercdrive.fr/image.ashx?id=2625181&use=l&cat=p&typeid=i","cat":318651},{"id":2938,"n":"Biscuits germe de blé GERBLE   - 5x5, 210g","p":1.28,"u":"6,10 €/KG","img":"https://fd8-photos.leclercdrive.fr/image.ashx?id=2573540&use=l&cat=p&typeid=i","cat":318651},{"id":2950,"n":"Biscuits lait chocolat GERBLE   - 5x4, 230g","p":1.58,"u":"6,87 €/KG","img":"https://fd8-photos.leclercdrive.fr/image.ashx?id=2575030&use=l&cat=p&typeid=i","cat":318651},{"id":2951,"n":"Biscuit chocolat GERLINEA  Encas minceur - 4x4, 200g","p":2.07,"u":"10,35 €/KG","img":"https://fd8-photos.leclercdrive.fr/image.ashx?id=2654770&use=l&cat=p&typeid=i","cat":318652},{"id":2968,"n":"Tablette chocolat Milka Chocolat lait/caramel - 2x100g","p":3.17,"u":"15,85 €/KG","img":"https://fd8-photos.leclercdrive.fr/image.ashx?id=3009146&use=l&cat=p&typeid=i","cat":284497},{"id":2969,"n":"Sticks et bretzels Tokapi 300g","p":1.2,"u":"4,00 €/KG","img":"https://fd8-photos.leclercdrive.fr/image.ashx?id=2431104&use=l&cat=p&typeid=i","cat":297000},{"id":2971,"n":"Chips ondulées Pom'Lisse  Nature - 150g","p":0.93,"u":"6,20 €/KG","img":"https://fd8-photos.leclercdrive.fr/image.ashx?id=2657196&use=l&cat=p&typeid=i","cat":284447},{"id":2973,"n":"Chips Pom'Lisse Barbecue - 135g","p":0.89,"u":"6,59 €/KG","img":"https://fd8-photos.leclercdrive.fr/image.ashx?id=2774046&use=l&cat=p&typeid=i","cat":284447},{"id":2988,"n":"Dessert fruits mixés Sojasun Framboise / Passion - 4x100g","p":1.68,"u":"4,20 €/KG","img":"https://fd8-photos.leclercdrive.fr/image.ashx?id=2355671&use=l&cat=p&typeid=i","cat":316071},{"id":2994,"n":"Chicorée soluble Leroux Nature - 200g","p":4.55,"u":"22,75 €/KG","img":"https://fd8-photos.leclercdrive.fr/image.ashx?id=2693512&use=l&cat=p&typeid=i","cat":284843},{"id":3000,"n":"Oeufs frais plein air Bio Bio Village - x6","p":2.09,"u":"0,35 €/P","img":"https://fd8-photos.leclercdrive.fr/image.ashx?id=1520549&use=l&cat=p&typeid=i","cat":284378},{"id":3011,"n":"Sauce Mexicaine Tables du Monde Medium - 315g","p":1.49,"u":"4,73 €/KG","img":"https://fd8-photos.leclercdrive.fr/image.ashx?id=2476963&use=l&cat=p&typeid=i","cat":288993},{"id":3012,"n":"Sauce Fajitas Tables du Monde 430g","p":1.97,"u":"4,58 €/KG","img":"https://fd8-photos.leclercdrive.fr/image.ashx?id=2470228&use=l&cat=p&typeid=i","cat":288993},{"id":3013,"n":"Pain de mie 7 céréales Epi d'Or Grandes tranches - 550g","p":1.19,"u":"2,16 €/KG","img":"https://fd8-photos.leclercdrive.fr/image.ashx?id=1959532&use=l&cat=p&typeid=i","cat":284477},{"id":3028,"n":"Brioche tranchée Epi d'Or Pépites de chocolat 500g","p":2.09,"u":"4,18 €/KG","img":"https://fd8-photos.leclercdrive.fr/image.ashx?id=2867901&use=l&cat=p&typeid=i","cat":284478},{"id":3033,"n":"Pâtes fraîches Turini Fettuccini - 350g","p":1.49,"u":"4,26 €/KG","img":"https://fd8-photos.leclercdrive.fr/image.ashx?id=2882313&use=l&cat=p&typeid=i","cat":333682},{"id":3034,"n":"Fromage Parmesan Parmareggio 60g","p":1.46,"u":"24,33 €/KG","img":"https://fd8-photos.leclercdrive.fr/image.ashx?id=2975458&use=l&cat=p&typeid=i","cat":314035},{"id":3040,"n":"Beurre moulé bio Bio Village Doux - 82% MG - 250g","p":2.99,"u":"11,96 €/KG","img":"https://fd8-photos.leclercdrive.fr/image.ashx?id=2437052&use=l&cat=p&typeid=i","cat":284379},{"id":3041,"n":"Beurre moulé bio Bio Village Demi-sel - 80% MG - 250g","p":2.99,"u":"11,96 €/KG","img":"https://fd8-photos.leclercdrive.fr/image.ashx?id=2437055&use=l&cat=p&typeid=i","cat":284379},{"id":3052,"n":"Dentifrice Menthe Fluoryl Gencives Sensibles - 75ml","p":2.04,"u":"27,20 €/L","img":"https://fd8-photos.leclercdrive.fr/image.ashx?id=2473312&use=l&cat=p&typeid=i","cat":284612},{"id":3055,"n":"Gel à raser féminin Siliss Velours abricot - 200ml","p":1.69,"u":"8,45 €/L","img":"https://fd8-photos.leclercdrive.fr/image.ashx?id=2699408&use=l&cat=p&typeid=i","cat":325352},{"id":3072,"n":"Serviette hygiénique Doulys Maxi confort - Super - x16","p":1.45,"u":"0,09 €/P","img":"https://fd8-photos.leclercdrive.fr/image.ashx?id=2838912&use=l&cat=p&typeid=i","cat":284624},{"id":3089,"n":"Sauce Béchamel Elle&Vire au Lait Entier - 33cl","p":1.93,"u":"5,85 €/L","img":"https://fd8-photos.leclercdrive.fr/image.ashx?id=2835992&use=l&cat=p&typeid=i","cat":284382},{"id":3091,"n":"Cordons bleus Maître coq Poulet - 1kg","p":7.33,"u":"7,33 €/KG","img":"https://fd8-photos.leclercdrive.fr/image.ashx?id=2762103&use=l&cat=p&typeid=i","cat":333683},{"id":3093,"n":"Cake fruits P'tit déli Tranché 300g","p":1.66,"u":"5,53 €/KG","img":"https://fd8-photos.leclercdrive.fr/image.ashx?id=2823078&use=l&cat=p&typeid=i","cat":284493},{"id":3099,"n":"Mini cakes P'tit Déli  aux fruits x10","p":2.98,"u":"9,93 €/KG","img":"https://fd8-photos.leclercdrive.fr/image.ashx?id=2047019&use=l&cat=p&typeid=i","cat":284493},{"id":3100,"n":"Biscuits génoises Pim's LU Framboise - 150g","p":1.48,"u":"9,87 €/KG","img":"https://fd8-photos.leclercdrive.fr/image.ashx?id=2941877&use=l&cat=p&typeid=i","cat":284489},{"id":3101,"n":"Biscuits fourrés Chamonix LU Orange - 250g","p":1.56,"u":"6,24 €/KG","img":"https://fd8-photos.leclercdrive.fr/image.ashx?id=2982982&use=l&cat=p&typeid=i","cat":284489},{"id":3104,"n":"Sablés P'tit Déli Fourrés Figue x16 - 165g","p":1.09,"u":"6,61 €/KG","img":"https://fd8-photos.leclercdrive.fr/image.ashx?id=2753372&use=l&cat=p&typeid=i","cat":284489},{"id":3106,"n":"Biscuits Cookies P'tit Déli Noix coco Chocolat - 200g","p":1.39,"u":"6,95 €/KG","img":"https://fd8-photos.leclercdrive.fr/image.ashx?id=2896853&use=l&cat=p&typeid=i","cat":325066},{"id":3107,"n":"Biscuits petit beurre LU Pocket - 300g","p":1.98,"u":"6,60 €/KG","img":"https://fd8-photos.leclercdrive.fr/image.ashx?id=3001940&use=l&cat=p&typeid=i","cat":284487},{"id":3108,"n":"Biscuits petit déjeuner Prince Céréales - 300g","p":1.96,"u":"6,53 €/KG","img":"https://fd8-photos.leclercdrive.fr/image.ashx?id=2346648&use=l&cat=p&typeid=i","cat":284491},{"id":3142,"n":"Café et Chicorée Soluble Ricoré  Original - 100g","p":2.78,"u":"27,80 €/KG","img":"https://fd8-photos.leclercdrive.fr/image.ashx?id=2951542&use=l&cat=p&typeid=i","cat":284843},{"id":3147,"n":"Madeleines P'tit déli coquilles 500g","p":1.7,"u":"3,40 €/KG","img":"https://fd8-photos.leclercdrive.fr/image.ashx?id=2999484&use=l&cat=p&typeid=i","cat":284492},{"id":3148,"n":"Madeleines longues P'tit déli Marbrées chocolat 250g","p":1.45,"u":"5,80 €/KG","img":"https://fd8-photos.leclercdrive.fr/image.ashx?id=2999490&use=l&cat=p&typeid=i","cat":284492},{"id":3151,"n":"Café moulu Plantation  Tradition - 250g","p":2.52,"u":"10,08 €/KG","img":"https://fd8-photos.leclercdrive.fr/image.ashx?id=2607401&use=l&cat=p&typeid=i","cat":284750},{"id":3153,"n":"Café moulu Plantation  Tradition décaféiné - 250g","p":2.95,"u":"11,80 €/KG","img":"https://fd8-photos.leclercdrive.fr/image.ashx?id=2607407&use=l&cat=p&typeid=i","cat":284750},{"id":3158,"n":"Café moulu Plantation  doux - 2x250g","p":6.88,"u":"13,76 €/KG","img":"https://fd8-photos.leclercdrive.fr/image.ashx?id=2607428&use=l&cat=p&typeid=i","cat":284750},{"id":3166,"n":"Dessert fruitier pomme Douceur du Verger 16x100g","p":2.8,"u":"1,75 €/KG","img":"https://fd8-photos.leclercdrive.fr/image.ashx?id=1929301&use=l&cat=p&typeid=i","cat":284416},{"id":3169,"n":"Tortellini iTurini Ricotta épinard - 300g","p":1.48,"u":"4,93 €/KG","img":"https://fd8-photos.leclercdrive.fr/image.ashx?id=2869266&use=l&cat=p&typeid=i","cat":333682},{"id":3171,"n":"Tortellini Turini Jambon cru - 250g","p":1.96,"u":"7,84 €/KG","img":"https://fd8-photos.leclercdrive.fr/image.ashx?id=2778039&use=l&cat=p&typeid=i","cat":333682},{"id":3186,"n":"Liquide vaisselle Visior citron 1,5L","p":2.15,"u":"1,43 €/L","img":"https://fd8-photos.leclercdrive.fr/image.ashx?id=2930852&use=l&cat=p&typeid=i","cat":284655},{"id":3192,"n":"Détachant sans javel Textil 2L","p":3.19,"u":"1,60 €/L","img":"https://fd8-photos.leclercdrive.fr/image.ashx?id=2988036&use=l&cat=p&typeid=i","cat":284651},{"id":3200,"n":"Petits pains grillés Epi d'Or  Froment - 225g","p":0.79,"u":"3,51 €/KG","img":"https://fd8-photos.leclercdrive.fr/image.ashx?id=2496410&use=l&cat=p&typeid=i","cat":284479},{"id":3208,"n":"Confiture Allégée aux Fraises Andros - 350g","p":1.72,"u":"4,91 €/KG","img":"https://fd8-photos.leclercdrive.fr/image.ashx?id=2911229&use=l&cat=p&typeid=i","cat":284480},{"id":3212,"n":"Farine pour pain Francine Multi-céréales - 1,5kg","p":2.51,"u":"1,67 €/KG","img":"https://fd8-photos.leclercdrive.fr/image.ashx?id=2220611&use=l&cat=p&typeid=i","cat":284503},{"id":3215,"n":"Riz long Comptoir du Grain Etuvé - 1kg","p":1.72,"u":"1,72 €/KG","img":"https://fd8-photos.leclercdrive.fr/image.ashx?id=2076640&use=l&cat=p&typeid=i","cat":284428},{"id":3217,"n":"Riz Basmati Comptoir du Grain Sélection Riz long - 500g","p":1.35,"u":"2,70 €/KG","img":"https://fd8-photos.leclercdrive.fr/image.ashx?id=2076643&use=l&cat=p&typeid=i","cat":284428},{"id":3220,"n":"Céréales Tipiak - Blé Maïs Soja Prêt en 4 min - 400g","p":1.44,"u":"3,60 €/KG","img":"https://fd8-photos.leclercdrive.fr/image.ashx?id=2989144&use=l&cat=p&typeid=i","cat":284429},{"id":3221,"n":"Purée pomme de terre Pom'lisse Nature - 8x125g - 1kg","p":3.19,"u":"3,19 €/KG","img":"https://fd8-photos.leclercdrive.fr/image.ashx?id=2929864&use=l&cat=p&typeid=i","cat":284431},{"id":3223,"n":"Pâtes capellini Panzani 500g","p":1.1,"u":"2,20 €/KG","img":"https://fd8-photos.leclercdrive.fr/image.ashx?id=2876038&use=l&cat=p&typeid=i","cat":284427},{"id":3224,"n":"Pâtes Barilla Spaghetti n°5 - 1kg","p":1.81,"u":"1,81 €/KG","img":"https://fd8-photos.leclercdrive.fr/image.ashx?id=2481182&use=l&cat=p&typeid=i","cat":284427},{"id":3225,"n":"Pâtes Lasagnes Panzani - 500G","p":1.8,"u":"3,60 €/KG","img":"https://fd8-photos.leclercdrive.fr/image.ashx?id=2896105&use=l&cat=p&typeid=i","cat":284427},{"id":3226,"n":"Pâtes cannelloni Panzani  A farcir - 250g","p":1.17,"u":"4,68 €/KG","img":"https://fd8-photos.leclercdrive.fr/image.ashx?id=2896108&use=l&cat=p&typeid=i","cat":284427},{"id":3233,"n":"Haricots verts Notre Jardin Extra fins - 220g","p":1.89,"u":"8,59 €/KG","img":"https://fd8-photos.leclercdrive.fr/image.ashx?id=2050621&use=l&cat=p&typeid=i","cat":312606},{"id":3239,"n":"Biscuit Petit beurre P'tit Déli Tablette chocolat noir - 150g","p":1.37,"u":"9,13 €/KG","img":"https://fd8-photos.leclercdrive.fr/image.ashx?id=886992&use=l&cat=p&typeid=i","cat":284488},{"id":3240,"n":"Biscuit Petit beurre P'tit Déli Tablette lait noisette - 150g","p":1.61,"u":"10,73 €/KG","img":"https://fd8-photos.leclercdrive.fr/image.ashx?id=2523673&use=l&cat=p&typeid=i","cat":284488},{"id":3253,"n":"Escargots Maître Coquille De Bourgogne x48 - 355g","p":15.45,"u":"43,52 €/KG","img":"https://fd8-photos.leclercdrive.fr/image.ashx?id=1979671&use=l&cat=p&typeid=i","cat":319775},{"id":3257,"n":"Bûche glacée Eskiss 3 chocolats - 536g","p":3.49,"u":"6,51 €/KG","img":"https://fd8-photos.leclercdrive.fr/image.ashx?id=2791254&use=l&cat=p&typeid=i","cat":284266},{"id":3258,"n":"Champignons Paris Notre Jardin Pieds et morceaux - 460g","p":2.29,"u":"4,98 €/KG","img":"https://fd8-photos.leclercdrive.fr/image.ashx?id=2553893&use=l&cat=p&typeid=i","cat":312610},{"id":3260,"n":"Noix de Saint Jacques NRT de la baie de St-Brieuc - 300g","p":14.99,"u":"49,97 €/KG","img":"https://fd8-photos.leclercdrive.fr/image.ashx?id=2801064&use=l&cat=p&typeid=i","cat":319787},{"id":3263,"n":"Champignons Paris Notre Jardin Entiers - 460g","p":2.69,"u":"5,85 €/KG","img":"https://fd8-photos.leclercdrive.fr/image.ashx?id=2553887&use=l&cat=p&typeid=i","cat":312610},{"id":3269,"n":"Coeurs de palmiers Notre Jardin Extra tendres - 220g","p":2.27,"u":"10,32 €/KG","img":"https://fd8-photos.leclercdrive.fr/image.ashx?id=836744&use=l&cat=p&typeid=i","cat":312611},{"id":3271,"n":"Maïs Notre Jardin Tendre - 3x140g","p":1.89,"u":"4,50 €/KG","img":"https://fd8-photos.leclercdrive.fr/image.ashx?id=2074653&use=l&cat=p&typeid=i","cat":312611},{"id":3272,"n":"Asperges blanches grosses Notre Jardin - 320g","p":3.49,"u":"10,91 €/KG","img":"https://fd8-photos.leclercdrive.fr/image.ashx?id=2049016&use=l&cat=p&typeid=i","cat":312611},{"id":3277,"n":"Chips à l'ancienne Pom'lisse Nature - 6x30g","p":1.58,"u":"8,78 €/KG","img":"https://fd8-photos.leclercdrive.fr/image.ashx?id=2657193&use=l&cat=p&typeid=i","cat":284447},{"id":3282,"n":"Moutarde Amora Mi-forte - 230g Divers coloris","p":1.88,"u":"8,17 €/KG","img":"https://fd8-photos.leclercdrive.fr/image.ashx?id=2504473&use=l&cat=p&typeid=i","cat":288850},{"id":3285,"n":"Vinaigre balsamique Rustica 50cl","p":1.57,"u":"3,14 €/L","img":"https://fd8-photos.leclercdrive.fr/image.ashx?id=2765701&use=l&cat=p&typeid=i","cat":298543},{"id":3292,"n":"Tomates pelées Notre Jardin Entières - 238g","p":0.85,"u":"3,57 €/KG","img":"https://fd8-photos.leclercdrive.fr/image.ashx?id=2190002&use=l&cat=p&typeid=i","cat":312608},{"id":3305,"n":"Sauce Provençale Turini 420g","p":0.97,"u":"2,31 €/KG","img":"https://fd8-photos.leclercdrive.fr/image.ashx?id=2047010&use=l&cat=p&typeid=i","cat":287599},{"id":3307,"n":"Cidre bouché Les Goelleries Normand brut 5.5%vol. - 75cl","p":1.79,"u":"2,39 €/L","img":"https://fd8-photos.leclercdrive.fr/image.ashx?id=2842196&use=l&cat=p&typeid=i","cat":334880},{"id":3309,"n":"Pur jus de pomme Jafaden 1L","p":1.34,"u":"1,34 €/L","img":"https://fd8-photos.leclercdrive.fr/image.ashx?id=2955632&use=l&cat=p&typeid=i","cat":284522},{"id":3310,"n":"Pur jus de pomme Bio Village Bio - 1L","p":1.49,"u":"1,49 €/L","img":"https://fd8-photos.leclercdrive.fr/image.ashx?id=2901527&use=l&cat=p&typeid=i","cat":284522},{"id":3311,"n":"Thé glacé Fresh Tea Pêche - 1,5L","p":1.25,"u":"0,83 €/L","img":"https://fd8-photos.leclercdrive.fr/image.ashx?id=2982601&use=l&cat=p&typeid=i","cat":295019},{"id":3316,"n":"Sirop Frucci Grenadine - 1L","p":2.76,"u":"2,76 €/L","img":"https://fd8-photos.leclercdrive.fr/image.ashx?id=2954073&use=l&cat=p&typeid=i","cat":295020},{"id":3320,"n":"Bonbons Werther's Original Mini 42g","p":1.92,"u":"45,71 €/KG","img":"https://fd8-photos.leclercdrive.fr/image.ashx?id=2660167&use=l&cat=p&typeid=i","cat":304252},{"id":3323,"n":"Dentifrice Sanogyl Soin gencives 75ml","p":2.55,"u":"34,00 €/L","img":"https://fd8-photos.leclercdrive.fr/image.ashx?id=2734018&use=l&cat=p&typeid=i","cat":284612},{"id":3338,"n":"Protège-slips Doulys Mince - Plié - x30","p":1.25,"u":"0,04 €/P","img":"https://fd8-photos.leclercdrive.fr/image.ashx?id=2824129&use=l&cat=p&typeid=i","cat":284625},{"id":3343,"n":"Vodka Poliakov 37.5%vol - 70cl","p":11.09,"u":"15,84 €/L","img":"https://fd8-photos.leclercdrive.fr/image.ashx?id=2810759&use=l&cat=p&typeid=i","cat":284550},{"id":3344,"n":"Nectar Jafaden Banane - 1L","p":2.09,"u":"2,09 €/L","img":"https://fd8-photos.leclercdrive.fr/image.ashx?id=2955701&use=l&cat=p&typeid=i","cat":284915},{"id":3345,"n":"Nectar Jafaden Poire - 1L","p":2.49,"u":"2,49 €/L","img":"https://fd8-photos.leclercdrive.fr/image.ashx?id=2955695&use=l&cat=p&typeid=i","cat":284915},{"id":3356,"n":"Banan's Haribo Sachet bonbons - 300g","p":1.52,"u":"5,07 €/KG","img":"https://fd8-photos.leclercdrive.fr/image.ashx?id=1739936&use=l&cat=p&typeid=i","cat":304250},{"id":3359,"n":"Compote Andros Pomme 750g","p":1.49,"u":"1,99 €/KG","img":"https://fd8-photos.leclercdrive.fr/image.ashx?id=2327716&use=l&cat=p&typeid=i","cat":284508},{"id":3361,"n":"Pâtée chats Gourmet gold Mousselines 4x85g","p":1.97,"u":"5,79 €/KG","img":"https://fd8-photos.leclercdrive.fr/image.ashx?id=2711103&use=l&cat=p&typeid=i","cat":285286},{"id":3364,"n":"Huile de douche Manava Bien être oriental 250ml","p":1.16,"u":"4,64 €/L","img":"https://fd8-photos.leclercdrive.fr/image.ashx?id=2809659&use=l&cat=p&typeid=i","cat":284594},{"id":3372,"n":"Terrines Tous Mes Amis Pour chats  3 saveurs - 3x400g","p":3.29,"u":"2,74 €/KG","img":"https://fd8-photos.leclercdrive.fr/image.ashx?id=2865050&use=l&cat=p&typeid=i","cat":285601},{"id":3373,"n":"Tortillas Tables du Monde Galettes de blé x8 320g","p":1.71,"u":"5,34 €/KG","img":"https://fd8-photos.leclercdrive.fr/image.ashx?id=2679729&use=l&cat=p&typeid=i","cat":288993},{"id":3376,"n":"Café moulu Bio Village Bio  Pérou - 250g","p":4.21,"u":"16,84 €/KG","img":"https://fd8-photos.leclercdrive.fr/image.ashx?id=2552436&use=l&cat=p&typeid=i","cat":284750},{"id":3378,"n":"Litchis  500g","p":4.9,"u":"9,80 €/KG","img":"https://fd8-photos.leclercdrive.fr/image.ashx?id=1636365&use=l&cat=p&typeid=i","cat":284356},{"id":3395,"n":"Dentifrice Dentamyl Aux plantes 75ml","p":0.94,"u":"12,53 €/L","img":"https://fd8-photos.leclercdrive.fr/image.ashx?id=2489104&use=l&cat=p&typeid=i","cat":284612},{"id":3396,"n":"Dentifrice Dentamyl Haleine fraîche 75ml","p":0.76,"u":"10,13 €/L","img":"https://fd8-photos.leclercdrive.fr/image.ashx?id=2489101&use=l&cat=p&typeid=i","cat":284612},{"id":3401,"n":"Serviette hygiénique Doulys Maxi - Spécial nuit - x12","p":0.95,"u":"0,08 €/P","img":"https://fd8-photos.leclercdrive.fr/image.ashx?id=2838927&use=l&cat=p&typeid=i","cat":284624},{"id":3412,"n":"Soupe de poissons Régal Soupe 1L","p":2.69,"u":"2,69 €/L","img":"https://fd8-photos.leclercdrive.fr/image.ashx?id=2607410&use=l&cat=p&typeid=i","cat":287366},{"id":3416,"n":"Ratatouille Notre Jardin A la provençale - 750g","p":1.29,"u":"1,72 €/KG","img":"https://fd8-photos.leclercdrive.fr/image.ashx?id=2526291&use=l&cat=p&typeid=i","cat":312612},{"id":3424,"n":"Plat moussaka Côté table 850g","p":4.63,"u":"5,45 €/KG","img":"https://fd8-photos.leclercdrive.fr/image.ashx?id=2045175&use=l&cat=p&typeid=i","cat":284254},{"id":3428,"n":"Feuilletés paniers Côté Table St Jacques Fruits de mer 4x100g","p":4.45,"u":"11,13 €/KG","img":"https://fd8-photos.leclercdrive.fr/image.ashx?id=2549379&use=l&cat=p&typeid=i","cat":319776},{"id":3429,"n":"Lasagnes bolognaises Côté table 1kg","p":3.49,"u":"3,49 €/KG","img":"https://fd8-photos.leclercdrive.fr/image.ashx?id=2545628&use=l&cat=p&typeid=i","cat":284254},{"id":3441,"n":"AOP Freixenet Cava Cordon Negro Brut - 75cl","p":5.94,"u":"7,92 €/L","img":"https://fd8-photos.leclercdrive.fr/image.ashx?id=3011929&use=l&cat=p&typeid=i","cat":289461},{"id":3455,"n":"Saumon et torsades Côté Table  Sauce à l'oseille - 300g","p":2.59,"u":"8,63 €/KG","img":"https://fd8-photos.leclercdrive.fr/image.ashx?id=2809075&use=l&cat=p&typeid=i","cat":284953},{"id":3459,"n":"Petit Pois et Carottes Cassegrain 465g","p":2.71,"u":"5,83 €/KG","img":"https://fd8-photos.leclercdrive.fr/image.ashx?id=2912971&use=l&cat=p&typeid=i","cat":312607},{"id":3462,"n":"Pain précuit Epi d'Or Demi-baguette x2 - 300g","p":0.65,"u":"2,17 €/KG","img":"https://fd8-photos.leclercdrive.fr/image.ashx?id=2684814&use=l&cat=p&typeid=i","cat":325069},{"id":3499,"n":"Spray anti-moustique Marie Rose 100ml","p":6.61,"u":"66,10 €/L","img":"https://fd8-photos.leclercdrive.fr/image.ashx?id=2191521&use=l&cat=p&typeid=i","cat":299654},{"id":3517,"n":"Bonbons Haribo Réglisse Carensac - 250g","p":1.74,"u":"6,96 €/KG","img":"https://fd8-photos.leclercdrive.fr/image.ashx?id=2982405&use=l&cat=p&typeid=i","cat":304250},{"id":3520,"n":"Boîtes chiens Lydog Terrines Viande volaille - 4x405g","p":3.47,"u":"2,14 €/KG","img":"https://fd8-photos.leclercdrive.fr/image.ashx?id=2815746&use=l&cat=p&typeid=i","cat":288578},{"id":3525,"n":"Crêpes fourrées P'tit déli Chocolat x8 - 256g","p":1.65,"u":"6,45 €/KG","img":"https://fd8-photos.leclercdrive.fr/image.ashx?id=2656335&use=l&cat=p&typeid=i","cat":284494},{"id":3528,"n":"Gel arnica Mercurochrome 75ml","p":2.77,"u":"36,93 €/L","img":"https://fd8-photos.leclercdrive.fr/image.ashx?id=2663989&use=l&cat=p&typeid=i","cat":284630},{"id":3550,"n":"AOP Côtes de Provence rosé Billette Bouquet - 75cl","p":5.98,"u":"7,97 €/L","img":"https://fd8-photos.leclercdrive.fr/image.ashx?id=2625433&use=l&cat=p&typeid=i","cat":289558},{"id":3564,"n":"Vin de l'Union Européenne  La Villageoise - 6x25cl","p":4.3,"u":"2,87 €/L","img":"https://fd8-photos.leclercdrive.fr/image.ashx?id=2731651&use=l&cat=p&typeid=i","cat":289557},{"id":3570,"n":"Concentré à diluer Pulco Citron - 70cl","p":2.23,"u":"3,19 €/L","img":"https://fd8-photos.leclercdrive.fr/image.ashx?id=2687845&use=l&cat=p&typeid=i","cat":295020},{"id":3571,"n":"Nectar Jafaden Abricot - 1L","p":2.59,"u":"2,59 €/L","img":"https://fd8-photos.leclercdrive.fr/image.ashx?id=2997940&use=l&cat=p&typeid=i","cat":284915},{"id":3575,"n":"Litière chats Tous mes Amis Végétale - 10L","p":4.39,"u":"0,44 €/L","img":"https://fd8-photos.leclercdrive.fr/image.ashx?id=2055217&use=l&cat=p&typeid=i","cat":284683},{"id":3576,"n":"Litière chats Tous mes Amis Minérale - Hygiénique - 10L","p":4.65,"u":"0,47 €/L","img":"https://fd8-photos.leclercdrive.fr/image.ashx?id=2055211&use=l&cat=p&typeid=i","cat":284683},{"id":3580,"n":"Le Haricot vert Cueilli Main Bonduelle Extra Fin 280g","p":2.54,"u":"9,07 €/KG","img":"https://fd8-photos.leclercdrive.fr/image.ashx?id=2910019&use=l&cat=p&typeid=i","cat":312606},{"id":3584,"n":"Macédoine de Légumes Bonduelle 530g","p":1.57,"u":"2,96 €/KG","img":"https://fd8-photos.leclercdrive.fr/image.ashx?id=2939235&use=l&cat=p&typeid=i","cat":312612},{"id":3587,"n":"AOP Bordeaux rouge Blaissac - 75cl","p":4.0,"u":"5,33 €/L","img":"https://fd8-photos.leclercdrive.fr/image.ashx?id=2917429&use=l&cat=p&typeid=i","cat":289556},{"id":3588,"n":"IGP Pays d'Oc rouge Roche Mazet Cabernet Sauvignon 12.5% 75cl","p":3.1,"u":"4,13 €/L","img":"https://fd8-photos.leclercdrive.fr/image.ashx?id=2333000&use=l&cat=p&typeid=i","cat":289556},{"id":3589,"n":"IGP Pays d'Oc rouge Roche Mazet Merlot - 75cl","p":3.1,"u":"4,13 €/L","img":"https://fd8-photos.leclercdrive.fr/image.ashx?id=2332997&use=l&cat=p&typeid=i","cat":289556},{"id":3590,"n":"IGP Pays d'Oc rosé Roche Mazet Cinsault Grenache 12% vol 75cl","p":3.1,"u":"4,13 €/L","img":"https://fd8-photos.leclercdrive.fr/image.ashx?id=2341510&use=l&cat=p&typeid=i","cat":289558},{"id":3593,"n":"Vin d'Italie rouge pétillant Vilaveroni Lambrusco- 75cl","p":4.13,"u":"5,51 €/L","img":"https://fd8-photos.leclercdrive.fr/image.ashx?id=2333021&use=l&cat=p&typeid=i","cat":289556},{"id":3599,"n":"IGP Pays d'Oc rosé Listel Grain De gris 12.5% vol - 75cl","p":3.5,"u":"4,67 €/L","img":"https://fd8-photos.leclercdrive.fr/image.ashx?id=2556135&use=l&cat=p&typeid=i","cat":289558},{"id":3600,"n":"Miel Lune de Miel Tartimiel 250g","p":2.25,"u":"9,00 €/KG","img":"https://fd8-photos.leclercdrive.fr/image.ashx?id=2662610&use=l&cat=p&typeid=i","cat":287643},{"id":3604,"n":"Allume-feu Silex cubes x28 200g","p":1.11,"u":"5,55 €/KG","img":"https://fd8-photos.leclercdrive.fr/image.ashx?id=2558781&use=l&cat=p&typeid=i","cat":300578},{"id":3609,"n":"Petit Pois Cassegrain Tendres et Fondants 495g","p":2.69,"u":"5,43 €/KG","img":"https://fd8-photos.leclercdrive.fr/image.ashx?id=2912962&use=l&cat=p&typeid=i","cat":312607},{"id":3610,"n":"Petits pois Notre Jardin A l'étuvée -Extra fins - 3x140g","p":1.57,"u":"3,74 €/KG","img":"https://fd8-photos.leclercdrive.fr/image.ashx?id=2537343&use=l&cat=p&typeid=i","cat":312607},{"id":3617,"n":"Galettes de riz bio Bio Village Complet x17 - 130g","p":0.91,"u":"7,00 €/KG","img":"https://fd8-photos.leclercdrive.fr/image.ashx?id=2816151&use=l&cat=p&typeid=i","cat":318651},{"id":3622,"n":"Alcool modifié Mercurochrome 90° - 100ml","p":2.5,"u":"25,00 €/L","img":"https://fd8-photos.leclercdrive.fr/image.ashx?id=2663977&use=l&cat=p&typeid=i","cat":284630},{"id":3630,"n":"Filets colin Alaska Pêche océan 4 tranches - MSC - 400g","p":2.49,"u":"6,23 €/KG","img":"https://fd8-photos.leclercdrive.fr/image.ashx?id=2930087&use=l&cat=p&typeid=i","cat":319786},{"id":3633,"n":"Colin d'Alaska Pêche Océan x10 tranches - MSC - 1kg","p":6.25,"u":"6,25 €/KG","img":"https://fd8-photos.leclercdrive.fr/image.ashx?id=2930096&use=l&cat=p&typeid=i","cat":319786},{"id":3638,"n":"Fromage Mini Caprice Des Dieux 3 Portions - 150g","p":2.73,"u":"18,20 €/KG","img":"https://fd8-photos.leclercdrive.fr/image.ashx?id=2217434&use=l&cat=p&typeid=i","cat":314033},{"id":3640,"n":"Fromage Apéritif Apérivrais  Saveurs de Provence - 100g","p":2.1,"u":"21,00 €/KG","img":"https://fd8-photos.leclercdrive.fr/image.ashx?id=2885348&use=l&cat=p&typeid=i","cat":314027},{"id":3641,"n":"Fromage Apéritif Apérivrais  Saveurs d'Italie - 100g","p":2.13,"u":"21,30 €/KG","img":"https://fd8-photos.leclercdrive.fr/image.ashx?id=2944705&use=l&cat=p&typeid=i","cat":314027},{"id":3649,"n":"AOP Asti Vilaveroni 75cl","p":6.26,"u":"8,35 €/L","img":"https://fd8-photos.leclercdrive.fr/image.ashx?id=2337558&use=l&cat=p&typeid=i","cat":289461},{"id":3651,"n":"Vin du Portugal rosé Mateus - VSIG - 12% vol 75cl","p":4.54,"u":"6,05 €/L","img":"https://fd8-photos.leclercdrive.fr/image.ashx?id=2794619&use=l&cat=p&typeid=i","cat":289558},{"id":3660,"n":"Fromage tartiflette Les Croisés 27%mg 500g","p":3.89,"u":"7,78 €/KG","img":"https://fd8-photos.leclercdrive.fr/image.ashx?id=2791746&use=l&cat=p&typeid=i","cat":314037},{"id":3663,"n":"Fromage à Raclette RichesMonts  3 saveurs 27 Tranches - 700g","p":10.79,"u":"15,41 €/KG","img":"https://fd8-photos.leclercdrive.fr/image.ashx?id=2766289&use=l&cat=p&typeid=i","cat":314037},{"id":3668,"n":"Faisselle Rians - 6%mg - 1kg","p":2.7,"u":"2,70 €/KG","img":"https://fd8-photos.leclercdrive.fr/image.ashx?id=2659629&use=l&cat=p&typeid=i","cat":284409},{"id":3681,"n":"Confit canard 4/5 cuisses Nos Régions ont du Talent 745g","p":15.28,"u":"20,51 €/KG","img":"https://fd8-photos.leclercdrive.fr/image.ashx?id=2723210&use=l&cat=p&typeid=i","cat":305149},{"id":3684,"n":"Eau gazeuse Rozana 6x1L","p":2.65,"u":"0,44 €/L","img":"https://fd8-photos.leclercdrive.fr/image.ashx?id=2870602&use=l&cat=p&typeid=i","cat":284536},{"id":3694,"n":"Pâtes Torti Legumes Panzani - 500G","p":1.3,"u":"2,60 €/KG","img":"https://fd8-photos.leclercdrive.fr/image.ashx?id=2876032&use=l&cat=p&typeid=i","cat":284427},{"id":3699,"n":"Café moulu Bio Village Bio Amérique latine - 250g","p":4.99,"u":"19,96 €/KG","img":"https://fd8-photos.leclercdrive.fr/image.ashx?id=2603713&use=l&cat=p&typeid=i","cat":284750},{"id":3703,"n":"Collants Sublim Dim Voile brillant noir - Taille 4","p":5.4,"img":"https://fd8-photos.leclercdrive.fr/image.ashx?id=2176665&use=l&cat=p&typeid=i","cat":334130},{"id":3712,"n":"Emincé poulet Côté Table Sauce curry - 300g","p":2.02,"u":"6,73 €/KG","img":"https://fd8-photos.leclercdrive.fr/image.ashx?id=2393857&use=l&cat=p&typeid=i","cat":284953},{"id":3713,"n":"Huile d'olive Rustica Vierge extra - 50cl","p":4.8,"u":"9,60 €/L","img":"https://fd8-photos.leclercdrive.fr/image.ashx?id=2930340&use=l&cat=p&typeid=i","cat":284453},{"id":3716,"n":"Pizza cuite sur pierre Turini Royale - 400g","p":1.99,"u":"4,98 €/KG","img":"https://fd8-photos.leclercdrive.fr/image.ashx?id=2815205&use=l&cat=p&typeid=i","cat":284256},{"id":3719,"n":"Gomme Coiffante L'Oréal Paris Effet Remodelable - 150ml","p":3.51,"u":"23,40 €/L","img":"https://fd8-photos.leclercdrive.fr/image.ashx?id=2614194&use=l&cat=p&typeid=i","cat":284609},{"id":3736,"n":"Chocolat Pâtissier Menier Tablette Noir - 200g","p":2.29,"u":"11,45 €/KG","img":"https://fd8-photos.leclercdrive.fr/image.ashx?id=2624146&use=l&cat=p&typeid=i","cat":285562},{"id":3741,"n":"Biscottes fourrées Cracotte LU  Fraise - 200g","p":1.65,"u":"8,25 €/KG","img":"https://fd8-photos.leclercdrive.fr/image.ashx?id=3004807&use=l&cat=p&typeid=i","cat":284479},{"id":3743,"n":"Mini brownie Brossard Chocolat pépites x8 - 240g","p":2.77,"u":"11,54 €/KG","img":"https://fd8-photos.leclercdrive.fr/image.ashx?id=2965100&use=l&cat=p&typeid=i","cat":294776},{"id":3748,"n":"Soufflés Grignot' Tokapi  Saveur Fromage - 90g","p":0.72,"u":"8,00 €/KG","img":"https://fd8-photos.leclercdrive.fr/image.ashx?id=1956625&use=l&cat=p&typeid=i","cat":284449},{"id":3754,"n":"Crackers Tuc Bacon - 100g","p":0.84,"u":"8,40 €/KG","img":"https://fd8-photos.leclercdrive.fr/image.ashx?id=3002198&use=l&cat=p&typeid=i","cat":297000},{"id":3756,"n":"Mélange Exotique Tokapi  Bananes et papaye - 120g","p":1.47,"u":"12,25 €/KG","img":"https://fd8-photos.leclercdrive.fr/image.ashx?id=2793991&use=l&cat=p&typeid=i","cat":284448},{"id":3758,"n":"Sachet repas chats Gourmet 4 variétés de filets - 4x85g","p":1.9,"u":"5,59 €/KG","img":"https://fd8-photos.leclercdrive.fr/image.ashx?id=2902274&use=l&cat=p&typeid=i","cat":285286},{"id":3759,"n":"Sachet repas chats Gourmet Filets en sachet - 4x85g","p":1.9,"u":"5,59 €/KG","img":"https://fd8-photos.leclercdrive.fr/image.ashx?id=2902337&use=l&cat=p&typeid=i","cat":285286},{"id":3773,"n":"Feuilletés paniers Côté Table Jambon fromage - 4x100g","p":2.15,"u":"5,38 €/KG","img":"https://fd8-photos.leclercdrive.fr/image.ashx?id=2549382&use=l&cat=p&typeid=i","cat":319776},{"id":3775,"n":"Feuilletés paniers Côté Table Fromage de chèvre - 4x100g","p":2.95,"u":"7,38 €/KG","img":"https://fd8-photos.leclercdrive.fr/image.ashx?id=2549385&use=l&cat=p&typeid=i","cat":319776},{"id":3777,"n":"Légumes couscous Notre jardin 1kg","p":1.99,"u":"1,99 €/KG","img":"https://fd8-photos.leclercdrive.fr/image.ashx?id=2900031&use=l&cat=p&typeid=i","cat":319823},{"id":3780,"n":"Faisselle NRT 46%mg - 4x100g","p":2.55,"u":"6,38 €/KG","img":"https://fd8-photos.leclercdrive.fr/image.ashx?id=1946907&use=l&cat=p&typeid=i","cat":284409},{"id":3784,"n":"Coquilles poisson Côté Table Et fruits de mer x6 - 660g","p":5.35,"u":"8,11 €/KG","img":"https://fd8-photos.leclercdrive.fr/image.ashx?id=2990092&use=l&cat=p&typeid=i","cat":319775},{"id":3786,"n":"Poisson pané Pêche Océan MSC - x20 - 1kg","p":6.95,"u":"6,95 €/KG","img":"https://fd8-photos.leclercdrive.fr/image.ashx?id=1919342&use=l&cat=p&typeid=i","cat":319788},{"id":3789,"n":"Pavés de saumon Pêche Océan ASC - 2x125g","p":4.99,"u":"19,96 €/KG","img":"https://fd8-photos.leclercdrive.fr/image.ashx?id=2953722&use=l&cat=p&typeid=i","cat":319786},{"id":3794,"n":"Poisson pané Pêche Océan - MSC Colin d'alaska - x8 - 400g","p":2.78,"u":"6,95 €/KG","img":"https://fd8-photos.leclercdrive.fr/image.ashx?id=2176092&use=l&cat=p&typeid=i","cat":319788},{"id":3795,"n":"Poisson pané Pêche Océan Cabillaud - MSC - x8 400g","p":4.45,"u":"11,13 €/KG","img":"https://fd8-photos.leclercdrive.fr/image.ashx?id=1724533&use=l&cat=p&typeid=i","cat":319788},{"id":3796,"n":"Croquettes poisson Pêche Océan MSC - x6 - 300g","p":1.72,"u":"5,73 €/KG","img":"https://fd8-photos.leclercdrive.fr/image.ashx?id=2856157&use=l&cat=p&typeid=i","cat":319788},{"id":3797,"n":"Brandade morue Côté Table 1kg","p":3.99,"u":"3,99 €/KG","img":"https://fd8-photos.leclercdrive.fr/image.ashx?id=2047028&use=l&cat=p&typeid=i","cat":284254},{"id":3810,"n":"Epinards Notre Jardin Branches A la crème fraîche 1kg","p":2.98,"u":"2,98 €/KG","img":"https://fd8-photos.leclercdrive.fr/image.ashx?id=2873081&use=l&cat=p&typeid=i","cat":319805},{"id":3820,"n":"Sandwich XXL Daunat Jambon emmental - 230g","p":2.2,"u":"9,57 €/KG","img":"https://fd8-photos.leclercdrive.fr/image.ashx?id=2892700&use=l&cat=p&typeid=i","cat":333658},{"id":3823,"n":"Wings poulet Maître coq nature 400g","p":4.81,"u":"12,03 €/KG","img":"https://fd8-photos.leclercdrive.fr/image.ashx?id=2101438&use=l&cat=p&typeid=i","cat":333685},{"id":3824,"n":"Sandwich triangle Daunat Jambon emmental - 160g","p":1.45,"u":"9,06 €/KG","img":"https://fd8-photos.leclercdrive.fr/image.ashx?id=2892694&use=l&cat=p&typeid=i","cat":333658},{"id":3828,"n":"Pansements Mercurochrome Economiques x20","p":2.29,"img":"https://fd8-photos.leclercdrive.fr/image.ashx?id=2748269&use=l&cat=p&typeid=i","cat":284630},{"id":3844,"n":"Sirop érable Maple Joe Du Canada - 250g","p":3.87,"u":"15,48 €/KG","img":"https://fd8-photos.leclercdrive.fr/image.ashx?id=2656559&use=l&cat=p&typeid=i","cat":287643},{"id":3862,"n":"Cacahuètes grillées Tokapi Salées - 500g","p":1.44,"u":"2,88 €/KG","img":"https://fd8-photos.leclercdrive.fr/image.ashx?id=2795532&use=l&cat=p&typeid=i","cat":284448},{"id":3864,"n":"Jus multifruits Jafaden 12 fruits - 1L","p":1.33,"u":"1,33 €/L","img":"https://fd8-photos.leclercdrive.fr/image.ashx?id=2461387&use=l&cat=p&typeid=i","cat":284917},{"id":3871,"n":"Pain grillé Pelletier Blé complet - 500g","p":1.96,"u":"3,92 €/KG","img":"https://fd8-photos.leclercdrive.fr/image.ashx?id=2345376&use=l&cat=p&typeid=i","cat":284479},{"id":3904,"n":"Viande bovine Charal3x steak*** À griller - 300g","p":7.32,"u":"24,40 €/KG","img":"https://fd8-photos.leclercdrive.fr/image.ashx?id=2485907&use=l&cat=p&typeid=i","cat":284328},{"id":3914,"n":"Steak haché Charal 5%mg - 260g","p":6.16,"u":"23,69 €/KG","img":"https://fd8-photos.leclercdrive.fr/image.ashx?id=1889165&use=l&cat=p&typeid=i","cat":284332},{"id":3915,"n":"Steak haché 15%mg Charal Viande bovine - 260g","p":5.91,"u":"22,73 €/KG","img":"https://fd8-photos.leclercdrive.fr/image.ashx?id=1889174&use=l&cat=p&typeid=i","cat":284332},{"id":3917,"n":"Viande Bovine Française Charal: Pavé aux 3 poivres x2 - 260g","p":7.44,"u":"28,62 €/KG","img":"https://fd8-photos.leclercdrive.fr/image.ashx?id=2311195&use=l&cat=p&typeid=i","cat":284328},{"id":3918,"n":"Viande Bovine Française Charal Pavé à l'échalote x2 - 260g","p":7.44,"u":"28,62 €/KG","img":"https://fd8-photos.leclercdrive.fr/image.ashx?id=2311198&use=l&cat=p&typeid=i","cat":284328},{"id":3921,"n":"Carpaccio au Parmesan Charal - 230g","p":6.59,"u":"28,65 €/KG","img":"https://fd8-photos.leclercdrive.fr/image.ashx?id=2482174&use=l&cat=p&typeid=i","cat":284328},{"id":3922,"n":"Carpaccio au Basilic Charal - 230g","p":6.59,"u":"28,65 €/KG","img":"https://fd8-photos.leclercdrive.fr/image.ashx?id=1933746&use=l&cat=p&typeid=i","cat":284328},{"id":3944,"n":"Jus multifruits Jafaden Briquettes - 6x20cl","p":1.79,"u":"1,49 €/L","img":"https://fd8-photos.leclercdrive.fr/image.ashx?id=2751880&use=l&cat=p&typeid=i","cat":284524},{"id":3946,"n":"Pâtes Barilla Spaghettoni n°7 - 500g","p":0.99,"u":"1,98 €/KG","img":"https://fd8-photos.leclercdrive.fr/image.ashx?id=2392221&use=l&cat=p&typeid=i","cat":284427},{"id":3951,"n":"Sucre vanillé Tablier blanc x10 75g","p":0.79,"u":"10,53 €/KG","img":"https://fd8-photos.leclercdrive.fr/image.ashx?id=2487431&use=l&cat=p&typeid=i","cat":294686},{"id":3952,"n":"Sucre Confisuc Saint Louis Spécial confiture - 1kg","p":2.59,"u":"2,59 €/KG","img":"https://fd8-photos.leclercdrive.fr/image.ashx?id=2019969&use=l&cat=p&typeid=i","cat":284502},{"id":3955,"n":"Ravioli pur bœuf  Panzani - 400g","p":1.61,"u":"4,03 €/KG","img":"https://fd8-photos.leclercdrive.fr/image.ashx?id=2876050&use=l&cat=p&typeid=i","cat":284442},{"id":3956,"n":"Confit canard 2 cuisses NRT 425g","p":9.59,"u":"22,56 €/KG","img":"https://fd8-photos.leclercdrive.fr/image.ashx?id=2545234&use=l&cat=p&typeid=i","cat":284440},{"id":3960,"n":"Haricots Mungo  Notre Jardin 3x90g","p":1.99,"u":"7,37 €/KG","img":"https://fd8-photos.leclercdrive.fr/image.ashx?id=2174678&use=l&cat=p&typeid=i","cat":312611},{"id":3980,"n":"Sauce bolognaise Turini 680g","p":2.44,"u":"3,59 €/KG","img":"https://fd8-photos.leclercdrive.fr/image.ashx?id=2634863&use=l&cat=p&typeid=i","cat":287599},{"id":3981,"n":"Petits pois carottes Extra fins Notre Jardin - 3x130g","p":1.69,"u":"4,33 €/KG","img":"https://fd8-photos.leclercdrive.fr/image.ashx?id=2537346&use=l&cat=p&typeid=i","cat":312607},{"id":3983,"n":"Flageolets verts Notre Jardin Extra fins - 3x130g","p":1.99,"u":"5,10 €/KG","img":"https://fd8-photos.leclercdrive.fr/image.ashx?id=2537352&use=l&cat=p&typeid=i","cat":312606},{"id":3989,"n":"Soda Jean's Cola  2L","p":1.44,"u":"0,72 €/L","img":"https://fd8-photos.leclercdrive.fr/image.ashx?id=2699423&use=l&cat=p&typeid=i","cat":284530},{"id":3991,"n":"Tarte aux 3 fromages Côté Table - 400g","p":2.82,"u":"7,05 €/KG","img":"https://fd8-photos.leclercdrive.fr/image.ashx?id=2791707&use=l&cat=p&typeid=i","cat":284257},{"id":3994,"n":"Tourte Côté Table Champignon jambon - 500g","p":4.99,"u":"9,98 €/KG","img":"https://fd8-photos.leclercdrive.fr/image.ashx?id=2791680&use=l&cat=p&typeid=i","cat":284257},{"id":3998,"n":"Frites allumettes Pom'lisse Au four - 600g","p":1.24,"u":"2,07 €/KG","img":"https://fd8-photos.leclercdrive.fr/image.ashx?id=2699666&use=l&cat=p&typeid=i","cat":319791},{"id":3999,"n":"Crêpes Côté Table Champignons x6 - 300g","p":1.88,"u":"6,27 €/KG","img":"https://fd8-photos.leclercdrive.fr/image.ashx?id=2499352&use=l&cat=p&typeid=i","cat":319776},{"id":4000,"n":"Quiche lorraine Côté Table Mini - 8x100g","p":6.5,"u":"8,13 €/KG","img":"https://fd8-photos.leclercdrive.fr/image.ashx?id=2390305&use=l&cat=p&typeid=i","cat":284257},{"id":4003,"n":"Coquilles Saint-Jacques NRT baie de St-Brieuc x2 - 200g","p":6.79,"u":"33,95 €/KG","img":"https://fd8-photos.leclercdrive.fr/image.ashx?id=2711091&use=l&cat=p&typeid=i","cat":319775},{"id":4008,"n":"Julienne légumes Notre jardin 600g","p":1.38,"u":"2,30 €/KG","img":"https://fd8-photos.leclercdrive.fr/image.ashx?id=2900073&use=l&cat=p&typeid=i","cat":319823},{"id":4009,"n":"Printanière légumes Notre jardin 1kg","p":1.47,"u":"1,47 €/KG","img":"https://fd8-photos.leclercdrive.fr/image.ashx?id=2873033&use=l&cat=p&typeid=i","cat":319823},{"id":4021,"n":"Pommes rissolées  Pom'lisse 450g","p":1.09,"u":"2,42 €/KG","img":"https://fd8-photos.leclercdrive.fr/image.ashx?id=1732033&use=l&cat=p&typeid=i","cat":319792},{"id":4024,"n":"Sauce crudité Rustica Nature - 50cl","p":0.88,"u":"1,76 €/L","img":"https://fd8-photos.leclercdrive.fr/image.ashx?id=1972910&use=l&cat=p&typeid=i","cat":284456},{"id":4025,"n":"Pois chiches Notre Jardin 530g","p":1.19,"u":"2,25 €/KG","img":"https://fd8-photos.leclercdrive.fr/image.ashx?id=2988006&use=l&cat=p&typeid=i","cat":312609},{"id":4028,"n":"Filets poulet rôti Le gaulois 230g","p":4.48,"u":"19,48 €/KG","img":"https://fd8-photos.leclercdrive.fr/image.ashx?id=2686879&use=l&cat=p&typeid=i","cat":284336},{"id":4029,"n":"Crème marron de Clément Faugier Vanillée Ardèche - 500g","p":2.49,"u":"4,98 €/KG","img":"https://fd8-photos.leclercdrive.fr/image.ashx?id=1880738&use=l&cat=p&typeid=i","cat":284481},{"id":4063,"n":"Cidre bouché Les Goelleries Normand doux 2%vol. - 75cl","p":1.79,"u":"2,39 €/L","img":"https://fd8-photos.leclercdrive.fr/image.ashx?id=2842202&use=l&cat=p&typeid=i","cat":334880},{"id":4101,"n":"Pâtes coquillettes Panzani 1kg","p":1.74,"u":"1,74 €/KG","img":"https://fd8-photos.leclercdrive.fr/image.ashx?id=2873823&use=l&cat=p&typeid=i","cat":284427},{"id":4120,"n":"Bouchées chocolatées Mon Chéri Liqueur cerise x16 - 168g","p":5.59,"u":"33,27 €/KG","img":"https://fd8-photos.leclercdrive.fr/image.ashx?id=2964018&use=l&cat=p&typeid=i","cat":327601},{"id":4141,"n":"Infusion Tiséa réglisse menthe x25","p":0.9,"u":"22,50 €/KG","img":"https://fd8-photos.leclercdrive.fr/image.ashx?id=2553908&use=l&cat=p&typeid=i","cat":293234},{"id":4249,"n":"Crème glacée Eskiss Chocolat noir - 494g","p":2.35,"u":"4,76 €/KG","img":"https://fd8-photos.leclercdrive.fr/image.ashx?id=2698162&use=l&cat=p&typeid=i","cat":284263},{"id":4250,"n":"Crème glacée Eskiss Café - 494g","p":2.14,"u":"4,33 €/KG","img":"https://fd8-photos.leclercdrive.fr/image.ashx?id=3002545&use=l&cat=p&typeid=i","cat":284263},{"id":4257,"n":"Flammekueche d'Alsace surgelé NRT - 2x250g","p":4.99,"u":"9,98 €/KG","img":"https://fd8-photos.leclercdrive.fr/image.ashx?id=2779301&use=l&cat=p&typeid=i","cat":284257},{"id":4259,"n":"Pâtes spaghetti Panzani 1kg","p":1.72,"u":"1,72 €/KG","img":"https://fd8-photos.leclercdrive.fr/image.ashx?id=2869555&use=l&cat=p&typeid=i","cat":284427},{"id":4260,"n":"Biscuits sablés P'tit Déli Chocolat au lait - 200g","p":1.19,"u":"5,95 €/KG","img":"https://fd8-photos.leclercdrive.fr/image.ashx?id=2768457&use=l&cat=p&typeid=i","cat":284488},{"id":4290,"n":"Marrons entiers Notre Jardin - 510g","p":5.19,"u":"10,18 €/KG","img":"https://fd8-photos.leclercdrive.fr/image.ashx?id=2190014&use=l&cat=p&typeid=i","cat":312612},{"id":4318,"n":"Collants Sublim Dim Voile brillant noir - Taille 1","p":5.4,"img":"https://fd8-photos.leclercdrive.fr/image.ashx?id=2176656&use=l&cat=p&typeid=i","cat":334130},{"id":4320,"n":"Collants Sublim Dim Voile brillant noir - Taille 3","p":5.4,"img":"https://fd8-photos.leclercdrive.fr/image.ashx?id=2176662&use=l&cat=p&typeid=i","cat":334130},{"id":4346,"n":"Crêpes Côté Table Fromage x6 - 300g","p":1.75,"u":"5,83 €/KG","img":"https://fd8-photos.leclercdrive.fr/image.ashx?id=2932399&use=l&cat=p&typeid=i","cat":319776},{"id":4357,"n":"Glace à l'eau Yéti 5 parfums x24 - 1.160kg","p":3.36,"u":"2,90 €/KG","img":"https://fd8-photos.leclercdrive.fr/image.ashx?id=2733796&use=l&cat=p&typeid=i","cat":285250},{"id":4367,"n":"Papier toilette Uni Vert Compact écologique - x4","p":3.29,"u":"0,82 €/P","img":"https://fd8-photos.leclercdrive.fr/image.ashx?id=2549948&use=l&cat=p&typeid=i","cat":284634},{"id":4369,"n":"Gel wc menthe pin Uni Vert 750ml","p":1.62,"u":"2,16 €/L","img":"https://fd8-photos.leclercdrive.fr/image.ashx?id=2943626&use=l&cat=p&typeid=i","cat":284662},{"id":4381,"n":"Safran poudre Rustica 3 doses de 0,1g","p":2.96,"img":"https://fd8-photos.leclercdrive.fr/image.ashx?id=2991422&use=l&cat=p&typeid=i","cat":298297},{"id":4412,"n":"Boisson énergisante Red Bull 250ml","p":1.13,"u":"4,52 €/L","img":"https://fd8-photos.leclercdrive.fr/image.ashx?id=2340300&use=l&cat=p&typeid=i","cat":284533},{"id":4425,"n":"Sauce aux 3 poivres Charal 2 personnes - 120g","p":1.98,"u":"16,50 €/KG","img":"https://fd8-photos.leclercdrive.fr/image.ashx?id=2105014&use=l&cat=p&typeid=i","cat":284382},{"id":4426,"n":"Sauce au Roquefort Charal 2 personnes - 120g","p":1.95,"u":"16,25 €/KG","img":"https://fd8-photos.leclercdrive.fr/image.ashx?id=2881329&use=l&cat=p&typeid=i","cat":284382},{"id":4431,"n":"Plumeaux Clair jetables Avec poignée x5","p":3.03,"img":"https://fd8-photos.leclercdrive.fr/image.ashx?id=2832924&use=l&cat=p&typeid=i","cat":325364},{"id":4458,"n":"Pâtes cheveux d'anges Panzani 500g","p":1.18,"u":"2,36 €/KG","img":"https://fd8-photos.leclercdrive.fr/image.ashx?id=2896069&use=l&cat=p&typeid=i","cat":284427},{"id":4496,"n":"Ruban adhésif Esquisse transparent + dévidoir - 25m","p":1.09,"img":"https://fd8-photos.leclercdrive.fr/image.ashx?id=1928791&use=l&cat=p&typeid=i","cat":334133},{"id":4497,"n":"Gomme Esquisse Caoutchouc","p":0.5,"img":"https://fd8-photos.leclercdrive.fr/image.ashx?id=2943211&use=l&cat=p&typeid=i","cat":334133},{"id":4499,"n":"Surligneur Esquisse 4 couleurs fluos - x4","p":1.99,"img":"https://fd8-photos.leclercdrive.fr/image.ashx?id=2943208&use=l&cat=p&typeid=i","cat":284696},{"id":4507,"n":"Enveloppes adhésives Eco+ 11x22cm 70g - x100","p":1.73,"u":"0,02 €/P","img":"https://fd8-photos.leclercdrive.fr/image.ashx?id=1699666&use=l&cat=p&typeid=i","cat":284697},{"id":4511,"n":"Pochettes perforées Eco+ 21x29.7cm - x100","p":1.14,"u":"0,01 €/P","img":"https://fd8-photos.leclercdrive.fr/image.ashx?id=2943124&use=l&cat=p&typeid=i","cat":284745},{"id":4512,"n":"Pur jus orange Jafaden Sans pulpe - 1L","p":2.43,"u":"2,43 €/L","img":"https://fd8-photos.leclercdrive.fr/image.ashx?id=2916668&use=l&cat=p&typeid=i","cat":285435},{"id":4524,"n":"Filtre café Eco+ N°4 - x100","p":0.99,"u":"0,01 €/P","img":"https://fd8-photos.leclercdrive.fr/image.ashx?id=2593806&use=l&cat=p&typeid=i","cat":284751},{"id":4543,"n":"Gel Lubrifiant Intime Durex Sensitive base Eau 50ml","p":4.65,"u":"93,00 €/L","img":"https://fd8-photos.leclercdrive.fr/image.ashx?id=2961200&use=l&cat=p&typeid=i","cat":285160},{"id":4566,"n":"Nuggets de poulet Maître coq 1kg","p":7.4,"u":"7,40 €/KG","img":"https://fd8-photos.leclercdrive.fr/image.ashx?id=2877826&use=l&cat=p&typeid=i","cat":333684},{"id":4569,"n":"Coq'ailes Maître Coq Mexicain - 250g","p":3.28,"u":"13,12 €/KG","img":"https://fd8-photos.leclercdrive.fr/image.ashx?id=2432034&use=l&cat=p&typeid=i","cat":333685},{"id":4570,"n":"Coq'ailes Maître coq Nature - 250g","p":3.17,"u":"12,68 €/KG","img":"https://fd8-photos.leclercdrive.fr/image.ashx?id=2412591&use=l&cat=p&typeid=i","cat":333685},{"id":4594,"n":"Baguette de campagne 250g","p":1.05,"u":"4,20 €/KG","img":"https://fd8-photos.leclercdrive.fr/image.ashx?id=2062915&use=l&cat=p&typeid=i","cat":284359},{"id":4599,"n":"Pommes Golden  2kg","p":3.75,"u":"1,88 €/KG","img":"https://fd8-photos.leclercdrive.fr/image.ashx?id=1630939&use=l&cat=p&typeid=i","cat":284356},{"id":4624,"n":"Dattes Couleurs Vives 500g","p":2.75,"u":"5,50 €/KG","img":"https://fd8-photos.leclercdrive.fr/image.ashx?id=2542926&use=l&cat=p&typeid=i","cat":284357},{"id":4626,"n":"Vinaigrette Rustica Nature - 50cl","p":0.88,"u":"1,76 €/L","img":"https://fd8-photos.leclercdrive.fr/image.ashx?id=1972898&use=l&cat=p&typeid=i","cat":284456},{"id":4627,"n":"Vinaigre de Xérès Rustica 50cl","p":1.99,"u":"3,98 €/L","img":"https://fd8-photos.leclercdrive.fr/image.ashx?id=2603581&use=l&cat=p&typeid=i","cat":298543},{"id":4628,"n":"Moutarde de Dijon Rustica  Fine et forte - 440g","p":1.13,"u":"2,57 €/KG","img":"https://fd8-photos.leclercdrive.fr/image.ashx?id=2954340&use=l&cat=p&typeid=i","cat":288850},{"id":4629,"n":"Moutarde à l'ancienne Rustica Vinaigre - 350g","p":1.12,"u":"3,20 €/KG","img":"https://fd8-photos.leclercdrive.fr/image.ashx?id=2954343&use=l&cat=p&typeid=i","cat":288850},{"id":4630,"n":"Pâté piment d'Espelette NRT Label Rouge - 180g","p":2.39,"u":"13,28 €/KG","img":"https://fd8-photos.leclercdrive.fr/image.ashx?id=2991485&use=l&cat=p&typeid=i","cat":305149},{"id":4631,"n":"Confit foie volaille Côté Table Au porto - 180g","p":1.45,"u":"8,06 €/KG","img":"https://fd8-photos.leclercdrive.fr/image.ashx?id=1960008&use=l&cat=p&typeid=i","cat":305149},{"id":4640,"n":"Petits pois carottes Notre Jard Extra fins - 420g","p":1.35,"u":"3,21 €/KG","img":"https://fd8-photos.leclercdrive.fr/image.ashx?id=2987943&use=l&cat=p&typeid=i","cat":312607},{"id":4641,"n":"Croquettes chaton Purina One Junior - Poulet/Céréales - 450g","p":2.63,"u":"5,84 €/KG","img":"https://fd8-photos.leclercdrive.fr/image.ashx?id=2499883&use=l&cat=p&typeid=i","cat":284680},{"id":4667,"n":"Yaourts Mamie Nova Ananas passion - 2x150g","p":1.29,"u":"4,30 €/KG","img":"https://fd8-photos.leclercdrive.fr/image.ashx?id=2886960&use=l&cat=p&typeid=i","cat":284410},{"id":4679,"n":"Gel WC nettoyant Syphon Javel eucalyptus - 750ml","p":0.87,"u":"1,16 €/L","img":"https://fd8-photos.leclercdrive.fr/image.ashx?id=2663359&use=l&cat=p&typeid=i","cat":284662},{"id":4682,"n":"Petits pois Notre Jardin A l'étuvée - Extra fins - 445g","p":1.28,"u":"2,88 €/KG","img":"https://fd8-photos.leclercdrive.fr/image.ashx?id=2987940&use=l&cat=p&typeid=i","cat":312607},{"id":4688,"n":"Pâtes Blé complet Barilla Penne Rigate Integrale - 500g","p":1.15,"u":"2,30 €/KG","img":"https://fd8-photos.leclercdrive.fr/image.ashx?id=2986954&use=l&cat=p&typeid=i","cat":284427},{"id":4705,"n":"Champignon de Paris Barquette  500g","p":2.9,"u":"5,80 €/KG","img":"https://fd8-photos.leclercdrive.fr/image.ashx?id=1631898&use=l&cat=p&typeid=i","cat":284352},{"id":4727,"n":"Chocolat au lait Tablette d'Or Raisins secs & Noisettes - 200g","p":2.19,"u":"10,95 €/KG","img":"https://fd8-photos.leclercdrive.fr/image.ashx?id=2578629&use=l&cat=p&typeid=i","cat":284497},{"id":4729,"n":"Sel piscine Solea 25kg","p":11.9,"u":"0,48 €/KG","img":"https://fd8-photos.leclercdrive.fr/image.ashx?id=1552243&use=l&cat=p&typeid=i","cat":335918},{"id":4766,"n":"Gazpacho Notre Jardin 1L","p":2.57,"u":"2,57 €/L","img":"https://fd8-photos.leclercdrive.fr/image.ashx?id=2794832&use=l&cat=p&typeid=i","cat":284355},{"id":4844,"n":"Pochettes perforées Esquisse x50","p":1.69,"img":"https://fd8-photos.leclercdrive.fr/image.ashx?id=2943157&use=l&cat=p&typeid=i","cat":284745},{"id":4852,"n":"Thon blanc Petit Navire Au naturel - 140g","p":3.44,"u":"24,57 €/KG","img":"https://fd8-photos.leclercdrive.fr/image.ashx?id=2570996&use=l&cat=p&typeid=i","cat":303867},{"id":4863,"n":"Tampons Doulys Digitaux Normal - x24","p":1.24,"u":"0,05 €/P","img":"https://fd8-photos.leclercdrive.fr/image.ashx?id=2965401&use=l&cat=p&typeid=i","cat":284626},{"id":4879,"n":"Petits pots bébé NATURNES Courgettes 4M+ - 2x130g","p":1.01,"u":"3,88 €/KG","img":"https://fd8-photos.leclercdrive.fr/image.ashx?id=2532249&use=l&cat=p&typeid=i","cat":312234},{"id":4881,"n":"Petits pots bébé NATURNES Potiron 4M+ - 2x130g","p":1.03,"u":"3,96 €/KG","img":"https://fd8-photos.leclercdrive.fr/image.ashx?id=2532252&use=l&cat=p&typeid=i","cat":312234},{"id":4906,"n":"Purée de fruit NATURNES Pommes Poires 4M+ - 4x130g","p":2.22,"u":"4,27 €/KG","img":"https://fd8-photos.leclercdrive.fr/image.ashx?id=2672551&use=l&cat=p&typeid=i","cat":312387},{"id":4909,"n":"Purée de fruit NATURNES Fruits du soleil 8M+ - 4x130g","p":2.16,"u":"4,15 €/KG","img":"https://fd8-photos.leclercdrive.fr/image.ashx?id=2629647&use=l&cat=p&typeid=i","cat":312388},{"id":4910,"n":"Purée de fruit NATURNES 6M+ Pomme Fraise Myrtilles - 4x130g","p":2.2,"u":"4,23 €/KG","img":"https://fd8-photos.leclercdrive.fr/image.ashx?id=2478399&use=l&cat=p&typeid=i","cat":312388},{"id":4916,"n":"Collants Sublim Dim Voile brillant noir - Taille 2","p":5.4,"img":"https://fd8-photos.leclercdrive.fr/image.ashx?id=2176659&use=l&cat=p&typeid=i","cat":334130},{"id":4971,"n":"Fromage Spécialité Port Salut - 320g","p":2.77,"u":"8,66 €/KG","img":"https://fd8-photos.leclercdrive.fr/image.ashx?id=2143762&use=l&cat=p&typeid=i","cat":329184},{"id":4988,"n":"Beurre Moulé Paysan Breton Doux - 82%MG - 500g","p":6.25,"u":"12,50 €/KG","img":"https://fd8-photos.leclercdrive.fr/image.ashx?id=2774496&use=l&cat=p&typeid=i","cat":284379},{"id":5000,"n":"Frites de poulet Le Gaulois Panées France - 200g","p":2.49,"u":"12,45 €/KG","img":"https://fd8-photos.leclercdrive.fr/image.ashx?id=2261657&use=l&cat=p&typeid=i","cat":333684},{"id":5005,"n":"Rôti filet de dinde le Gaulois 600g","p":8.21,"u":"13,68 €/KG","img":"https://fd8-photos.leclercdrive.fr/image.ashx?id=2263889&use=l&cat=p&typeid=i","cat":284337},{"id":5015,"n":"Yaourts Les Zaros Délisse Fruits panachés - 16x125g","p":2.48,"u":"1,24 €/KG","img":"https://fd8-photos.leclercdrive.fr/image.ashx?id=2970444&use=l&cat=p&typeid=i","cat":284414},{"id":5016,"n":"Yaourts nature Déli'light 0% MG - 12x125g","p":1.91,"u":"1,27 €/KG","img":"https://fd8-photos.leclercdrive.fr/image.ashx?id=2922482&use=l&cat=p&typeid=i","cat":315000},{"id":5017,"n":"Betterave rouge Notre Jardin Entière cuite sous vide - 500g","p":0.72,"u":"1,44 €/KG","img":"https://fd8-photos.leclercdrive.fr/image.ashx?id=2885116&use=l&cat=p&typeid=i","cat":284352},{"id":5018,"n":"Yaourts Délisse Nature - 4x125g","p":0.65,"u":"1,30 €/KG","img":"https://fd8-photos.leclercdrive.fr/image.ashx?id=3003052&use=l&cat=p&typeid=i","cat":284409},{"id":5021,"n":"Crottin de chèvre Les Croisés 23%mg - 2x60g","p":1.78,"u":"14,83 €/KG","img":"https://fd8-photos.leclercdrive.fr/image.ashx?id=2891878&use=l&cat=p&typeid=i","cat":314031},{"id":5023,"n":"Salade composée Notre Jardin Mélée gourmande - 200g","p":0.99,"u":"4,95 €/KG","img":"https://fd8-photos.leclercdrive.fr/image.ashx?id=2720145&use=l&cat=p&typeid=i","cat":284353},{"id":5024,"n":"Viande des grisons Saint Azay 10 tranches - 80g","p":4.09,"u":"51,13 €/KG","img":"https://fd8-photos.leclercdrive.fr/image.ashx?id=2848490&use=l&cat=p&typeid=i","cat":316007},{"id":5025,"n":"Salade Notre Jardin Jeunes pousses - 125g","p":1.49,"u":"11,92 €/KG","img":"https://fd8-photos.leclercdrive.fr/image.ashx?id=2655601&use=l&cat=p&typeid=i","cat":284353},{"id":5026,"n":"Ravioli Turini Boeuf aux oignons - 300g","p":1.53,"u":"5,10 €/KG","img":"https://fd8-photos.leclercdrive.fr/image.ashx?id=2778036&use=l&cat=p&typeid=i","cat":333682},{"id":5028,"n":"Piémontaise Menu Fraîcheur Au jambon - 500g","p":2.2,"u":"4,40 €/KG","img":"https://fd8-photos.leclercdrive.fr/image.ashx?id=2901428&use=l&cat=p&typeid=i","cat":333657},{"id":5029,"n":"Museau de porc Menu Fraîcheur A la lyonnaise - 300g","p":1.99,"u":"6,63 €/KG","img":"https://fd8-photos.leclercdrive.fr/image.ashx?id=2816558&use=l&cat=p&typeid=i","cat":333657},{"id":5031,"n":"Petits chèvres doux Les Croisés 200g","p":2.02,"u":"10,10 €/KG","img":"https://fd8-photos.leclercdrive.fr/image.ashx?id=2927179&use=l&cat=p&typeid=i","cat":314031},{"id":5032,"n":"Pizza Turini Chorizo - 450g","p":2.69,"u":"5,98 €/KG","img":"https://fd8-photos.leclercdrive.fr/image.ashx?id=2422168&use=l&cat=p&typeid=i","cat":333679},{"id":5033,"n":"Galette au blé noir Côté Table Jambon  emmental 195g","p":1.49,"u":"7,64 €/KG","img":"https://fd8-photos.leclercdrive.fr/image.ashx?id=2837729&use=l&cat=p&typeid=i","cat":333672},{"id":5037,"n":"Gésiers de volaille Volandrie 300g","p":2.49,"u":"8,30 €/KG","img":"https://fd8-photos.leclercdrive.fr/image.ashx?id=2814860&use=l&cat=p&typeid=i","cat":284715},{"id":5041,"n":"Fromage blanc Déli'light Nature 0% MG - 1kg","p":1.79,"u":"1,79 €/KG","img":"https://fd8-photos.leclercdrive.fr/image.ashx?id=2905213&use=l&cat=p&typeid=i","cat":315000},{"id":5044,"n":"Fromage à tartiner Les Croisés  Ail et fines herbes 25%mg 150g","p":1.29,"u":"8,60 €/KG","img":"https://fd8-photos.leclercdrive.fr/image.ashx?id=2476122&use=l&cat=p&typeid=i","cat":314029},{"id":5045,"n":"Riz au lait Délisse Vanille - 8x115g","p":2.08,"u":"2,26 €/KG","img":"https://fd8-photos.leclercdrive.fr/image.ashx?id=2489116&use=l&cat=p&typeid=i","cat":284418},{"id":5046,"n":"Roquefort NRT AOP  Fromage de brebis -150g","p":2.99,"u":"19,93 €/KG","img":"https://fd8-photos.leclercdrive.fr/image.ashx?id=2771046&use=l&cat=p&typeid=i","cat":314032},{"id":5047,"n":"Gratte éponge Spontex Sans rinçage x3","p":1.38,"u":"0,46 €/P","img":"https://fd8-photos.leclercdrive.fr/image.ashx?id=2975783&use=l&cat=p&typeid=i","cat":284667},{"id":5049,"n":"Whisky Sir Edward's 40%vol - 1L","p":16.85,"u":"16,85 €/L","img":"https://fd8-photos.leclercdrive.fr/image.ashx?id=2510747&use=l&cat=p&typeid=i","cat":284547},{"id":5050,"n":"Sucre de canne Canadou 70cl","p":2.61,"u":"3,73 €/L","img":"https://fd8-photos.leclercdrive.fr/image.ashx?id=2534587&use=l&cat=p&typeid=i","cat":284551},{"id":5054,"n":"Olives Vertes Dénoyautées  100g","p":0.91,"u":"9,10 €/KG","img":"https://fd8-photos.leclercdrive.fr/image.ashx?id=2923432&use=l&cat=p&typeid=i","cat":284450},{"id":5070,"n":"Whisky Jack Daniel's Old N°7 70cL","p":20.64,"u":"29,49 €/L","img":"https://fd8-photos.leclercdrive.fr/image.ashx?id=2789763&use=l&cat=p&typeid=i","cat":284547},{"id":5073,"n":"Muscat Olympio Samos 75cl","p":4.53,"u":"6,04 €/L","img":"https://fd8-photos.leclercdrive.fr/image.ashx?id=2504077&use=l&cat=p&typeid=i","cat":284913},{"id":5078,"n":"Sucres morceaux Béghin Say n°4 1kg","p":1.87,"u":"1,87 €/KG","img":"https://fd8-photos.leclercdrive.fr/image.ashx?id=2860172&use=l&cat=p&typeid=i","cat":284502},{"id":5079,"n":"Sucre cristal Béghin Say 1kg","p":1.88,"u":"1,88 €/KG","img":"https://fd8-photos.leclercdrive.fr/image.ashx?id=2866343&use=l&cat=p&typeid=i","cat":284502},{"id":5080,"n":"Sucre poudre Béghin Say Etui 1kg","p":1.79,"u":"1,79 €/KG","img":"https://fd8-photos.leclercdrive.fr/image.ashx?id=2866346&use=l&cat=p&typeid=i","cat":284502},{"id":5082,"n":"Sucre blanc Beghin Say Spécial confiture - 1kg","p":3.03,"u":"3,03 €/KG","img":"https://fd8-photos.leclercdrive.fr/image.ashx?id=2666761&use=l&cat=p&typeid=i","cat":284502},{"id":5083,"n":"Sucre canne Blonvilliers Béghin Say morceaux 1kg","p":2.55,"u":"2,55 €/KG","img":"https://fd8-photos.leclercdrive.fr/image.ashx?id=2962281&use=l&cat=p&typeid=i","cat":284502},{"id":5098,"n":"Colle Super Glue 3 Loctite Power gel - 3g","p":2.96,"u":"986,67 €/KG","img":"https://fd8-photos.leclercdrive.fr/image.ashx?id=2020278&use=l&cat=p&typeid=i","cat":300576},{"id":5099,"n":"Huile touche d'olive Isio 4 1L","p":4.93,"u":"4,93 €/L","img":"https://fd8-photos.leclercdrive.fr/image.ashx?id=2918724&use=l&cat=p&typeid=i","cat":284453},{"id":5107,"n":"Huile d'arachide Rustica  1L","p":3.55,"u":"3,55 €/L","img":"https://fd8-photos.leclercdrive.fr/image.ashx?id=3002509&use=l&cat=p&typeid=i","cat":284453},{"id":5110,"n":"Pâtes Coquillettes Turini  1kg","p":1.35,"u":"1,35 €/KG","img":"https://fd8-photos.leclercdrive.fr/image.ashx?id=2980438&use=l&cat=p&typeid=i","cat":284427},{"id":5111,"n":"Couscous Comptoir du grain Grain fin - 500g","p":1.27,"u":"2,54 €/KG","img":"https://fd8-photos.leclercdrive.fr/image.ashx?id=3012809&use=l&cat=p&typeid=i","cat":284429},{"id":5112,"n":"Chocolat blanc Tablette d'Or Blanc - 2x100g","p":2.23,"u":"11,15 €/KG","img":"https://fd8-photos.leclercdrive.fr/image.ashx?id=2790880&use=l&cat=p&typeid=i","cat":284957},{"id":5114,"n":"Filet de harengs Pêche Océan MSC - Au naturel - 200g","p":1.75,"u":"8,75 €/KG","img":"https://fd8-photos.leclercdrive.fr/image.ashx?id=2694212&use=l&cat=p&typeid=i","cat":285190},{"id":5117,"n":"Café soluble Plantation Qualité filtre - 200g","p":4.4,"u":"22,00 €/KG","img":"https://fd8-photos.leclercdrive.fr/image.ashx?id=2834269&use=l&cat=p&typeid=i","cat":284843},{"id":5121,"n":"Café moulu Plantation Ethiopie - 250g","p":3.89,"u":"15,56 €/KG","img":"https://fd8-photos.leclercdrive.fr/image.ashx?id=2607434&use=l&cat=p&typeid=i","cat":284750},{"id":5125,"n":"Farine de blé bio T65 Bio Village - 1kg","p":0.99,"u":"0,99 €/KG","img":"https://fd8-photos.leclercdrive.fr/image.ashx?id=2448418&use=l&cat=p&typeid=i","cat":284503},{"id":5126,"n":"Riz long Comptoir du Grain Cuisson rapide 10min - 1kg","p":1.69,"u":"1,69 €/KG","img":"https://fd8-photos.leclercdrive.fr/image.ashx?id=2764137&use=l&cat=p&typeid=i","cat":284428},{"id":5132,"n":"Croûtons Epi d'Or Nature - 2x90g","p":0.99,"u":"5,50 €/KG","img":"https://fd8-photos.leclercdrive.fr/image.ashx?id=2606037&use=l&cat=p&typeid=i","cat":284464},{"id":5142,"n":"Feutres de coloriage Esquisse Lavable Pointe moyenne x12","p":1.29,"img":"https://fd8-photos.leclercdrive.fr/image.ashx?id=2943151&use=l&cat=p&typeid=i","cat":284696},{"id":5147,"n":"Crayons de couleur Esquisse x12","p":0.99,"img":"https://fd8-photos.leclercdrive.fr/image.ashx?id=2943163&use=l&cat=p&typeid=i","cat":284696},{"id":5160,"n":"Pur jus de fruits Tropicana Réveil fruité - 1,5L","p":3.25,"u":"2,17 €/L","img":"https://fd8-photos.leclercdrive.fr/image.ashx?id=2606400&use=l&cat=p&typeid=i","cat":284521},{"id":5176,"n":"Pâtes Alphabet Panzani 500g","p":1.27,"u":"2,54 €/KG","img":"https://fd8-photos.leclercdrive.fr/image.ashx?id=2896063&use=l&cat=p&typeid=i","cat":284427},{"id":5192,"n":"Croissants pur beurre 5x1p","p":4.0,"u":"0,80 €/P","img":"https://fd8-photos.leclercdrive.fr/image.ashx?id=565278&use=l&cat=p&typeid=i","cat":284984},{"id":5194,"n":"Pains au chocolat pur beurre  5x1p","p":4.5,"u":"0,90 €/P","img":"https://fd8-photos.leclercdrive.fr/image.ashx?id=2070956&use=l&cat=p&typeid=i","cat":284984},{"id":5211,"n":"Navet 500g","p":1.89,"u":"3,78 €/KG","img":"https://fd8-photos.leclercdrive.fr/image.ashx?id=1632545&use=l&cat=p&typeid=i","cat":284352},{"id":5218,"n":"Brocolis 500g","p":1.5,"u":"3,00 €/KG","img":"https://fd8-photos.leclercdrive.fr/image.ashx?id=565332&use=l&cat=p&typeid=i","cat":284352},{"id":5227,"n":"Pâtes Lustucru coquillettes Oeufs frais - 250g","p":0.94,"u":"3,76 €/KG","img":"https://fd8-photos.leclercdrive.fr/image.ashx?id=2519474&use=l&cat=p&typeid=i","cat":284427},{"id":5228,"n":"Pâtes Lustucru spaghetti courts Oeufs frais - 250g","p":0.94,"u":"3,76 €/KG","img":"https://fd8-photos.leclercdrive.fr/image.ashx?id=2519477&use=l&cat=p&typeid=i","cat":284427},{"id":5248,"n":"Yaourts aux fruits Délisse Panaché de fruits - 12x125g","p":3.39,"u":"2,26 €/KG","img":"https://fd8-photos.leclercdrive.fr/image.ashx?id=2658575&use=l&cat=p&typeid=i","cat":284410},{"id":5250,"n":"Crème glacée Eskiss Pistache avec éclats - 494g","p":2.51,"u":"5,08 €/KG","img":"https://fd8-photos.leclercdrive.fr/image.ashx?id=2982586&use=l&cat=p&typeid=i","cat":284263},{"id":5253,"n":"Pansements Primoplast Spécial Articulations x30","p":1.59,"img":"https://fd8-photos.leclercdrive.fr/image.ashx?id=2832912&use=l&cat=p&typeid=i","cat":284630},{"id":5261,"n":"Fromage blanc Délisse Nature 7.8% MG - 8x100g","p":2.89,"u":"3,61 €/KG","img":"https://fd8-photos.leclercdrive.fr/image.ashx?id=3012812&use=l&cat=p&typeid=i","cat":284409},{"id":5265,"n":"Piémontaise Menu Fraîcheur  Au jambon - 300g","p":1.59,"u":"5,30 €/KG","img":"https://fd8-photos.leclercdrive.fr/image.ashx?id=2901425&use=l&cat=p&typeid=i","cat":333657},{"id":5271,"n":"Betteraves Menu Fraîcheur  Rouge en dés - 300g","p":1.19,"u":"3,97 €/KG","img":"https://fd8-photos.leclercdrive.fr/image.ashx?id=2552418&use=l&cat=p&typeid=i","cat":333657},{"id":5274,"n":"Quiche lorraine Coté Table 2x130g","p":2.69,"u":"10,35 €/KG","img":"https://fd8-photos.leclercdrive.fr/image.ashx?id=2869790&use=l&cat=p&typeid=i","cat":333680},{"id":5281,"n":"Yaourts Petits Délis Chocolat - 6x100g","p":1.91,"u":"3,18 €/KG","img":"https://fd8-photos.leclercdrive.fr/image.ashx?id=2865188&use=l&cat=p&typeid=i","cat":284414},{"id":5284,"n":"Foies de volaille Volandrie confits - 300g","p":2.7,"u":"9,00 €/KG","img":"https://fd8-photos.leclercdrive.fr/image.ashx?id=2814857&use=l&cat=p&typeid=i","cat":284715},{"id":5288,"n":"Crème dessert Petits Délis Chocolat et lait - 6x70g","p":1.3,"u":"3,10 €/KG","img":"https://fd8-photos.leclercdrive.fr/image.ashx?id=2572061&use=l&cat=p&typeid=i","cat":285041},{"id":5289,"n":"Torti au surimi Menu Fraîcheur 300g","p":1.7,"u":"5,67 €/KG","img":"https://fd8-photos.leclercdrive.fr/image.ashx?id=2965443&use=l&cat=p&typeid=i","cat":333657},{"id":5291,"n":"Cordon bleu Côté Croc Dinde - 400g","p":3.67,"u":"9,18 €/KG","img":"https://fd8-photos.leclercdrive.fr/image.ashx?id=2915116&use=l&cat=p&typeid=i","cat":333683},{"id":5294,"n":"Yaourts brassés Délisse Nature - 4x125g","p":1.05,"u":"2,10 €/KG","img":"https://fd8-photos.leclercdrive.fr/image.ashx?id=2982892&use=l&cat=p&typeid=i","cat":284409},{"id":5308,"n":"Biscuits Mini Rollos Pépito Chocolat au lait - 225g","p":1.84,"u":"8,18 €/KG","img":"https://fd8-photos.leclercdrive.fr/image.ashx?id=3014407&use=l&cat=p&typeid=i","cat":284488},{"id":5310,"n":"Petits pois d'aucy  Extra-fins - 560g","p":1.64,"u":"2,93 €/KG","img":"https://fd8-photos.leclercdrive.fr/image.ashx?id=2426361&use=l&cat=p&typeid=i","cat":312607},{"id":5311,"n":"Petits pois carottes d'Aucy A l'étuvée - Extra fins - 530g","p":1.66,"u":"3,13 €/KG","img":"https://fd8-photos.leclercdrive.fr/image.ashx?id=2426364&use=l&cat=p&typeid=i","cat":312607},{"id":5317,"n":"Lentilles cuisinées Raynal Et Roquelaure - 410g","p":1.26,"u":"3,07 €/KG","img":"https://fd8-photos.leclercdrive.fr/image.ashx?id=2928396&use=l&cat=p&typeid=i","cat":312609},{"id":5318,"n":"Biscuits galettes St Michel 130g","p":0.87,"u":"6,69 €/KG","img":"https://fd8-photos.leclercdrive.fr/image.ashx?id=2986149&use=l&cat=p&typeid=i","cat":284487},{"id":5321,"n":"Chocolat poudre Benco 400g","p":2.3,"u":"5,75 €/KG","img":"https://fd8-photos.leclercdrive.fr/image.ashx?id=2871805&use=l&cat=p&typeid=i","cat":293235},{"id":5325,"n":"Confiture Bonne Maman Fraise - 370g","p":1.7,"u":"4,59 €/KG","img":"https://fd8-photos.leclercdrive.fr/image.ashx?id=2474984&use=l&cat=p&typeid=i","cat":284480},{"id":5329,"n":"Saucisses aux lentilles William Saurin - 420g","p":2.14,"u":"5,10 €/KG","img":"https://fd8-photos.leclercdrive.fr/image.ashx?id=2890067&use=l&cat=p&typeid=i","cat":284441},{"id":5342,"n":"Soda Canada Dry Ginger Ale 1,5L","p":1.95,"u":"1,30 €/L","img":"https://fd8-photos.leclercdrive.fr/image.ashx?id=2654674&use=l&cat=p&typeid=i","cat":284531},{"id":5362,"n":"Vin mousseux Charles Volner Brut - 12%vol. - 75cl","p":4.31,"u":"5,75 €/L","img":"https://fd8-photos.leclercdrive.fr/image.ashx?id=1592052&use=l&cat=p&typeid=i","cat":284544},{"id":5364,"n":"Fromage blanc Délisse Nature 7% MG - 1kg","p":2.39,"u":"2,39 €/KG","img":"https://fd8-photos.leclercdrive.fr/image.ashx?id=2834999&use=l&cat=p&typeid=i","cat":284409},{"id":5381,"n":"Dentifrice Dentamyl Haleine fraîche 75ml","p":1.39,"u":"18,53 €/L","img":"https://fd8-photos.leclercdrive.fr/image.ashx?id=2613828&use=l&cat=p&typeid=i","cat":284612},{"id":5385,"n":"Lait coco Tables du Monde 200ml","p":0.86,"u":"4,30 €/L","img":"https://fd8-photos.leclercdrive.fr/image.ashx?id=2920172&use=l&cat=p&typeid=i","cat":288992},{"id":5386,"n":"Biscuit Petit beurre P'tit Déli Tablette chocolat lait - 150g","p":1.29,"u":"8,60 €/KG","img":"https://fd8-photos.leclercdrive.fr/image.ashx?id=2711644&use=l&cat=p&typeid=i","cat":284488},{"id":5390,"n":"Crème anglaise Délisse 50cl","p":1.28,"u":"2,56 €/L","img":"https://fd8-photos.leclercdrive.fr/image.ashx?id=3002569&use=l&cat=p&typeid=i","cat":284382},{"id":5391,"n":"Yaourts à boire Délisse 3 parfums - 6x180g","p":2.39,"u":"2,21 €/KG","img":"https://fd8-photos.leclercdrive.fr/image.ashx?id=2757924&use=l&cat=p&typeid=i","cat":284415},{"id":5396,"n":"Bain de bouche Dentamyl Multi Protection - 500ml","p":1.89,"u":"3,78 €/L","img":"https://fd8-photos.leclercdrive.fr/image.ashx?id=2500806&use=l&cat=p&typeid=i","cat":284613},{"id":5399,"n":"Pur jus d'orange Bio Village Bio sans pulpe - 1L","p":2.45,"u":"2,45 €/L","img":"https://fd8-photos.leclercdrive.fr/image.ashx?id=2901521&use=l&cat=p&typeid=i","cat":284521},{"id":5400,"n":"Nouilles bouclées d'Alsace NRT 250g","p":1.39,"u":"5,56 €/KG","img":"https://fd8-photos.leclercdrive.fr/image.ashx?id=2326316&use=l&cat=p&typeid=i","cat":284427},{"id":5404,"n":"IGP Coquilles d'Alsace NRT 250g","p":1.39,"u":"5,56 €/KG","img":"https://fd8-photos.leclercdrive.fr/image.ashx?id=2839974&use=l&cat=p&typeid=i","cat":284427},{"id":5405,"n":"Saucisse sèche d'Auvergne  NRT - 300g","p":5.74,"u":"19,13 €/KG","img":"https://fd8-photos.leclercdrive.fr/image.ashx?id=2991473&use=l&cat=p&typeid=i","cat":316006},{"id":5406,"n":"Saucisson sec d'Auvergne IGP Nos Régions ont du Talent 300g","p":5.54,"u":"18,47 €/KG","img":"https://fd8-photos.leclercdrive.fr/image.ashx?id=2991476&use=l&cat=p&typeid=i","cat":316006},{"id":5407,"n":"Coquillettes d'Alsace NRT 250g","p":1.39,"u":"5,56 €/KG","img":"https://fd8-photos.leclercdrive.fr/image.ashx?id=2839977&use=l&cat=p&typeid=i","cat":284427},{"id":5426,"n":"Soin de jour Diadermine Lift+ Anti-rides - Sublimant - 50ml","p":6.13,"u":"122,60 €/L","img":"https://fd8-photos.leclercdrive.fr/image.ashx?id=2993098&use=l&cat=p&typeid=i","cat":325345},{"id":5449,"n":"Boîte chat Whiskas Terrine du marché - 4x400g","p":4.63,"u":"2,89 €/KG","img":"https://fd8-photos.leclercdrive.fr/image.ashx?id=2759619&use=l&cat=p&typeid=i","cat":285601},{"id":5465,"n":"Eau de source de Montagne 6x50cl","p":1.67,"u":"0,56 €/L","img":"https://fd8-photos.leclercdrive.fr/image.ashx?id=2727614&use=l&cat=p&typeid=i","cat":284535},{"id":5468,"n":"Papier toilette Parfumé Mimosa Soleil d'été - x6","p":2.99,"u":"0,50 €/P","img":"https://fd8-photos.leclercdrive.fr/image.ashx?id=2836316&use=l&cat=p&typeid=i","cat":284634},{"id":5472,"n":"Biscuits barquettes P'tit Déli Fraise - 2x120g","p":1.66,"u":"6,92 €/KG","img":"https://fd8-photos.leclercdrive.fr/image.ashx?id=2691168&use=l&cat=p&typeid=i","cat":284489},{"id":5497,"n":"Gelée Bonne Maman Cassis - 370g","p":1.76,"u":"4,76 €/KG","img":"https://fd8-photos.leclercdrive.fr/image.ashx?id=2901662&use=l&cat=p&typeid=i","cat":284480},{"id":5498,"n":"Comté des terroirs Entremont 200g","p":3.62,"u":"18,10 €/KG","img":"https://fd8-photos.leclercdrive.fr/image.ashx?id=2474245&use=l&cat=p&typeid=i","cat":314034},{"id":5501,"n":"Sel La Baleine  Fin iodé 125g","p":0.36,"u":"2,88 €/KG","img":"https://fd8-photos.leclercdrive.fr/image.ashx?id=2019879&use=l&cat=p&typeid=i","cat":284457},{"id":5509,"n":"Pâtes Torsades Turini 1kg","p":1.29,"u":"1,29 €/KG","img":"https://fd8-photos.leclercdrive.fr/image.ashx?id=2980459&use=l&cat=p&typeid=i","cat":284427},{"id":5511,"n":"Sparadrap Primoplast Peaux délicates 5mx2.5cm","p":1.48,"img":"https://fd8-photos.leclercdrive.fr/image.ashx?id=2856426&use=l&cat=p&typeid=i","cat":284630},{"id":5513,"n":"Miel Nid d'Abeille Crémeux - 1 kg","p":6.39,"u":"6,39 €/KG","img":"https://fd8-photos.leclercdrive.fr/image.ashx?id=2550369&use=l&cat=p&typeid=i","cat":287643},{"id":5514,"n":"Bande strapping Primoplast Adhésive 2.5mx6cm","p":3.39,"img":"https://fd8-photos.leclercdrive.fr/image.ashx?id=2856441&use=l&cat=p&typeid=i","cat":284630},{"id":5517,"n":"Canapés toasts Epi d'Or Nature - 280g","p":1.26,"u":"4,50 €/KG","img":"https://fd8-photos.leclercdrive.fr/image.ashx?id=1859140&use=l&cat=p&typeid=i","cat":285454},{"id":5526,"n":"Fromage Bleu d'Auvergne NRT  AOP - 125g","p":1.39,"u":"11,12 €/KG","img":"https://fd8-photos.leclercdrive.fr/image.ashx?id=2771040&use=l&cat=p&typeid=i","cat":314032},{"id":5534,"n":"Copies doubles Esquisse Perforées  21x29.7cm- 300 pages","p":2.49,"img":"https://fd8-photos.leclercdrive.fr/image.ashx?id=2943202&use=l&cat=p&typeid=i","cat":284697},{"id":5535,"n":"Feuilles simples Esquisse 90g A4 - 300 pages","p":2.49,"u":"0,01 €/P","img":"https://fd8-photos.leclercdrive.fr/image.ashx?id=2943205&use=l&cat=p&typeid=i","cat":284697},{"id":5536,"n":"Biscuits Pockitos Pépito Chocolat au lait - 295g","p":3.39,"u":"11,49 €/KG","img":"https://fd8-photos.leclercdrive.fr/image.ashx?id=3001955&use=l&cat=p&typeid=i","cat":284488},{"id":5545,"n":"Garniture Bouchées à la reine Petit Jean - 400g","p":2.22,"u":"5,55 €/KG","img":"https://fd8-photos.leclercdrive.fr/image.ashx?id=2677240&use=l&cat=p&typeid=i","cat":284441},{"id":5546,"n":"Pâté de foie William Saurin - 3x78g","p":2.29,"u":"9,79 €/KG","img":"https://fd8-photos.leclercdrive.fr/image.ashx?id=2392756&use=l&cat=p&typeid=i","cat":305149},{"id":5560,"n":"Tampons Doulys Digitaux Mini - x24","p":1.62,"u":"0,07 €/P","img":"https://fd8-photos.leclercdrive.fr/image.ashx?id=2965407&use=l&cat=p&typeid=i","cat":284626},{"id":5561,"n":"Tampons Doulys Digitaux Super - x24","p":1.26,"u":"0,05 €/P","img":"https://fd8-photos.leclercdrive.fr/image.ashx?id=2965413&use=l&cat=p&typeid=i","cat":284626},{"id":5563,"n":"Biscuits P'tit Déli Délimousse 175g","p":1.51,"u":"8,63 €/KG","img":"https://fd8-photos.leclercdrive.fr/image.ashx?id=2540936&use=l&cat=p&typeid=i","cat":284495},{"id":5564,"n":"Lingettes nettoyantes Clair Vitres 3en1 x20","p":0.87,"u":"0,04 €/P","img":"https://fd8-photos.leclercdrive.fr/image.ashx?id=2858827&use=l&cat=p&typeid=i","cat":325363},{"id":5574,"n":"Quenelles Côté Table saumon Sauce crevette 400g","p":1.8,"u":"4,50 €/KG","img":"https://fd8-photos.leclercdrive.fr/image.ashx?id=2977138&use=l&cat=p&typeid=i","cat":284441},{"id":5575,"n":"Compote Douceur du Verger Gourdes Pomme - 12x90g","p":2.7,"u":"2,50 €/KG","img":"https://fd8-photos.leclercdrive.fr/image.ashx?id=2837033&use=l&cat=p&typeid=i","cat":284508},{"id":5576,"n":"Biscuits choco barre P'tit Déli Chocolat lait 295g","p":2.64,"u":"8,95 €/KG","img":"https://fd8-photos.leclercdrive.fr/image.ashx?id=2618229&use=l&cat=p&typeid=i","cat":284488},{"id":5578,"n":"Cuillers à pâtisserie  P'tit Déli 300g","p":2.49,"u":"8,30 €/KG","img":"https://fd8-photos.leclercdrive.fr/image.ashx?id=2046352&use=l&cat=p&typeid=i","cat":284487},{"id":5579,"n":"Préfou à l'ail Paso 350g","p":4.3,"u":"12,29 €/KG","img":"https://fd8-photos.leclercdrive.fr/image.ashx?id=2332621&use=l&cat=p&typeid=i","cat":316003},{"id":5581,"n":"Chewing-gum sans sucre Freedent Menthe verte 5x10 dragées 70g","p":2.21,"img":"https://fd8-photos.leclercdrive.fr/image.ashx?id=2325482&use=l&cat=p&typeid=i","cat":304251},{"id":5582,"n":"Chewing-gum Freedent white Fruits sans sucre x50 - 70g","p":2.28,"u":"32,57 €/KG","img":"https://fd8-photos.leclercdrive.fr/image.ashx?id=2237283&use=l&cat=p&typeid=i","cat":304251},{"id":5600,"n":"Pâté Hénaff 78g","p":1.24,"u":"15,90 €/KG","img":"https://fd8-photos.leclercdrive.fr/image.ashx?id=2280516&use=l&cat=p&typeid=i","cat":305149},{"id":5612,"n":"Eau de source Cristaline 6x1,5L","p":1.12,"u":"0,12 €/L","img":"https://fd8-photos.leclercdrive.fr/image.ashx?id=2389449&use=l&cat=p&typeid=i","cat":284535},{"id":5619,"n":"Oeufs de lompe Ronde des Mers Rouge - MSC - 100g","p":2.6,"u":"26,00 €/KG","img":"https://fd8-photos.leclercdrive.fr/image.ashx?id=2822720&use=l&cat=p&typeid=i","cat":285191},{"id":5621,"n":"Chips crevette Tokapi 50g","p":0.65,"u":"13,00 €/KG","img":"https://fd8-photos.leclercdrive.fr/image.ashx?id=3013573&use=l&cat=p&typeid=i","cat":288992},{"id":5626,"n":"Bonbons Copains Copines Frites acides - 275 g","p":1.71,"u":"6,22 €/KG","img":"https://fd8-photos.leclercdrive.fr/image.ashx?id=2934655&use=l&cat=p&typeid=i","cat":304250},{"id":5627,"n":"Lasagnes bolognaise Côté Table 1kg","p":4.14,"u":"4,14 €/KG","img":"https://fd8-photos.leclercdrive.fr/image.ashx?id=2570915&use=l&cat=p&typeid=i","cat":333666},{"id":5630,"n":"Papier toilette blanc Mimosa Ultra doux maxi rouleau - x12","p":5.4,"u":"0,45 €/P","img":"https://fd8-photos.leclercdrive.fr/image.ashx?id=2777848&use=l&cat=p&typeid=i","cat":284634},{"id":5633,"n":"Soufflés Grignot' Tokapi Cacahuète - 90g","p":0.7,"u":"7,78 €/KG","img":"https://fd8-photos.leclercdrive.fr/image.ashx?id=2049223&use=l&cat=p&typeid=i","cat":284449},{"id":5718,"n":"Tampons Doulys avec applicateur Super - x24","p":2.47,"u":"0,10 €/P","img":"https://fd8-photos.leclercdrive.fr/image.ashx?id=2965455&use=l&cat=p&typeid=i","cat":284626},{"id":5736,"n":"Sel adoucisseur Axal Pastilles - 10kg","p":4.9,"u":"0,49 €/KG","img":"https://fd8-photos.leclercdrive.fr/image.ashx?id=2504482&use=l&cat=p&typeid=i","cat":335918},{"id":5743,"n":"Gâteau Ourson Lu Chocolat - 3x150g","p":3.84,"u":"8,53 €/KG","img":"https://fd8-photos.leclercdrive.fr/image.ashx?id=3004774&use=l&cat=p&typeid=i","cat":284495},{"id":5772,"n":"Biscuits tartelette Bonne Maman Citron 125g","p":1.32,"u":"10,56 €/KG","img":"https://fd8-photos.leclercdrive.fr/image.ashx?id=2962296&use=l&cat=p&typeid=i","cat":284489},{"id":5802,"n":"Lait entier Vitamine D Lactel UHT Bouteille - 6x1l","p":10.38,"u":"1,73 €/L","img":"https://fd8-photos.leclercdrive.fr/image.ashx?id=2889427&use=l&cat=p&typeid=i","cat":285610},{"id":5816,"n":"Rillettes de thon Cap Océan MSC 150g","p":1.88,"u":"12,53 €/KG","img":"https://fd8-photos.leclercdrive.fr/image.ashx?id=2668440&use=l&cat=p&typeid=i","cat":285191},{"id":5820,"n":"Blinis fins Blinis x4 - 200g","p":1.51,"u":"7,55 €/KG","img":"https://fd8-photos.leclercdrive.fr/image.ashx?id=2975272&use=l&cat=p&typeid=i","cat":285191},{"id":5823,"n":"Lait demi-écrémé Lactel Vitamine D Bouteille - 6x50cl","p":5.88,"u":"1,96 €/L","img":"https://fd8-photos.leclercdrive.fr/image.ashx?id=2993403&use=l&cat=p&typeid=i","cat":284377},{"id":5833,"n":"Biscuits Cuillers P'tit Déli Dégustation x20 - 200g","p":2.49,"u":"12,45 €/KG","img":"https://fd8-photos.leclercdrive.fr/image.ashx?id=1856164&use=l&cat=p&typeid=i","cat":284487},{"id":5834,"n":"Saumon fumé Rondes des Mers ASC Norvège x8T - 300g","p":10.69,"u":"35,63 €/KG","img":"https://fd8-photos.leclercdrive.fr/image.ashx?id=2833093&use=l&cat=p&typeid=i","cat":285188},{"id":5839,"n":"Tarama Rondes des mers Au saumon fumé - 100g","p":1.33,"u":"13,30 €/P","img":"https://fd8-photos.leclercdrive.fr/image.ashx?id=2824609&use=l&cat=p&typeid=i","cat":315999},{"id":5844,"n":"Saumon Ronde des Mers Tranches pour toasts - 80g","p":4.59,"u":"57,38 €/KG","img":"https://fd8-photos.leclercdrive.fr/image.ashx?id=2449972&use=l&cat=p&typeid=i","cat":285188},{"id":5846,"n":"Saumon fumé Ronde des Mers Ecosse x8T - 300g","p":10.99,"u":"36,63 €/KG","img":"https://fd8-photos.leclercdrive.fr/image.ashx?id=2822726&use=l&cat=p&typeid=i","cat":285188},{"id":5854,"n":"Oeufs fermiers De Nos Régions Plein Air - Label rouge - x6","p":2.29,"u":"0,38 €/P","img":"https://fd8-photos.leclercdrive.fr/image.ashx?id=2969710&use=l&cat=p&typeid=i","cat":284378},{"id":5855,"n":"Lasagnes bolognaise Côté Table 350g","p":2.85,"u":"8,14 €/KG","img":"https://fd8-photos.leclercdrive.fr/image.ashx?id=2911802&use=l&cat=p&typeid=i","cat":333665},{"id":5856,"n":"Préparation pour crème brûlée Délisse 4x100g","p":2.59,"u":"6,48 €/KG","img":"https://fd8-photos.leclercdrive.fr/image.ashx?id=2842465&use=l&cat=p&typeid=i","cat":284419},{"id":5859,"n":"Guacamole Tables du Monde 200g","p":2.29,"u":"13,09 €/KG","img":"https://fd8-photos.leclercdrive.fr/image.ashx?id=2872252&use=l&cat=p&typeid=i","cat":315999},{"id":5860,"n":"Petit pot de crème Délisse Pistache - 4x100g","p":1.85,"u":"4,63 €/KG","img":"https://fd8-photos.leclercdrive.fr/image.ashx?id=2550378&use=l&cat=p&typeid=i","cat":285041},{"id":5865,"n":"Actifidus Délisse Noix de coco - 4x125g","p":1.38,"u":"2,76 €/KG","img":"https://fd8-photos.leclercdrive.fr/image.ashx?id=2421039&use=l&cat=p&typeid=i","cat":315000},{"id":5866,"n":"Actifidus Délisse Vanille - 12x125g","p":2.58,"u":"1,72 €/KG","img":"https://fd8-photos.leclercdrive.fr/image.ashx?id=2751877&use=l&cat=p&typeid=i","cat":315000},{"id":5868,"n":"Spécialité au soja Nat & Vie Vanille - 4x100g","p":1.37,"u":"3,43 €/KG","img":"https://fd8-photos.leclercdrive.fr/image.ashx?id=2901434&use=l&cat=p&typeid=i","cat":316071},{"id":5869,"n":"Spécialité au soja Nat & Vie Chocolat - 4x100g","p":1.34,"u":"3,35 €/KG","img":"https://fd8-photos.leclercdrive.fr/image.ashx?id=2901437&use=l&cat=p&typeid=i","cat":316071},{"id":5870,"n":"Boisson soja nature Végé 1L Végé - 200g","p":0.85,"u":"0,85 €/L","img":"https://fd8-photos.leclercdrive.fr/image.ashx?id=2861413&use=l&cat=p&typeid=i","cat":316067},{"id":5871,"n":"Yaourts à boire DéliUp' Délisse Fraise - 10x100g","p":2.87,"u":"2,87 €/KG","img":"https://fd8-photos.leclercdrive.fr/image.ashx?id=1871092&use=l&cat=p&typeid=i","cat":284415},{"id":5873,"n":"Beignets crevettes Tables du Monde x6 140g","p":2.06,"u":"14,71 €/KG","img":"https://fd8-photos.leclercdrive.fr/image.ashx?id=2865053&use=l&cat=p&typeid=i","cat":333673},{"id":5877,"n":"Petit pot de crème Délisse Chocolat - 8x100g","p":3.57,"u":"4,46 €/KG","img":"https://fd8-photos.leclercdrive.fr/image.ashx?id=2544970&use=l&cat=p&typeid=i","cat":285041},{"id":5878,"n":"Jus 3 agrumes Jafaden 1L","p":2.75,"u":"2,75 €/L","img":"https://fd8-photos.leclercdrive.fr/image.ashx?id=2916665&use=l&cat=p&typeid=i","cat":285435},{"id":5880,"n":"Yaourts mousse Petits Délis Fruits - 6x74g","p":1.77,"u":"3,99 €/KG","img":"https://fd8-photos.leclercdrive.fr/image.ashx?id=2907057&use=l&cat=p&typeid=i","cat":284414},{"id":5891,"n":"Tzatziki Tables du Monde 200g","p":1.59,"u":"7,95 €/KG","img":"https://fd8-photos.leclercdrive.fr/image.ashx?id=2872255&use=l&cat=p&typeid=i","cat":315999},{"id":5895,"n":"Tripes mode de caen NRT 600g","p":3.99,"u":"6,65 €/KG","img":"https://fd8-photos.leclercdrive.fr/image.ashx?id=2723198&use=l&cat=p&typeid=i","cat":284441},{"id":5896,"n":"Litière rongeurs P'tit Ami 15L","p":1.32,"u":"0,09 €/L","img":"https://fd8-photos.leclercdrive.fr/image.ashx?id=2162198&use=l&cat=p&typeid=i","cat":284677},{"id":5898,"n":"Litière rongeurs P'tit Ami 60L","p":4.2,"u":"0,07 €/L","img":"https://fd8-photos.leclercdrive.fr/image.ashx?id=2162204&use=l&cat=p&typeid=i","cat":284677},{"id":5901,"n":"Filtre à café Melitta 1x4 Original - x40","p":0.99,"u":"0,02 €/P","img":"https://fd8-photos.leclercdrive.fr/image.ashx?id=2882053&use=l&cat=p&typeid=i","cat":284751},{"id":5907,"n":"Haricots beurre d'aucy Extra-fins - 440g","p":1.9,"u":"4,32 €/KG","img":"https://fd8-photos.leclercdrive.fr/image.ashx?id=2431536&use=l&cat=p&typeid=i","cat":312606},{"id":5908,"n":"Tourteau fromagé du Poitou NRT 250g","p":2.85,"u":"11,40 €/KG","img":"https://fd8-photos.leclercdrive.fr/image.ashx?id=2040347&use=l&cat=p&typeid=i","cat":284419},{"id":5909,"n":"Mini gâches briochettes NRT Pur beurre x8 - 360g","p":2.07,"u":"5,75 €/KG","img":"https://fd8-photos.leclercdrive.fr/image.ashx?id=2670416&use=l&cat=p&typeid=i","cat":284478},{"id":5911,"n":"Sel fin Cérébos 250g","p":0.84,"u":"3,36 €/KG","img":"https://fd8-photos.leclercdrive.fr/image.ashx?id=2904173&use=l&cat=p&typeid=i","cat":284457},{"id":5912,"n":"Sel fin iodé Cérébos 500g","p":0.52,"u":"1,04 €/KG","img":"https://fd8-photos.leclercdrive.fr/image.ashx?id=2522095&use=l&cat=p&typeid=i","cat":284457},{"id":5951,"n":"Ravioli bolognaise   Panzani - 800g","p":3.6,"u":"4,50 €/KG","img":"https://fd8-photos.leclercdrive.fr/image.ashx?id=2876062&use=l&cat=p&typeid=i","cat":284442},{"id":5952,"n":"Couscous Grain Moyen Ferrero - 1kg","p":2.32,"u":"2,32 €/KG","img":"https://fd8-photos.leclercdrive.fr/image.ashx?id=2744740&use=l&cat=p&typeid=i","cat":284429},{"id":5954,"n":"Café moulu San Marco Arabica - 2x250g","p":10.49,"u":"20,98 €/KG","img":"https://fd8-photos.leclercdrive.fr/image.ashx?id=2645510&use=l&cat=p&typeid=i","cat":284750},{"id":6035,"n":"Sauce tomate bio Jardin Bio' Provençale - 200g","p":1.46,"u":"7,30 €/KG","img":"https://fd8-photos.leclercdrive.fr/image.ashx?id=3014494&use=l&cat=p&typeid=i","cat":287599},{"id":6037,"n":"Ratatouille Jardin Bio' A la provençale bio - 650g","p":2.85,"u":"4,38 €/KG","img":"https://fd8-photos.leclercdrive.fr/image.ashx?id=2903230&use=l&cat=p&typeid=i","cat":312612},{"id":6038,"n":"Lentilles corail bio Jardin Bio 500g","p":2.53,"u":"5,06 €/KG","img":"https://fd8-photos.leclercdrive.fr/image.ashx?id=2415999&use=l&cat=p&typeid=i","cat":284430},{"id":6039,"n":"Vinaigre de cidre Jardin Bio Bio - 75cl","p":2.64,"u":"3,52 €/L","img":"https://fd8-photos.leclercdrive.fr/image.ashx?id=2918295&use=l&cat=p&typeid=i","cat":298543},{"id":6048,"n":"Sauce tomate Jardin Bio' Bio Basilic - 200g","p":1.46,"u":"7,30 €/KG","img":"https://fd8-photos.leclercdrive.fr/image.ashx?id=2967848&use=l&cat=p&typeid=i","cat":287599},{"id":6049,"n":"Ravioli Jardin Bio Bio légumes - 675g","p":3.3,"u":"4,89 €/KG","img":"https://fd8-photos.leclercdrive.fr/image.ashx?id=2534878&use=l&cat=p&typeid=i","cat":284442},{"id":6050,"n":"Lentilles vertes Jardin Bio' Bio cuisinées - 400g","p":2.47,"u":"6,18 €/KG","img":"https://fd8-photos.leclercdrive.fr/image.ashx?id=2944831&use=l&cat=p&typeid=i","cat":312609},{"id":6054,"n":"Sauce tomate Jardin Bio Bio spaghetti - 200g","p":1.77,"u":"8,85 €/KG","img":"https://fd8-photos.leclercdrive.fr/image.ashx?id=3000192&use=l&cat=p&typeid=i","cat":287599},{"id":6058,"n":"Spaguetti Jardin Bio Bio quinoa tomate - 500g","p":2.04,"u":"4,08 €/KG","img":"https://fd8-photos.leclercdrive.fr/image.ashx?id=3002108&use=l&cat=p&typeid=i","cat":284427},{"id":6063,"n":"Ketchup Jardin Bio' Bio - 560g","p":2.3,"u":"4,11 €/KG","img":"https://fd8-photos.leclercdrive.fr/image.ashx?id=2918316&use=l&cat=p&typeid=i","cat":284455},{"id":6067,"n":"Huile d'olive Bio Village Bio Vierge extra - 75cl","p":7.47,"u":"9,96 €/L","img":"https://fd8-photos.leclercdrive.fr/image.ashx?id=3005697&use=l&cat=p&typeid=i","cat":284453},{"id":6068,"n":"Spaghetti Bio Village Bio - 500g","p":0.83,"u":"1,66 €/KG","img":"https://fd8-photos.leclercdrive.fr/image.ashx?id=2503284&use=l&cat=p&typeid=i","cat":284427},{"id":6069,"n":"Pâtes Coquillettes Bio Village Bio - 500g","p":0.84,"u":"1,68 €/KG","img":"https://fd8-photos.leclercdrive.fr/image.ashx?id=2625364&use=l&cat=p&typeid=i","cat":284427},{"id":6070,"n":"Pâtes tagliatelles Bio Village Bio - 250g","p":1.65,"u":"6,60 €/KG","img":"https://fd8-photos.leclercdrive.fr/image.ashx?id=1986832&use=l&cat=p&typeid=i","cat":284427},{"id":6073,"n":"Crème fraîche bio Bio village Epaisse - 30% MG - 20cl","p":1.17,"u":"5,85 €/L","img":"https://fd8-photos.leclercdrive.fr/image.ashx?id=1975047&use=l&cat=p&typeid=i","cat":284381},{"id":6075,"n":"Quinoa Bio Village Bio - 500g","p":3.25,"u":"6,50 €/KG","img":"https://fd8-photos.leclercdrive.fr/image.ashx?id=2245755&use=l&cat=p&typeid=i","cat":284429},{"id":6076,"n":"Cookies chocolat Bio Village Bio 200g","p":2.74,"u":"13,70 €/KG","img":"https://fd8-photos.leclercdrive.fr/image.ashx?id=2400523&use=l&cat=p&typeid=i","cat":325066},{"id":6078,"n":"Yaourts lait brebis nature Bio Bio village - 2x125g","p":1.42,"u":"5,68 €/KG","img":"https://fd8-photos.leclercdrive.fr/image.ashx?id=2046370&use=l&cat=p&typeid=i","cat":314998},{"id":6085,"n":"Jus de fruits Tropicana Multivitamines - 1,5L","p":3.6,"u":"2,40 €/L","img":"https://fd8-photos.leclercdrive.fr/image.ashx?id=2605818&use=l&cat=p&typeid=i","cat":284917},{"id":6089,"n":"Pâtes Blé complet Barilla Spaghetti Integrale - 500g","p":1.23,"u":"2,46 €/KG","img":"https://fd8-photos.leclercdrive.fr/image.ashx?id=2986951&use=l&cat=p&typeid=i","cat":284427},{"id":6105,"n":"Biscuits apéritif Lay's 3D's Goût Nature Sel - 85g","p":0.81,"u":"9,53 €/KG","img":"https://fd8-photos.leclercdrive.fr/image.ashx?id=2917417&use=l&cat=p&typeid=i","cat":284449},{"id":6106,"n":"Biscuits apéritif Lay's 3D's Goût Fromage - 85g","p":0.81,"u":"9,53 €/KG","img":"https://fd8-photos.leclercdrive.fr/image.ashx?id=2923672&use=l&cat=p&typeid=i","cat":284449},{"id":6145,"n":"Biscuits Goûters REM Chocolat - 3x125g","p":2.29,"u":"6,11 €/KG","img":"https://fd8-photos.leclercdrive.fr/image.ashx?id=2841193&use=l&cat=p&typeid=i","cat":284488},{"id":6147,"n":"Biscuits barres Pockitos Pépito Chocolat au lait - 162g","p":1.78,"u":"10,99 €/KG","img":"https://fd8-photos.leclercdrive.fr/image.ashx?id=3001964&use=l&cat=p&typeid=i","cat":284488},{"id":6151,"n":"Pâtes Coudes rayés Panzani 500g","p":1.17,"u":"2,34 €/KG","img":"https://fd8-photos.leclercdrive.fr/image.ashx?id=2876008&use=l&cat=p&typeid=i","cat":284427},{"id":6152,"n":"Pâtes gansettes Panzani 500g","p":1.17,"u":"2,34 €/KG","img":"https://fd8-photos.leclercdrive.fr/image.ashx?id=2876017&use=l&cat=p&typeid=i","cat":284427},{"id":6153,"n":"Pâtes Macaroni Panzani 1kg","p":1.75,"u":"1,75 €/KG","img":"https://fd8-photos.leclercdrive.fr/image.ashx?id=2876026&use=l&cat=p&typeid=i","cat":284427},{"id":6154,"n":"Pâtes farfalle Panzani 500g","p":1.05,"u":"2,10 €/KG","img":"https://fd8-photos.leclercdrive.fr/image.ashx?id=2884300&use=l&cat=p&typeid=i","cat":284427},{"id":6155,"n":"Pâtes Torti Panzani 3 Minutes - 500G","p":1.17,"u":"2,34 €/KG","img":"https://fd8-photos.leclercdrive.fr/image.ashx?id=2896084&use=l&cat=p&typeid=i","cat":284427},{"id":6169,"n":"Fromage apéritif Apéricube Nature 24 cubes","p":2.15,"u":"17,20 €/KG","img":"https://fd8-photos.leclercdrive.fr/image.ashx?id=2883447&use=l&cat=p&typeid=i","cat":314027},{"id":6179,"n":"Délices soufflés nature Ecochard - 4x120g","p":3.48,"u":"7,25 €/KG","img":"https://fd8-photos.leclercdrive.fr/image.ashx?id=2842633&use=l&cat=p&typeid=i","cat":333682},{"id":6185,"n":"Sucre glace Béghin Say 500g","p":1.9,"u":"3,80 €/KG","img":"https://fd8-photos.leclercdrive.fr/image.ashx?id=2593608&use=l&cat=p&typeid=i","cat":284502},{"id":6188,"n":"Boisson lactée Candy'UP Fraise - 6x20cl","p":2.79,"u":"2,33 €/L","img":"https://fd8-photos.leclercdrive.fr/image.ashx?id=2485629&use=l&cat=p&typeid=i","cat":295246},{"id":6196,"n":"AOP Côtes du Rhône rouge Prestige Cellier Dauphins 75cl","p":3.46,"u":"4,61 €/L","img":"https://fd8-photos.leclercdrive.fr/image.ashx?id=2490533&use=l&cat=p&typeid=i","cat":289556},{"id":6199,"n":"Beurre Moulé Paysan Breton Demi-sel - 80%MG - 250g","p":3.24,"u":"12,96 €/KG","img":"https://fd8-photos.leclercdrive.fr/image.ashx?id=2947844&use=l&cat=p&typeid=i","cat":284379},{"id":6223,"n":"Fromage Maroilles AOP  Nos Régions ont du Talent 200g","p":2.69,"u":"13,45 €/KG","img":"https://fd8-photos.leclercdrive.fr/image.ashx?id=2411892&use=l&cat=p&typeid=i","cat":329558},{"id":6242,"n":"Café soluble Plantation Qualité filtre - 100g","p":2.75,"u":"27,50 €/KG","img":"https://fd8-photos.leclercdrive.fr/image.ashx?id=2834272&use=l&cat=p&typeid=i","cat":284843},{"id":6249,"n":"Céleri Menu Fraîcheur  Rémoulade - 500g","p":1.58,"u":"3,16 €/KG","img":"https://fd8-photos.leclercdrive.fr/image.ashx?id=2820107&use=l&cat=p&typeid=i","cat":333657},{"id":6254,"n":"Salade Coleslaw Menu Fraîcheur  300g","p":1.19,"u":"3,97 €/KG","img":"https://fd8-photos.leclercdrive.fr/image.ashx?id=2645891&use=l&cat=p&typeid=i","cat":333657},{"id":6256,"n":"Pizza Turini Jambon champignons - 450g","p":2.73,"u":"6,07 €/KG","img":"https://fd8-photos.leclercdrive.fr/image.ashx?id=2709734&use=l&cat=p&typeid=i","cat":333679},{"id":6291,"n":"Semoule fine Panzani 500g","p":1.13,"u":"2,26 €/KG","img":"https://fd8-photos.leclercdrive.fr/image.ashx?id=2745559&use=l&cat=p&typeid=i","cat":284429},{"id":6314,"n":"Pansements Primoplast Peaux sensibles x30","p":0.88,"img":"https://fd8-photos.leclercdrive.fr/image.ashx?id=2832918&use=l&cat=p&typeid=i","cat":284630},{"id":6316,"n":"Escalope de poulet Côté Croc À la Bolognaise x2 - 200g","p":2.13,"u":"10,65 €/KG","img":"https://fd8-photos.leclercdrive.fr/image.ashx?id=2814420&use=l&cat=p&typeid=i","cat":333683},{"id":6344,"n":"Boules soufflées Tokapi  Fromage - 50g","p":0.58,"u":"11,60 €/KG","img":"https://fd8-photos.leclercdrive.fr/image.ashx?id=2885762&use=l&cat=p&typeid=i","cat":284449},{"id":6347,"n":"Beurre  Les Croisés 80% MG  Demi-sel Extra fin - 250g","p":2.99,"u":"11,96 €/KG","img":"https://fd8-photos.leclercdrive.fr/image.ashx?id=2839881&use=l&cat=p&typeid=i","cat":284379},{"id":6348,"n":"Tarama Ronde des Mers Oeufs de cabillaud - 250g","p":2.3,"u":"9,20 €/KG","img":"https://fd8-photos.leclercdrive.fr/image.ashx?id=2831571&use=l&cat=p&typeid=i","cat":315999},{"id":6350,"n":"Eponges Mamison couleur Super absorbantes x3","p":1.22,"u":"0,41 €/P","img":"https://fd8-photos.leclercdrive.fr/image.ashx?id=2458049&use=l&cat=p&typeid=i","cat":284667},{"id":6353,"n":"Pancetta italienne Saint Azay 10 tranches - 100g","p":2.89,"u":"28,90 €/KG","img":"https://fd8-photos.leclercdrive.fr/image.ashx?id=2665847&use=l&cat=p&typeid=i","cat":316007},{"id":6354,"n":"Miel Nid d'Abeille Crémeux - 500 g","p":3.92,"u":"7,84 €/KG","img":"https://fd8-photos.leclercdrive.fr/image.ashx?id=2676534&use=l&cat=p&typeid=i","cat":287643},{"id":6355,"n":"AOC Clairette de Die doux Rives et Terrasses - 75cl","p":5.29,"u":"7,05 €/L","img":"https://fd8-photos.leclercdrive.fr/image.ashx?id=2753369&use=l&cat=p&typeid=i","cat":284544},{"id":6357,"n":"Chorizo doux Saint Azay 30 tranches - 150g","p":2.09,"u":"13,93 €/KG","img":"https://fd8-photos.leclercdrive.fr/image.ashx?id=1873710&use=l&cat=p&typeid=i","cat":316007},{"id":6358,"n":"Gel nettoyant wc javel Syphon Agrumes 750ml","p":0.89,"u":"1,19 €/L","img":"https://fd8-photos.leclercdrive.fr/image.ashx?id=2669696&use=l&cat=p&typeid=i","cat":284662},{"id":6359,"n":"Croûtons Epi d'Or Fromage - 90g","p":0.99,"u":"11,00 €/KG","img":"https://fd8-photos.leclercdrive.fr/image.ashx?id=2651783&use=l&cat=p&typeid=i","cat":284464},{"id":6360,"n":"Croûtons Epi d'Or  Oignon - 90g","p":0.99,"u":"11,00 €/KG","img":"https://fd8-photos.leclercdrive.fr/image.ashx?id=2640986&use=l&cat=p&typeid=i","cat":284464},{"id":6362,"n":"Mélange Gourmand Tokapi  Graines et raisins - 120g","p":1.29,"u":"10,75 €/KG","img":"https://fd8-photos.leclercdrive.fr/image.ashx?id=2795547&use=l&cat=p&typeid=i","cat":284448},{"id":6364,"n":"Fromage Reblochon de Savoie NRT AOP - 450g","p":6.25,"u":"13,89 €/KG","img":"https://fd8-photos.leclercdrive.fr/image.ashx?id=2403285&use=l&cat=p&typeid=i","cat":314037},{"id":6365,"n":"Galettes sarrasin NRT de Bretagne 230g","p":1.79,"u":"7,78 €/KG","img":"https://fd8-photos.leclercdrive.fr/image.ashx?id=2770259&use=l&cat=p&typeid=i","cat":333672},{"id":6366,"n":"Crêpes de froment NRT de Bretagne 180g","p":1.99,"u":"11,06 €/KG","img":"https://fd8-photos.leclercdrive.fr/image.ashx?id=2771058&use=l&cat=p&typeid=i","cat":333672},{"id":6371,"n":"Gâteau de riz Yabon Nappage caramel - 4x125g","p":2.81,"u":"5,62 €/KG","img":"https://fd8-photos.leclercdrive.fr/image.ashx?id=2644286&use=l&cat=p&typeid=i","cat":284506},{"id":6388,"n":"Confiture Bonne Maman Mirabelle 370g","p":1.99,"u":"5,38 €/KG","img":"https://fd8-photos.leclercdrive.fr/image.ashx?id=2991891&use=l&cat=p&typeid=i","cat":284480},{"id":6391,"n":"Compotes Andros Pomme poire 750g","p":1.78,"u":"2,37 €/KG","img":"https://fd8-photos.leclercdrive.fr/image.ashx?id=2396117&use=l&cat=p&typeid=i","cat":284508},{"id":6392,"n":"Compotes Andros Pomme vanille 750g","p":1.79,"u":"2,39 €/KG","img":"https://fd8-photos.leclercdrive.fr/image.ashx?id=2396120&use=l&cat=p&typeid=i","cat":284508},{"id":6434,"n":"Eau gazeuse Cristaline 6x1,5L","p":1.74,"u":"0,19 €/L","img":"https://fd8-photos.leclercdrive.fr/image.ashx?id=2694602&use=l&cat=p&typeid=i","cat":284536},{"id":6437,"n":"Fromage P'tit Louis  Filet 8 Portions - 160g","p":2.77,"u":"17,31 €/KG","img":"https://fd8-photos.leclercdrive.fr/image.ashx?id=2845994&use=l&cat=p&typeid=i","cat":314030},{"id":6452,"n":"Flan Délisse Vanille Caramel - 12x100g","p":1.89,"u":"1,58 €/KG","img":"https://fd8-photos.leclercdrive.fr/image.ashx?id=2851637&use=l&cat=p&typeid=i","cat":284420},{"id":6455,"n":"Soufflés Snacks Tokapi Bacon - 60g","p":0.48,"u":"8,00 €/KG","img":"https://fd8-photos.leclercdrive.fr/image.ashx?id=2625062&use=l&cat=p&typeid=i","cat":284449},{"id":6467,"n":"Pâtes Macaroni Turini 1kg","p":1.35,"u":"1,35 €/KG","img":"https://fd8-photos.leclercdrive.fr/image.ashx?id=2980432&use=l&cat=p&typeid=i","cat":284427},{"id":6471,"n":"Lingettes Individuelles Hygiène Intime Hamamélis Intima x16","p":2.34,"u":"0,15 €/P","img":"https://fd8-photos.leclercdrive.fr/image.ashx?id=2959859&use=l&cat=p&typeid=i","cat":284627},{"id":6472,"n":"Miel L'Apiculteur crémeux  et onctueux- 500g","p":6.25,"u":"12,50 €/KG","img":"https://fd8-photos.leclercdrive.fr/image.ashx?id=2854387&use=l&cat=p&typeid=i","cat":287643},{"id":6484,"n":"Alcool modifié Mercurochrome 70° - 200ml","p":2.71,"u":"13,55 €/L","img":"https://fd8-photos.leclercdrive.fr/image.ashx?id=2663974&use=l&cat=p&typeid=i","cat":284630},{"id":6486,"n":"Biscuits apéritif Lay's 3D's Goût Bacon - 85g","p":0.8,"u":"9,41 €/KG","img":"https://fd8-photos.leclercdrive.fr/image.ashx?id=2917414&use=l&cat=p&typeid=i","cat":284449},{"id":6488,"n":"Sucre cristal Béghin Say 5kg","p":8.91,"u":"1,78 €/KG","img":"https://fd8-photos.leclercdrive.fr/image.ashx?id=2866340&use=l&cat=p&typeid=i","cat":284502},{"id":6496,"n":"Sauce au Beurre Blan KNORR Échalote - Brique 30cl","p":1.37,"u":"4,57 €/L","img":"https://fd8-photos.leclercdrive.fr/image.ashx?id=2915991&use=l&cat=p&typeid=i","cat":288381},{"id":6504,"n":"Croûtons Gastromer AIl - 75g","p":0.77,"u":"10,27 €/KG","img":"https://fd8-photos.leclercdrive.fr/image.ashx?id=1713906&use=l&cat=p&typeid=i","cat":284464},{"id":6511,"n":"Pâtes Spaghetti Turini 1kg","p":1.35,"u":"1,35 €/KG","img":"https://fd8-photos.leclercdrive.fr/image.ashx?id=2980764&use=l&cat=p&typeid=i","cat":284427},{"id":6512,"n":"Riz long Comptoir du Grain Sachet cuisson rapide x4 - 500g","p":1.25,"u":"2,50 €/KG","img":"https://fd8-photos.leclercdrive.fr/image.ashx?id=2118454&use=l&cat=p&typeid=i","cat":284428},{"id":6513,"n":"Vinaigre de vin Rustica Aromatisé à l'échalote - 75cl","p":1.35,"u":"1,80 €/L","img":"https://fd8-photos.leclercdrive.fr/image.ashx?id=1659936&use=l&cat=p&typeid=i","cat":298543},{"id":6514,"n":"Margarine Nat & vie Idéal cuisson - 500g","p":1.29,"u":"2,58 €/KG","img":"https://fd8-photos.leclercdrive.fr/image.ashx?id=2903932&use=l&cat=p&typeid=i","cat":315229},{"id":6516,"n":"Gâteaux P'tit Déli Pépites au chocolat 5x30g","p":1.02,"u":"6,80 €/KG","img":"https://fd8-photos.leclercdrive.fr/image.ashx?id=1986647&use=l&cat=p&typeid=i","cat":284495},{"id":6519,"n":"Soufflés Frites Tokapi Salé - 80g","p":0.65,"u":"8,13 €/KG","img":"https://fd8-photos.leclercdrive.fr/image.ashx?id=2486074&use=l&cat=p&typeid=i","cat":284449},{"id":6521,"n":"Pâtes chinoises Tables du Monde 250g","p":1.19,"u":"4,76 €/KG","img":"https://fd8-photos.leclercdrive.fr/image.ashx?id=2572058&use=l&cat=p&typeid=i","cat":288992},{"id":6523,"n":"Champignons Paris Notre Jardin Emincés - 2x115g","p":1.71,"u":"7,43 €/KG","img":"https://fd8-photos.leclercdrive.fr/image.ashx?id=2991124&use=l&cat=p&typeid=i","cat":312610},{"id":6579,"n":"Vinaigre d'alcool coloré Eco+ 1L","p":0.35,"u":"0,35 €/L","img":"https://fd8-photos.leclercdrive.fr/image.ashx?id=2991410&use=l&cat=p&typeid=i","cat":298543},{"id":6580,"n":"Fromage de chévre Les Croisés 150g","p":1.42,"u":"9,47 €/KG","img":"https://fd8-photos.leclercdrive.fr/image.ashx?id=2684823&use=l&cat=p&typeid=i","cat":314031},{"id":6589,"n":"Fromage Chaource NRT AOP  250g","p":3.55,"u":"14,20 €/KG","img":"https://fd8-photos.leclercdrive.fr/image.ashx?id=2874768&use=l&cat=p&typeid=i","cat":329558},{"id":6630,"n":"Pâtes torsettes Turini Les 3 min - 500g","p":0.82,"u":"1,64 €/KG","img":"https://fd8-photos.leclercdrive.fr/image.ashx?id=2607467&use=l&cat=p&typeid=i","cat":284427},{"id":6633,"n":"Eau déminéralisée 5L","p":1.45,"u":"0,29 €/L","img":"https://fd8-photos.leclercdrive.fr/image.ashx?id=2277020&use=l&cat=p&typeid=i","cat":284653},{"id":6648,"n":"Boîte chocolats Ferrero Rocher x28 pralines - 350g","p":11.99,"u":"34,26 €/KG","img":"https://fd8-photos.leclercdrive.fr/image.ashx?id=2952884&use=l&cat=p&typeid=i","cat":327600},{"id":6681,"n":"Persil frisé la botte  1p","p":0.99,"img":"https://fd8-photos.leclercdrive.fr/image.ashx?id=578632&use=l&cat=p&typeid=i","cat":293607},{"id":6711,"n":"Spray nettoyant vitres Clair Recharge 750ml","p":1.09,"u":"1,45 €/L","img":"https://fd8-photos.leclercdrive.fr/image.ashx?id=1647691&use=l&cat=p&typeid=i","cat":325363},{"id":6712,"n":"Spray nettoyant vitres Clair 750ml","p":1.29,"u":"1,72 €/L","img":"https://fd8-photos.leclercdrive.fr/image.ashx?id=2943623&use=l&cat=p&typeid=i","cat":325363},{"id":6715,"n":"Assiette charcuterie Saint Azay 200g","p":3.11,"u":"15,55 €/KG","img":"https://fd8-photos.leclercdrive.fr/image.ashx?id=2417734&use=l&cat=p&typeid=i","cat":316007},{"id":6830,"n":"Sucre Cristal Daddy 1kg","p":1.61,"u":"1,61 €/KG","img":"https://fd8-photos.leclercdrive.fr/image.ashx?id=2975855&use=l&cat=p&typeid=i","cat":284502},{"id":6837,"n":"Madeleines longues P'tit Déli 440g","p":2.55,"u":"5,80 €/KG","img":"https://fd8-photos.leclercdrive.fr/image.ashx?id=2540310&use=l&cat=p&typeid=i","cat":284492},{"id":6838,"n":"Joker Pur Jus Engagé Orange  avec pulpe - 1L","p":3.23,"u":"3,23 €/L","img":"https://fd8-photos.leclercdrive.fr/image.ashx?id=3001284&use=l&cat=p&typeid=i","cat":284521},{"id":6843,"n":"AOP Champagne Alfred Rothschild Brut 12.5%vol - 75cl","p":22.19,"u":"29,59 €/L","img":"https://fd8-photos.leclercdrive.fr/image.ashx?id=2979683&use=l&cat=p&typeid=i","cat":284542},{"id":6847,"n":"Canapés toasts Epi d'Or Briochés - 250g","p":1.27,"u":"5,08 €/KG","img":"https://fd8-photos.leclercdrive.fr/image.ashx?id=2610190&use=l&cat=p&typeid=i","cat":285454},{"id":6873,"n":"Saucisson cuit à l'ail Herta 300g","p":3.0,"u":"10,00 €/KG","img":"https://fd8-photos.leclercdrive.fr/image.ashx?id=2731342&use=l&cat=p&typeid=i","cat":316006},{"id":6879,"n":"Fromage Gouda Les Croisés En tranche - 200g","p":1.97,"u":"9,85 €/KG","img":"https://fd8-photos.leclercdrive.fr/image.ashx?id=2028173&use=l&cat=p&typeid=i","cat":314028},{"id":6880,"n":"Fromage Mimolette Les Croisés En tranche x8 - 200g","p":1.85,"u":"9,25 €/KG","img":"https://fd8-photos.leclercdrive.fr/image.ashx?id=2028176&use=l&cat=p&typeid=i","cat":314028},{"id":6881,"n":"Fromage Maasdam Les Croisés En tranche x8 - 200g","p":1.91,"u":"9,55 €/KG","img":"https://fd8-photos.leclercdrive.fr/image.ashx?id=1990673&use=l&cat=p&typeid=i","cat":314028},{"id":6892,"n":"Pâtes Piccolini Barilla Mini Pipe Rigate- 500g","p":1.14,"u":"2,28 €/KG","img":"https://fd8-photos.leclercdrive.fr/image.ashx?id=2964108&use=l&cat=p&typeid=i","cat":284427},{"id":6928,"n":"Préparation pour fondue Les Croisés 18%mg 400g","p":3.42,"u":"8,55 €/KG","img":"https://fd8-photos.leclercdrive.fr/image.ashx?id=2791761&use=l&cat=p&typeid=i","cat":314037},{"id":7000,"n":"Céréales Babybio Bio 6 mois Vanille - 220g","p":4.31,"u":"19,59 €/KG","img":"https://fd8-photos.leclercdrive.fr/image.ashx?id=2733250&use=l&cat=p&typeid=i","cat":312225},{"id":7001,"n":"Céréales Babybio - Dès 8 mois Bio Cacao  - 220g","p":3.94,"u":"17,91 €/KG","img":"https://fd8-photos.leclercdrive.fr/image.ashx?id=2837751&use=l&cat=p&typeid=i","cat":312225},{"id":7005,"n":"Petits pots Babybio - 4 mois Bio Légumes verts - 2x130g","p":2.04,"u":"7,85 €/KG","img":"https://fd8-photos.leclercdrive.fr/image.ashx?id=2733271&use=l&cat=p&typeid=i","cat":312234},{"id":7006,"n":"Repas bébé Bio Babybio - 4 mois Carotte & Potimarron - 2x130g","p":2.05,"u":"7,88 €/KG","img":"https://fd8-photos.leclercdrive.fr/image.ashx?id=2837757&use=l&cat=p&typeid=i","cat":312234},{"id":7008,"n":"Repas bébé epinard  Babybio Bio - Pomme de terre  2x130g","p":2.02,"u":"7,77 €/KG","img":"https://fd8-photos.leclercdrive.fr/image.ashx?id=2827449&use=l&cat=p&typeid=i","cat":312234},{"id":7010,"n":"Repas bébé Babybio - 4 mois Panais Bio - 2x130g","p":1.96,"u":"7,54 €/KG","img":"https://fd8-photos.leclercdrive.fr/image.ashx?id=2827452&use=l&cat=p&typeid=i","cat":312234},{"id":7011,"n":"Compote bébé bio Babybio Pomme - 4 mois - 2x130g","p":1.89,"u":"7,27 €/KG","img":"https://fd8-photos.leclercdrive.fr/image.ashx?id=2838317&use=l&cat=p&typeid=i","cat":312387},{"id":7012,"n":"Compote bébé Babybio - 4 mois Bio Poire williams - 2x130g","p":1.93,"u":"7,42 €/KG","img":"https://fd8-photos.leclercdrive.fr/image.ashx?id=2834515&use=l&cat=p&typeid=i","cat":312387},{"id":7013,"n":"Compote bébé Babybio Bio 4 mois Pomme / Pêche - 2x130g","p":1.87,"u":"7,19 €/KG","img":"https://fd8-photos.leclercdrive.fr/image.ashx?id=2859362&use=l&cat=p&typeid=i","cat":312387},{"id":7014,"n":"Compote bébé bio Babybio Pomme abricot - 4 mois - 2x130g","p":1.83,"u":"7,04 €/KG","img":"https://fd8-photos.leclercdrive.fr/image.ashx?id=2838320&use=l&cat=p&typeid=i","cat":312387},{"id":7015,"n":"Compote bébé bio Babybio Pomme coing - 4 mois - 2x130g","p":2.38,"u":"9,15 €/KG","img":"https://fd8-photos.leclercdrive.fr/image.ashx?id=2838323&use=l&cat=p&typeid=i","cat":312387},{"id":7016,"n":"Compote bébé Babybio Bio 4 mois Pomme / Pruneau - 2x130g","p":1.92,"u":"7,38 €/KG","img":"https://fd8-photos.leclercdrive.fr/image.ashx?id=2838326&use=l&cat=p&typeid=i","cat":312387},{"id":7017,"n":"Compote bébé Babybio Bio 4 mois Pomme / Banane - 2x130g","p":1.81,"u":"6,96 €/KG","img":"https://fd8-photos.leclercdrive.fr/image.ashx?id=2832011&use=l&cat=p&typeid=i","cat":312387},{"id":7018,"n":"Dessert bébé BabyBio - 6 mois Délice de Fruits Bio - 2x130g","p":1.82,"u":"7,00 €/KG","img":"https://fd8-photos.leclercdrive.fr/image.ashx?id=2838329&use=l&cat=p&typeid=i","cat":312388},{"id":7025,"n":"Pizza Cuite sur pierre Turini Jambon fromage - 400g","p":2.85,"u":"7,13 €/KG","img":"https://fd8-photos.leclercdrive.fr/image.ashx?id=2815223&use=l&cat=p&typeid=i","cat":284256},{"id":7029,"n":"Velouté de carotte Régal A la Crème fraîche - 1L","p":1.41,"u":"1,41 €/L","img":"https://fd8-photos.leclercdrive.fr/image.ashx?id=2905889&use=l&cat=p&typeid=i","cat":284462},{"id":7030,"n":"Sauce Tomate cuisinée Turini Aux petits légumes - 180g","p":0.84,"u":"4,67 €/KG","img":"https://fd8-photos.leclercdrive.fr/image.ashx?id=2490034&use=l&cat=p&typeid=i","cat":288384},{"id":7056,"n":"Soupe de poissons MSC Pêche Océan - 1kg","p":2.99,"u":"2,99 €/KG","img":"https://fd8-photos.leclercdrive.fr/image.ashx?id=2480060&use=l&cat=p&typeid=i","cat":287366},{"id":7057,"n":"Rouille méditerranéenne NRT 90g","p":2.05,"u":"22,78 €/KG","img":"https://fd8-photos.leclercdrive.fr/image.ashx?id=2991157&use=l&cat=p&typeid=i","cat":285192},{"id":7071,"n":"Petits Boudoirs Babybio Bio - Orange Douce - 120g","p":2.68,"u":"22,33 €/KG","img":"https://fd8-photos.leclercdrive.fr/image.ashx?id=2733262&use=l&cat=p&typeid=i","cat":312227},{"id":7082,"n":"AOP Côtes du Marmandais rosé La Vieille église - 75cl","p":3.58,"u":"4,77 €/L","img":"https://fd8-photos.leclercdrive.fr/image.ashx?id=2258685&use=l&cat=p&typeid=i","cat":289558},{"id":7108,"n":"Boule de pain Bio  400g","p":1.8,"u":"4,50 €/KG","img":"https://fd8-photos.leclercdrive.fr/image.ashx?id=2062906&use=l&cat=p&typeid=i","cat":284359},{"id":7126,"n":"Riz cantonais  Traditions d'Asie - 400g","p":3.61,"u":"9,03 €/KG","img":"https://fd8-photos.leclercdrive.fr/image.ashx?id=2505043&use=l&cat=p&typeid=i","cat":333673},{"id":7127,"n":"Sauce soja Jardin Bio' Bio - 125ml","p":2.44,"u":"19,52 €/L","img":"https://fd8-photos.leclercdrive.fr/image.ashx?id=2740118&use=l&cat=p&typeid=i","cat":288992},{"id":7128,"n":"Porc au caramel Tables du Monde Riz thaï 300g","p":3.05,"u":"10,17 €/KG","img":"https://fd8-photos.leclercdrive.fr/image.ashx?id=2700957&use=l&cat=p&typeid=i","cat":333665},{"id":7132,"n":"Samoussa Tables du Monde Crevette curry - x6 - 200g","p":3.19,"u":"13,87 €/KG","img":"https://fd8-photos.leclercdrive.fr/image.ashx?id=2591712&use=l&cat=p&typeid=i","cat":333673},{"id":7191,"n":"Nouilles chinoises Tanoshi blé tendre - 250g","p":1.64,"u":"6,56 €/KG","img":"https://fd8-photos.leclercdrive.fr/image.ashx?id=2850892&use=l&cat=p&typeid=i","cat":288992},{"id":7199,"n":"Crème noix coco Kara - brique de 200ml","p":1.62,"u":"8,10 €/KG","img":"https://fd8-photos.leclercdrive.fr/image.ashx?id=2906892&use=l&cat=p&typeid=i","cat":288992},{"id":7216,"n":"Talc bébé Mots d'Enfants 250g","p":1.89,"u":"7,56 €/KG","img":"https://fd8-photos.leclercdrive.fr/image.ashx?id=3015033&use=l&cat=p&typeid=i","cat":284741},{"id":7279,"n":"Lait frais GrandLait Bio Entier - Bouteille 1L","p":1.95,"u":"1,95 €/L","img":"https://fd8-photos.leclercdrive.fr/image.ashx?id=2916192&use=l&cat=p&typeid=i","cat":285609},{"id":7282,"n":"Compote Douceur du Verger  Pomme Poire - 4x100g","p":1.09,"u":"2,73 €/KG","img":"https://fd8-photos.leclercdrive.fr/image.ashx?id=2355351&use=l&cat=p&typeid=i","cat":284416},{"id":7283,"n":"Compote Douceur du Verger Pomme banane - 4x100g","p":1.25,"u":"3,13 €/KG","img":"https://fd8-photos.leclercdrive.fr/image.ashx?id=2956906&use=l&cat=p&typeid=i","cat":284416},{"id":7284,"n":"Compote Douceur du Verger Pomme Fraise - 4x100g","p":1.09,"u":"2,73 €/KG","img":"https://fd8-photos.leclercdrive.fr/image.ashx?id=3009779&use=l&cat=p&typeid=i","cat":284416},{"id":7289,"n":"Crème Dépilatoire Siliss Peaux sensibles - 200ml","p":1.79,"u":"8,95 €/L","img":"https://fd8-photos.leclercdrive.fr/image.ashx?id=2699675&use=l&cat=p&typeid=i","cat":325351},{"id":7291,"n":"Jus d'orange sanguine Jafaden 1L","p":3.25,"u":"3,25 €/L","img":"https://fd8-photos.leclercdrive.fr/image.ashx?id=2420388&use=l&cat=p&typeid=i","cat":285435},{"id":7293,"n":"Râpé 3 fromages Les Croisés 200g","p":1.79,"u":"8,95 €/KG","img":"https://fd8-photos.leclercdrive.fr/image.ashx?id=2860067&use=l&cat=p&typeid=i","cat":314035},{"id":7294,"n":"Huile de tournesol Bio Village Bio - 75cl","p":3.59,"u":"4,79 €/L","img":"https://fd8-photos.leclercdrive.fr/image.ashx?id=2894746&use=l&cat=p&typeid=i","cat":284453},{"id":7315,"n":"Concentré de tomates Eco+ 2x140g","p":1.28,"u":"4,57 €/KG","img":"https://fd8-photos.leclercdrive.fr/image.ashx?id=2683511&use=l&cat=p&typeid=i","cat":288384},{"id":7316,"n":"Concentré de tomates Eco+ 3x70g","p":1.75,"u":"8,33 €/KG","img":"https://fd8-photos.leclercdrive.fr/image.ashx?id=2681571&use=l&cat=p&typeid=i","cat":288384},{"id":7343,"n":"Pâtes Panzani Penne rigate - 500g","p":1.02,"u":"2,04 €/KG","img":"https://fd8-photos.leclercdrive.fr/image.ashx?id=2876011&use=l&cat=p&typeid=i","cat":284427},{"id":7344,"n":"Pâtes petits paniers Panzani 500g","p":1.17,"u":"2,34 €/KG","img":"https://fd8-photos.leclercdrive.fr/image.ashx?id=2876014&use=l&cat=p&typeid=i","cat":284427},{"id":7345,"n":"Pâtes serpentini Panzani 500g","p":0.99,"u":"1,98 €/KG","img":"https://fd8-photos.leclercdrive.fr/image.ashx?id=2876044&use=l&cat=p&typeid=i","cat":284427},{"id":7349,"n":"Croquettes chat One Purina Stérilisé - Boeuf/Blé - 450g","p":2.5,"u":"5,56 €/KG","img":"https://fd8-photos.leclercdrive.fr/image.ashx?id=2681044&use=l&cat=p&typeid=i","cat":284680},{"id":7350,"n":"Couscous à la Marocaine  Garbit - 285g","p":2.79,"u":"9,79 €/KG","img":"https://fd8-photos.leclercdrive.fr/image.ashx?id=2672128&use=l&cat=p&typeid=i","cat":284953},{"id":7359,"n":"Gorgonzola AOP Les Croisés -150g","p":2.47,"u":"16,47 €/KG","img":"https://fd8-photos.leclercdrive.fr/image.ashx?id=2796037&use=l&cat=p&typeid=i","cat":314032},{"id":7360,"n":"Mortadelle Italienne Saint Azay 12 tranches 150g","p":2.14,"u":"14,27 €/KG","img":"https://fd8-photos.leclercdrive.fr/image.ashx?id=2704481&use=l&cat=p&typeid=i","cat":316009},{"id":7361,"n":"Fromage Edam Les Croisés En tranche x8 - 200g","p":1.97,"u":"9,85 €/KG","img":"https://fd8-photos.leclercdrive.fr/image.ashx?id=2041351&use=l&cat=p&typeid=i","cat":314028},{"id":7362,"n":"Riz Basmati Comptoir du Grain Express 2 min - 250g","p":0.99,"u":"3,96 €/KG","img":"https://fd8-photos.leclercdrive.fr/image.ashx?id=2441192&use=l&cat=p&typeid=i","cat":287600},{"id":7363,"n":"Riz Express Comptoir du Grain A la méditerranéenne - 250g","p":1.2,"u":"4,80 €/KG","img":"https://fd8-photos.leclercdrive.fr/image.ashx?id=2856474&use=l&cat=p&typeid=i","cat":287600},{"id":7364,"n":"Sauce au poivre vert Rustica 30g","p":0.6,"u":"20,00 €/KG","img":"https://fd8-photos.leclercdrive.fr/image.ashx?id=2965422&use=l&cat=p&typeid=i","cat":288381},{"id":7375,"n":"Lunettes de Romans NRT Fraise - 350g","p":2.75,"u":"7,86 €/KG","img":"https://fd8-photos.leclercdrive.fr/image.ashx?id=2791920&use=l&cat=p&typeid=i","cat":284489},{"id":7376,"n":"Lunettes de Romans NRT Myrtille - 350g","p":2.89,"u":"8,26 €/KG","img":"https://fd8-photos.leclercdrive.fr/image.ashx?id=2791923&use=l&cat=p&typeid=i","cat":284487},{"id":7378,"n":"Jambon d'Auvergne IGP NRT x4 - 100g","p":3.4,"u":"34,00 €/KG","img":"https://fd8-photos.leclercdrive.fr/image.ashx?id=2670419&use=l&cat=p&typeid=i","cat":316007},{"id":7379,"n":"Jambon de Savoie NRT x6 - 90g","p":2.66,"u":"29,56 €/KG","img":"https://fd8-photos.leclercdrive.fr/image.ashx?id=2670422&use=l&cat=p&typeid=i","cat":316007},{"id":7381,"n":"Sachet repas chats Gourmet 4 variétés poissons - 4x85g","p":1.83,"u":"5,38 €/KG","img":"https://fd8-photos.leclercdrive.fr/image.ashx?id=2867788&use=l&cat=p&typeid=i","cat":285286},{"id":7424,"n":"Bouillon Cubes bouquet garni Knorr - thym persil laurier -x9","p":1.3,"u":"13,13 €/KG","img":"https://fd8-photos.leclercdrive.fr/image.ashx?id=2915667&use=l&cat=p&typeid=i","cat":288379},{"id":7427,"n":"Huile d'olive Puget Vierge extra - 50cl","p":6.5,"u":"13,00 €/L","img":"https://fd8-photos.leclercdrive.fr/image.ashx?id=2915877&use=l&cat=p&typeid=i","cat":284453},{"id":7432,"n":"Huile de friture Frial Lesieur 2L","p":6.16,"u":"3,08 €/L","img":"https://fd8-photos.leclercdrive.fr/image.ashx?id=2916857&use=l&cat=p&typeid=i","cat":284453},{"id":7433,"n":"Vinaigrette Rustica Fines herbes - 50cl","p":1.19,"u":"2,38 €/L","img":"https://fd8-photos.leclercdrive.fr/image.ashx?id=1964912&use=l&cat=p&typeid=i","cat":284456},{"id":7434,"n":"Quatre-quart P'tit Déli De Bretagne 500g","p":2.79,"u":"5,58 €/KG","img":"https://fd8-photos.leclercdrive.fr/image.ashx?id=2891875&use=l&cat=p&typeid=i","cat":294776},{"id":7437,"n":"Pâte brisée Tablier Blanc Au beurre - 230g","p":1.19,"u":"5,17 €/KG","img":"https://fd8-photos.leclercdrive.fr/image.ashx?id=2635892&use=l&cat=p&typeid=i","cat":333681},{"id":7441,"n":"Huile de friture Rustica 1L","p":2.75,"u":"2,75 €/L","img":"https://fd8-photos.leclercdrive.fr/image.ashx?id=2900331&use=l&cat=p&typeid=i","cat":284453},{"id":7443,"n":"Dessert fruitier pomme poire Douceur du Verger s/sucre 4x97g","p":1.25,"u":"3,22 €/KG","img":"https://fd8-photos.leclercdrive.fr/image.ashx?id=2956912&use=l&cat=p&typeid=i","cat":284416},{"id":7444,"n":"Dessert fruitier pomme Douceur du Verger s/sucre 4x97g","p":1.05,"u":"2,71 €/KG","img":"https://fd8-photos.leclercdrive.fr/image.ashx?id=2979340&use=l&cat=p&typeid=i","cat":284416},{"id":7448,"n":"Compote Douceur du Verger Coupelle pomme pruneau - 4x100g","p":1.36,"u":"3,40 €/KG","img":"https://fd8-photos.leclercdrive.fr/image.ashx?id=2663479&use=l&cat=p&typeid=i","cat":284508},{"id":7450,"n":"Gâteaux fourrés P'tit Déli Fraise x7 - 196g","p":2.8,"u":"14,29 €/KG","img":"https://fd8-photos.leclercdrive.fr/image.ashx?id=2659777&use=l&cat=p&typeid=i","cat":284495},{"id":7451,"n":"Biscuits P'tit Déli Goûters Fourrés au chocolat 2x300g","p":2.3,"u":"3,83 €/KG","img":"https://fd8-photos.leclercdrive.fr/image.ashx?id=2116182&use=l&cat=p&typeid=i","cat":284488},{"id":7452,"n":"Tubes Fromage blanc Délisse 3 parfums - 12 x40g","p":2.38,"u":"4,96 €/KG","img":"https://fd8-photos.leclercdrive.fr/image.ashx?id=2884231&use=l&cat=p&typeid=i","cat":284415},{"id":7455,"n":"Fromage Bleu des Causses NRT  AOP - 125g","p":1.99,"u":"15,92 €/KG","img":"https://fd8-photos.leclercdrive.fr/image.ashx?id=2771043&use=l&cat=p&typeid=i","cat":314032},{"id":7459,"n":"Pâtes Barilla Spaghetti n°5 - 500g","p":0.93,"u":"1,86 €/KG","img":"https://fd8-photos.leclercdrive.fr/image.ashx?id=2392200&use=l&cat=p&typeid=i","cat":284427},{"id":7465,"n":"Actifidus Délisse Citron - 4x125g","p":1.36,"u":"2,72 €/KG","img":"https://fd8-photos.leclercdrive.fr/image.ashx?id=2501673&use=l&cat=p&typeid=i","cat":315000},{"id":7466,"n":"Pain grillé Epi d'or Brioché x26 - 300g","p":2.15,"u":"7,17 €/KG","img":"https://fd8-photos.leclercdrive.fr/image.ashx?id=2532835&use=l&cat=p&typeid=i","cat":284479},{"id":7529,"n":"Fromage Comté Entremont 200g","p":3.11,"u":"15,55 €/KG","img":"https://fd8-photos.leclercdrive.fr/image.ashx?id=2983144&use=l&cat=p&typeid=i","cat":314034},{"id":7530,"n":"Crème fraîche épaisse Bridélice 15%mg 20cl","p":0.82,"u":"4,10 €/L","img":"https://fd8-photos.leclercdrive.fr/image.ashx?id=2970873&use=l&cat=p&typeid=i","cat":284381},{"id":7531,"n":"Faisselle Rians 6%mg - 500g","p":1.94,"u":"3,88 €/KG","img":"https://fd8-photos.leclercdrive.fr/image.ashx?id=2542324&use=l&cat=p&typeid=i","cat":284409},{"id":7548,"n":"Ail Rustica 100g","p":1.69,"u":"16,90 €/KG","img":"https://fd8-photos.leclercdrive.fr/image.ashx?id=2365451&use=l&cat=p&typeid=i","cat":319804},{"id":7549,"n":"Persil Rustica 50g","p":0.99,"u":"19,80 €/KG","img":"https://fd8-photos.leclercdrive.fr/image.ashx?id=2365454&use=l&cat=p&typeid=i","cat":319804},{"id":7556,"n":"Olives fromage Pause Fraîcheur 150g","p":1.99,"u":"13,27 €/KG","img":"https://fd8-photos.leclercdrive.fr/image.ashx?id=2601286&use=l&cat=p&typeid=i","cat":316002},{"id":7557,"n":"Olives à l'ail Couleurs Vives 150g","p":1.99,"u":"13,27 €/KG","img":"https://fd8-photos.leclercdrive.fr/image.ashx?id=2518508&use=l&cat=p&typeid=i","cat":316002},{"id":7563,"n":"Coulis de tomate bio Jardin Bio 500g","p":1.68,"u":"3,36 €/KG","img":"https://fd8-photos.leclercdrive.fr/image.ashx?id=2918841&use=l&cat=p&typeid=i","cat":288384},{"id":7578,"n":"Thé vert bio orange Jardin Bio' Bergamote Max Havelaar x20 30g","p":2.51,"u":"83,67 €/KG","img":"https://fd8-photos.leclercdrive.fr/image.ashx?id=2792666&use=l&cat=p&typeid=i","cat":293233},{"id":7585,"n":"Echalote Rustica 100g","p":1.69,"u":"16,90 €/KG","img":"https://fd8-photos.leclercdrive.fr/image.ashx?id=2365457&use=l&cat=p&typeid=i","cat":319804},{"id":7586,"n":"Fond de veau Rustica 110g","p":2.11,"u":"19,18 €/KG","img":"https://fd8-photos.leclercdrive.fr/image.ashx?id=2188679&use=l&cat=p&typeid=i","cat":288379},{"id":7589,"n":"Biscuits Mikado LU Chocolat au lait - 3x39g","p":2.15,"u":"18,38 €/KG","img":"https://fd8-photos.leclercdrive.fr/image.ashx?id=3001970&use=l&cat=p&typeid=i","cat":284488},{"id":7598,"n":"Ravioli de volaille Jardin Bio' Bio - 700g","p":4.04,"u":"5,77 €/KG","img":"https://fd8-photos.leclercdrive.fr/image.ashx?id=2950183&use=l&cat=p&typeid=i","cat":284442},{"id":7599,"n":"Haricots verts Jardin Bio' Bio extra fin coupés - 360g","p":2.47,"u":"6,86 €/KG","img":"https://fd8-photos.leclercdrive.fr/image.ashx?id=2967151&use=l&cat=p&typeid=i","cat":312606},{"id":7600,"n":"Petits pois carottes JardinBio' Bio - 420g","p":2.49,"u":"5,93 €/KG","img":"https://fd8-photos.leclercdrive.fr/image.ashx?id=2947958&use=l&cat=p&typeid=i","cat":312607},{"id":7601,"n":"Dessert fruitier Jardin Bio' bio Pomme vanille bourbon 680g","p":2.5,"u":"3,68 €/KG","img":"https://fd8-photos.leclercdrive.fr/image.ashx?id=2967786&use=l&cat=p&typeid=i","cat":284508},{"id":7646,"n":"Spaghetti Jardin Bio Bio quinoa persil ail - 500g","p":2.03,"u":"4,06 €/KG","img":"https://fd8-photos.leclercdrive.fr/image.ashx?id=3014542&use=l&cat=p&typeid=i","cat":284427},{"id":7655,"n":"Compote Andros Pomme framboise - 4x100g","p":1.72,"u":"4,30 €/KG","img":"https://fd8-photos.leclercdrive.fr/image.ashx?id=2907875&use=l&cat=p&typeid=i","cat":284416},{"id":7666,"n":"Camembert Lepetit  250g","p":2.48,"u":"9,92 €/KG","img":"https://fd8-photos.leclercdrive.fr/image.ashx?id=2504350&use=l&cat=p&typeid=i","cat":314033},{"id":7693,"n":"Magret de canard Sud Ouest NRT Séché - 90g","p":3.99,"u":"44,33 €/KG","img":"https://fd8-photos.leclercdrive.fr/image.ashx?id=2966842&use=l&cat=p&typeid=i","cat":316007},{"id":7694,"n":"Magret de canard Sud Ouest NRT Fumé - 90g","p":3.79,"u":"42,11 €/KG","img":"https://fd8-photos.leclercdrive.fr/image.ashx?id=2958380&use=l&cat=p&typeid=i","cat":316007},{"id":7713,"n":"Dessert fruitier pomme pruneaux Douceur du Verger s/sucre4x100g","p":1.54,"u":"3,85 €/KG","img":"https://fd8-photos.leclercdrive.fr/image.ashx?id=1962960&use=l&cat=p&typeid=i","cat":284416},{"id":7716,"n":"Papier toilette Mimosa Décoré - Ultra Confort - x6","p":3.06,"u":"0,51 €/P","img":"https://fd8-photos.leclercdrive.fr/image.ashx?id=2778752&use=l&cat=p&typeid=i","cat":284634},{"id":7717,"n":"Papier toilette Mimosa Décoré - Ultra doux - x6","p":2.65,"u":"0,44 €/P","img":"https://fd8-photos.leclercdrive.fr/image.ashx?id=2778749&use=l&cat=p&typeid=i","cat":284634},{"id":7761,"n":"Galette Croq'Soja Céréal Bio  Bio provençale x2 200g","p":2.21,"u":"11,05 €/KG","img":"https://fd8-photos.leclercdrive.fr/image.ashx?id=2574296&use=l&cat=p&typeid=i","cat":284953},{"id":7769,"n":"Galette Croq'Soja Céréal Bio  Bio curry pavot x2 200g","p":2.17,"u":"10,85 €/KG","img":"https://fd8-photos.leclercdrive.fr/image.ashx?id=2969106&use=l&cat=p&typeid=i","cat":284953},{"id":7772,"n":"Galette bio Céréal Bio  Millet champignons x2 - 200g","p":2.31,"u":"11,55 €/KG","img":"https://fd8-photos.leclercdrive.fr/image.ashx?id=2573543&use=l&cat=p&typeid=i","cat":284953},{"id":7857,"n":"Croquettes chiens Fido Au boeuf 1kg","p":2.85,"u":"2,85 €/KG","img":"https://fd8-photos.leclercdrive.fr/image.ashx?id=2972964&use=l&cat=p&typeid=i","cat":294526},{"id":7862,"n":"Petit pot de crème Délisse Café - 4x100g","p":1.8,"u":"4,50 €/KG","img":"https://fd8-photos.leclercdrive.fr/image.ashx?id=2550372&use=l&cat=p&typeid=i","cat":285041},{"id":7864,"n":"Yaourts sucrés Délisse Nature  - 4x125g","p":0.99,"u":"1,98 €/KG","img":"https://fd8-photos.leclercdrive.fr/image.ashx?id=2590415&use=l&cat=p&typeid=i","cat":284409},{"id":7866,"n":"Beurre Tendre Les Croisés Demi-sel - 80% MG - 250g","p":2.51,"u":"10,04 €/KG","img":"https://fd8-photos.leclercdrive.fr/image.ashx?id=2956221&use=l&cat=p&typeid=i","cat":284379},{"id":7868,"n":"Sardines Pêche Océan Huile de tournesol - 135g","p":0.95,"u":"7,04 €/KG","img":"https://fd8-photos.leclercdrive.fr/image.ashx?id=1986246&use=l&cat=p&typeid=i","cat":305146},{"id":7869,"n":"Yaourts aromatisés Délisse Citron - 4x125g","p":1.45,"u":"2,90 €/KG","img":"https://fd8-photos.leclercdrive.fr/image.ashx?id=2134515&use=l&cat=p&typeid=i","cat":286006},{"id":7881,"n":"Camembert Les Croisés 8 portions - 22% mg - 8x30g","p":2.19,"u":"9,13 €/KG","img":"https://fd8-photos.leclercdrive.fr/image.ashx?id=2974798&use=l&cat=p&typeid=i","cat":314033},{"id":7882,"n":"Actifidus Délisse Coco Citron Vanille - 12x125g","p":3.5,"u":"2,33 €/KG","img":"https://fd8-photos.leclercdrive.fr/image.ashx?id=2441842&use=l&cat=p&typeid=i","cat":315000},{"id":7886,"n":"Diots fumés de Savoie NRT 4x90g","p":4.22,"u":"11,72 €/KG","img":"https://fd8-photos.leclercdrive.fr/image.ashx?id=2991467&use=l&cat=p&typeid=i","cat":316012},{"id":7887,"n":"Selles-sur-Cher NRT AOP  Fromage de chèvre - 150g","p":3.49,"u":"23,27 €/KG","img":"https://fd8-photos.leclercdrive.fr/image.ashx?id=2586031&use=l&cat=p&typeid=i","cat":314031},{"id":7889,"n":"Fromage Reblochon NRT AOP 240g","p":3.7,"u":"15,42 €/KG","img":"https://fd8-photos.leclercdrive.fr/image.ashx?id=2933337&use=l&cat=p&typeid=i","cat":314037},{"id":7972,"n":"Beurre Moulé Paysan Breton Doux - 82%MG - 250g","p":3.24,"u":"12,96 €/KG","img":"https://fd8-photos.leclercdrive.fr/image.ashx?id=2946943&use=l&cat=p&typeid=i","cat":284379},{"id":7973,"n":"Faisselle Rians 6%mg - 4x100g","p":2.3,"u":"5,75 €/KG","img":"https://fd8-photos.leclercdrive.fr/image.ashx?id=2762088&use=l&cat=p&typeid=i","cat":284409},{"id":7993,"n":"Beurre d'escargot Rustica Ail et persil - 250g","p":3.49,"u":"13,96 €/KG","img":"https://fd8-photos.leclercdrive.fr/image.ashx?id=1915569&use=l&cat=p&typeid=i","cat":319775},{"id":7996,"n":"Poireaux Notre Jardin En rondelles 1kg","p":1.28,"u":"1,28 €/KG","img":"https://fd8-photos.leclercdrive.fr/image.ashx?id=2873126&use=l&cat=p&typeid=i","cat":319805},{"id":8000,"n":"Cordon Bleu Poulet Père Dodu  Bacon de Dinde x2 - 200g","p":2.43,"u":"12,15 €/KG","img":"https://fd8-photos.leclercdrive.fr/image.ashx?id=2956987&use=l&cat=p&typeid=i","cat":333683},{"id":8003,"n":"Fromage Enfant Kiri Goûter 5 portions barquettes - 175g","p":2.27,"u":"12,97 €/KG","img":"https://fd8-photos.leclercdrive.fr/image.ashx?id=2972883&use=l&cat=p&typeid=i","cat":314030},{"id":8011,"n":"Crème glacée Menthe Eskiss Copeaux de Chocolat - 494g","p":2.79,"u":"5,65 €/KG","img":"https://fd8-photos.leclercdrive.fr/image.ashx?id=2982583&use=l&cat=p&typeid=i","cat":284263},{"id":8012,"n":"Friandises pour chien Lydog Biscuits fourrés Viande - 500g","p":1.29,"u":"2,58 €/KG","img":"https://fd8-photos.leclercdrive.fr/image.ashx?id=2191114&use=l&cat=p&typeid=i","cat":294527},{"id":8013,"n":"Friandises pour chien Lydog Biscuits croquants - 500g","p":1.29,"u":"2,58 €/KG","img":"https://fd8-photos.leclercdrive.fr/image.ashx?id=1954353&use=l&cat=p&typeid=i","cat":294527},{"id":8017,"n":"Pâtes Penne Regate Turini 500g","p":0.6,"u":"1,20 €/KG","img":"https://fd8-photos.leclercdrive.fr/image.ashx?id=2980773&use=l&cat=p&typeid=i","cat":284427},{"id":8024,"n":"Barquette chiens Lydog 3 saveurs - 3x300g","p":3.78,"u":"4,20 €/KG","img":"https://fd8-photos.leclercdrive.fr/image.ashx?id=2050639&use=l&cat=p&typeid=i","cat":284673},{"id":8025,"n":"Barquette chiens Lydog 3 saveurs - 3x300g","p":3.79,"u":"4,21 €/KG","img":"https://fd8-photos.leclercdrive.fr/image.ashx?id=2050642&use=l&cat=p&typeid=i","cat":284673},{"id":8026,"n":"Soupe Velouté Régal Soupe Poireaux Pommes de terre 2x30cl","p":1.07,"u":"1,78 €/L","img":"https://fd8-photos.leclercdrive.fr/image.ashx?id=2607440&use=l&cat=p&typeid=i","cat":284462},{"id":8027,"n":"Soupe Velouté Régal Soupe 10 légumes - 2x30cl","p":1.19,"u":"1,98 €/L","img":"https://fd8-photos.leclercdrive.fr/image.ashx?id=2607443&use=l&cat=p&typeid=i","cat":284462},{"id":8094,"n":"Oeufs frais Matines En Cage - Gros - x6","p":1.59,"u":"0,27 €/P","img":"https://fd8-photos.leclercdrive.fr/image.ashx?id=2796246&use=l&cat=p&typeid=i","cat":284378},{"id":8121,"n":"Glace Cône Mini Smicy Vanille Chocolat x10 - 175g","p":2.49,"u":"14,23 €/KG","img":"https://fd8-photos.leclercdrive.fr/image.ashx?id=2698168&use=l&cat=p&typeid=i","cat":285250},{"id":8129,"n":"Soupe Mouliné Régal Soupe 10 légumes variés - 2x30cl","p":1.45,"u":"2,42 €/L","img":"https://fd8-photos.leclercdrive.fr/image.ashx?id=2607476&use=l&cat=p&typeid=i","cat":284462},{"id":8136,"n":"Biscuits raisin GERBLE  - 4x5, 360g","p":1.57,"u":"4,36 €/KG","img":"https://fd8-photos.leclercdrive.fr/image.ashx?id=2578726&use=l&cat=p&typeid=i","cat":318651},{"id":8178,"n":"Infusion Tisea Douce soirée 25 sachets","p":0.99,"u":"28,29 €/KG","img":"https://fd8-photos.leclercdrive.fr/image.ashx?id=2553902&use=l&cat=p&typeid=i","cat":293234},{"id":8182,"n":"Mini Feuilletés Côté Table Saucisse x20 - 350g","p":4.19,"u":"11,97 €/KG","img":"https://fd8-photos.leclercdrive.fr/image.ashx?id=2622016&use=l&cat=p&typeid=i","cat":319774},{"id":8191,"n":"Colin d'Alaska Pêche Océan À la Florentine - MSC - 400g","p":3.49,"u":"8,73 €/KG","img":"https://fd8-photos.leclercdrive.fr/image.ashx?id=2930108&use=l&cat=p&typeid=i","cat":319786},{"id":8194,"n":"Fagots de haricots verts Notre Jardin x6 - 270g","p":3.99,"u":"14,78 €/KG","img":"https://fd8-photos.leclercdrive.fr/image.ashx?id=1510099&use=l&cat=p&typeid=i","cat":319805},{"id":8322,"n":"Coeurs artichauts Florelli Grillés - 170g","p":3.77,"u":"22,18 €/KG","img":"https://fd8-photos.leclercdrive.fr/image.ashx?id=2690003&use=l&cat=p&typeid=i","cat":289010},{"id":8324,"n":"Tomates séchées Florelli 270g","p":3.28,"u":"12,15 €/KG","img":"https://fd8-photos.leclercdrive.fr/image.ashx?id=2633094&use=l&cat=p&typeid=i","cat":289010},{"id":8329,"n":"Crème de vinaigre de Modène Toscoro - 250ml","p":3.53,"u":"14,12 €/L","img":"https://fd8-photos.leclercdrive.fr/image.ashx?id=2767401&use=l&cat=p&typeid=i","cat":289010},{"id":8337,"n":"Tapenade d'Olives noires  Les Tartinables Florelli 190g","p":2.3,"u":"12,11 €/KG","img":"https://fd8-photos.leclercdrive.fr/image.ashx?id=2884690&use=l&cat=p&typeid=i","cat":289010},{"id":8375,"n":"Sauce Déshydratée KNORR Aux Trois Poivres - 32g","p":0.68,"u":"24,29 €/KG","img":"https://fd8-photos.leclercdrive.fr/image.ashx?id=2875933&use=l&cat=p&typeid=i","cat":288381},{"id":8382,"n":"Pâtes spaghetti plat Panzani 500g","p":1.02,"u":"2,04 €/KG","img":"https://fd8-photos.leclercdrive.fr/image.ashx?id=2876041&use=l&cat=p&typeid=i","cat":284427},{"id":8383,"n":"Pâtes Coquillettes Panzani 3 Minutes - 500G","p":1.18,"u":"2,36 €/KG","img":"https://fd8-photos.leclercdrive.fr/image.ashx?id=2867945&use=l&cat=p&typeid=i","cat":284427},{"id":8388,"n":"Pâtes Lustucru macaroni Aux oeufs - 250g","p":0.95,"u":"3,80 €/KG","img":"https://fd8-photos.leclercdrive.fr/image.ashx?id=2519471&use=l&cat=p&typeid=i","cat":284427},{"id":8392,"n":"Torti Weight Watchers St Jacques - 300g","p":4.01,"u":"13,37 €/KG","img":"https://fd8-photos.leclercdrive.fr/image.ashx?id=2610861&use=l&cat=p&typeid=i","cat":333665},{"id":8393,"n":"Escalope Milanaise Marie 300g","p":3.38,"u":"11,27 €/KG","img":"https://fd8-photos.leclercdrive.fr/image.ashx?id=2317408&use=l&cat=p&typeid=i","cat":333665},{"id":8397,"n":"Madeleine Bonne Maman Pur beurre tradition 300g","p":2.71,"u":"9,03 €/KG","img":"https://fd8-photos.leclercdrive.fr/image.ashx?id=2936137&use=l&cat=p&typeid=i","cat":284492},{"id":8413,"n":"Biscuits Crackers Tokapi  Nature - 3x100g","p":1.38,"u":"4,60 €/KG","img":"https://fd8-photos.leclercdrive.fr/image.ashx?id=2660550&use=l&cat=p&typeid=i","cat":297000},{"id":8414,"n":"Chocolat au lait Equador Doux et fondant - 100g","p":1.65,"u":"16,50 €/KG","img":"https://fd8-photos.leclercdrive.fr/image.ashx?id=2758344&use=l&cat=p&typeid=i","cat":284497},{"id":8415,"n":"Pâtes coquillettes Turini Les 3 min - 500g","p":0.72,"u":"1,44 €/KG","img":"https://fd8-photos.leclercdrive.fr/image.ashx?id=2607461&use=l&cat=p&typeid=i","cat":284427},{"id":8419,"n":"Biscuits Crackers Tokapi Emmental - 100g","p":0.68,"u":"6,80 €/KG","img":"https://fd8-photos.leclercdrive.fr/image.ashx?id=2351226&use=l&cat=p&typeid=i","cat":297000},{"id":8424,"n":"Biscottes Heudebert  Fibres plus - 280g","p":2.02,"u":"7,21 €/KG","img":"https://fd8-photos.leclercdrive.fr/image.ashx?id=2679503&use=l&cat=p&typeid=i","cat":284479},{"id":8428,"n":"Biscuits sablés Granola Chocolat au lait - 225g","p":1.52,"u":"6,76 €/KG","img":"https://fd8-photos.leclercdrive.fr/image.ashx?id=2346675&use=l&cat=p&typeid=i","cat":284488},{"id":8432,"n":"Biscuit Roudor St Michel 2x150g","p":2.61,"u":"8,70 €/KG","img":"https://fd8-photos.leclercdrive.fr/image.ashx?id=2935690&use=l&cat=p&typeid=i","cat":284487},{"id":8433,"n":"Pâtes Coquillettes Panzani Prêt en 3 min - 1kg","p":2.21,"u":"2,21 €/KG","img":"https://fd8-photos.leclercdrive.fr/image.ashx?id=2896093&use=l&cat=p&typeid=i","cat":284427},{"id":8475,"n":"Serviette hygiénique Doulys Maxi confort - Normal - x18","p":0.99,"u":"0,06 €/P","img":"https://fd8-photos.leclercdrive.fr/image.ashx?id=2838909&use=l&cat=p&typeid=i","cat":284624},{"id":8494,"n":"Biscuits déli matin P'tit Déli Chocolat/pépites - 600g","p":3.18,"u":"5,30 €/KG","img":"https://fd8-photos.leclercdrive.fr/image.ashx?id=2999496&use=l&cat=p&typeid=i","cat":284491},{"id":8504,"n":"Biscottes bio Bio Village Complètes x36 - 300g","p":2.2,"u":"7,33 €/KG","img":"https://fd8-photos.leclercdrive.fr/image.ashx?id=2590460&use=l&cat=p&typeid=i","cat":284479},{"id":8515,"n":"Bâtonnets Dentastix Pedigree Moyen chien x28 - 720g","p":7.07,"u":"9,82 €/KG","img":"https://fd8-photos.leclercdrive.fr/image.ashx?id=2980094&use=l&cat=p&typeid=i","cat":294527},{"id":8528,"n":"Sel fin La Baleine Iodé et fluoré - 750g","p":0.74,"u":"0,99 €/KG","img":"https://fd8-photos.leclercdrive.fr/image.ashx?id=2790612&use=l&cat=p&typeid=i","cat":284457},{"id":8533,"n":"Flageolets verts Notre Jardin Extra Fins - 420g","p":1.72,"u":"4,10 €/KG","img":"https://fd8-photos.leclercdrive.fr/image.ashx?id=2371536&use=l&cat=p&typeid=i","cat":312606},{"id":8535,"n":"Olives noires Rustica Entières - 225g","p":0.99,"u":"4,40 €/KG","img":"https://fd8-photos.leclercdrive.fr/image.ashx?id=2499076&use=l&cat=p&typeid=i","cat":284458},{"id":8536,"n":"Savon mains en crème Manava Perles d'oranger - 300ml","p":1.25,"u":"4,17 €/L","img":"https://fd8-photos.leclercdrive.fr/image.ashx?id=2935480&use=l&cat=p&typeid=i","cat":284597},{"id":8538,"n":"100% Pur jus d'orange Jafaden  Avec pulpe - 1L","p":1.99,"u":"1,99 €/L","img":"https://fd8-photos.leclercdrive.fr/image.ashx?id=2796043&use=l&cat=p&typeid=i","cat":284521},{"id":8539,"n":"Nectar Jafaden Pêche - 1L","p":1.99,"u":"1,99 €/L","img":"https://fd8-photos.leclercdrive.fr/image.ashx?id=2919607&use=l&cat=p&typeid=i","cat":284915},{"id":8540,"n":"Nectar Jafaden Fraise - 1L","p":2.63,"u":"2,63 €/L","img":"https://fd8-photos.leclercdrive.fr/image.ashx?id=2895768&use=l&cat=p&typeid=i","cat":284915},{"id":8541,"n":"Nectar Jafaden Mangue - 1L","p":2.15,"u":"2,15 €/L","img":"https://fd8-photos.leclercdrive.fr/image.ashx?id=2955710&use=l&cat=p&typeid=i","cat":284916},{"id":8553,"n":"Sauce Barbecue AMORA 490g","p":1.96,"u":"4,00 €/KG","img":"https://fd8-photos.leclercdrive.fr/image.ashx?id=2877298&use=l&cat=p&typeid=i","cat":318431},{"id":8558,"n":"Savon L'Authentique Monsavon Lavant Antibactérien - 6x100g","p":4.05,"u":"6,75 €/KG","img":"https://fd8-photos.leclercdrive.fr/image.ashx?id=2881332&use=l&cat=p&typeid=i","cat":284597},{"id":8559,"n":"Biscuits Bjorg Fourrés Chocolat noir bio 225g","p":2.91,"u":"12,93 €/KG","img":"https://fd8-photos.leclercdrive.fr/image.ashx?id=2970912&use=l&cat=p&typeid=i","cat":284488},{"id":8564,"n":"Pâtes Barilla  Linguine - 500g","p":1.07,"u":"2,14 €/KG","img":"https://fd8-photos.leclercdrive.fr/image.ashx?id=3004444&use=l&cat=p&typeid=i","cat":284427},{"id":8566,"n":"Chocolat noir Bio Village Bio -Dégustation 74% cacao 100g","p":1.59,"u":"15,90 €/KG","img":"https://fd8-photos.leclercdrive.fr/image.ashx?id=2045623&use=l&cat=p&typeid=i","cat":284956},{"id":8572,"n":"Tablette chocolat Côte d'Or Chocolat au lait - 200g","p":3.06,"u":"15,30 €/KG","img":"https://fd8-photos.leclercdrive.fr/image.ashx?id=2944362&use=l&cat=p&typeid=i","cat":284497},{"id":8575,"n":"Tablette chocolat Milka Tendre au lait - 2x100g","p":3.17,"u":"15,85 €/KG","img":"https://fd8-photos.leclercdrive.fr/image.ashx?id=2382330&use=l&cat=p&typeid=i","cat":284497},{"id":8576,"n":"Pâtes Barilla Torsades - 500g","p":0.96,"u":"1,92 €/KG","img":"https://fd8-photos.leclercdrive.fr/image.ashx?id=2392224&use=l&cat=p&typeid=i","cat":284427},{"id":8603,"n":"Cocktail Punch Old Nick Planteur 16%vol - 70cl","p":5.7,"u":"8,14 €/L","img":"https://fd8-photos.leclercdrive.fr/image.ashx?id=2999207&use=l&cat=p&typeid=i","cat":284551},{"id":8605,"n":"Liqueur Cointreau 40%vol. - 70cl","p":19.04,"u":"27,20 €/L","img":"https://fd8-photos.leclercdrive.fr/image.ashx?id=2998904&use=l&cat=p&typeid=i","cat":286032},{"id":8634,"n":"Cognac Courcel 40%vol - 20cl","p":6.41,"u":"32,05 €/L","img":"https://fd8-photos.leclercdrive.fr/image.ashx?id=2484035&use=l&cat=p&typeid=i","cat":286032},{"id":8642,"n":"Dentifrice Dentamyl Anti-tartre 75ml","p":0.74,"u":"9,87 €/L","img":"https://fd8-photos.leclercdrive.fr/image.ashx?id=2489098&use=l&cat=p&typeid=i","cat":284612},{"id":8643,"n":"Amandes en poudre Tablier Blanc 125g","p":1.6,"u":"12,80 €/KG","img":"https://fd8-photos.leclercdrive.fr/image.ashx?id=2460577&use=l&cat=p&typeid=i","cat":284504},{"id":8645,"n":"Pepites de chocolat Tablier Blanc - 100g","p":1.43,"u":"14,30 €/KG","img":"https://fd8-photos.leclercdrive.fr/image.ashx?id=2723138&use=l&cat=p&typeid=i","cat":284504},{"id":8646,"n":"Noix de Coco Râpée  Tablier Blanc - 125g","p":1.41,"u":"11,28 €/KG","img":"https://fd8-photos.leclercdrive.fr/image.ashx?id=2460583&use=l&cat=p&typeid=i","cat":284504},{"id":8647,"n":"Gélatine alimentaire Tablier 9 feuilles - 17g","p":1.07,"u":"62,94 €/KG","img":"https://fd8-photos.leclercdrive.fr/image.ashx?id=2487446&use=l&cat=p&typeid=i","cat":284504},{"id":8648,"n":"Amandes effilées Tablier Blanc 125g","p":1.9,"u":"15,20 €/KG","img":"https://fd8-photos.leclercdrive.fr/image.ashx?id=2460586&use=l&cat=p&typeid=i","cat":284504},{"id":8649,"n":"Raisins Secs Tablier Blanc 250g","p":1.98,"u":"7,92 €/KG","img":"https://fd8-photos.leclercdrive.fr/image.ashx?id=2460589&use=l&cat=p&typeid=i","cat":284504},{"id":8650,"n":"Arôme fleur d'Oranger Tablier Blanc - 200ml","p":1.24,"u":"6,20 €/L","img":"https://fd8-photos.leclercdrive.fr/image.ashx?id=2487449&use=l&cat=p&typeid=i","cat":284504},{"id":8651,"n":"Arôme naturel de vanille Tablier Blanc 20ml","p":1.15,"u":"57,50 €/L","img":"https://fd8-photos.leclercdrive.fr/image.ashx?id=2487452&use=l&cat=p&typeid=i","cat":284504},{"id":8672,"n":"Nappage Tablier Blanc Caramel - 210g","p":1.25,"u":"5,95 €/KG","img":"https://fd8-photos.leclercdrive.fr/image.ashx?id=2487455&use=l&cat=p&typeid=i","cat":284504},{"id":8675,"n":"Sucre Tablier Blanc 100 dosettes - 500g","p":2.31,"u":"4,62 €/KG","img":"https://fd8-photos.leclercdrive.fr/image.ashx?id=3010419&use=l&cat=p&typeid=i","cat":284502},{"id":8679,"n":"Truite fumée d'Aquitaine NRT x4 - 120g","p":5.26,"u":"43,83 €/KG","img":"https://fd8-photos.leclercdrive.fr/image.ashx?id=2663836&use=l&cat=p&typeid=i","cat":285188},{"id":8681,"n":"Quenelles au Brochet Nos Régions ont du Talent 4x80g","p":3.64,"u":"11,38 €/KG","img":"https://fd8-photos.leclercdrive.fr/image.ashx?id=2861905&use=l&cat=p&typeid=i","cat":333682},{"id":8682,"n":"Quenelles nature NRT - 4x80g","p":3.0,"u":"9,38 €/KG","img":"https://fd8-photos.leclercdrive.fr/image.ashx?id=2858051&use=l&cat=p&typeid=i","cat":333682},{"id":8683,"n":"Saucisson sec d'Ardèche IGP NRT - 280g","p":5.0,"u":"17,86 €/KG","img":"https://fd8-photos.leclercdrive.fr/image.ashx?id=2753502&use=l&cat=p&typeid=i","cat":316006},{"id":8684,"n":"Saucisse sèche d'Ardèche IGP Nos Régions ont du Talent 250g","p":5.19,"u":"20,76 €/KG","img":"https://fd8-photos.leclercdrive.fr/image.ashx?id=2753505&use=l&cat=p&typeid=i","cat":316006},{"id":8687,"n":"Fromage Emmental râpé NRT IGP Est-Central - 200g","p":3.49,"u":"17,45 €/KG","img":"https://fd8-photos.leclercdrive.fr/image.ashx?id=2771067&use=l&cat=p&typeid=i","cat":314035},{"id":8698,"n":"Assiette soir bébé bio Babybio Légumes riz - 12 mois - 230g","p":2.23,"u":"9,70 €/KG","img":"https://fd8-photos.leclercdrive.fr/image.ashx?id=2859356&use=l&cat=p&typeid=i","cat":312239},{"id":8734,"n":"AOC Champagne brut blanc  Premier cru Pol Carson - 75cl","p":22.99,"u":"30,65 €/L","img":"https://fd8-photos.leclercdrive.fr/image.ashx?id=2984649&use=l&cat=p&typeid=i","cat":284542},{"id":8745,"n":"Lait demi-écrémé Grandlait Bouteille - 6x1L","p":7.11,"u":"1,19 €/L","img":"https://fd8-photos.leclercdrive.fr/image.ashx?id=2914612&use=l&cat=p&typeid=i","cat":284377},{"id":8748,"n":"Lait vitaminé Viva Candia  1% MG - 6x50cl","p":5.98,"u":"1,99 €/L","img":"https://fd8-photos.leclercdrive.fr/image.ashx?id=2891508&use=l&cat=p&typeid=i","cat":317169},{"id":8754,"n":"Sacs congélation Elembal Moyen Zip 20 Sacs","p":1.49,"u":"0,07 €/P","img":"https://fd8-photos.leclercdrive.fr/image.ashx?id=2751886&use=l&cat=p&typeid=i","cat":334134},{"id":8783,"n":"Pommes Elstar  1kg","p":2.68,"u":"2,68 €/KG","img":"https://fd8-photos.leclercdrive.fr/image.ashx?id=1631131&use=l&cat=p&typeid=i","cat":284356},{"id":8784,"n":"Plat bébé Blédina 8 mois  Riz carotte jambon - 2x200g","p":2.57,"u":"6,43 €/KG","img":"https://fd8-photos.leclercdrive.fr/image.ashx?id=2975065&use=l&cat=p&typeid=i","cat":312236},{"id":8795,"n":"Eau minérale Wattwiller 6x1.5L","p":3.67,"u":"0,41 €/L","img":"https://fd8-photos.leclercdrive.fr/image.ashx?id=2582846&use=l&cat=p&typeid=i","cat":284535},{"id":8798,"n":"Fromage St Félicien NRT 180g","p":4.07,"u":"22,61 €/KG","img":"https://fd8-photos.leclercdrive.fr/image.ashx?id=1907399&use=l&cat=p&typeid=i","cat":329558},{"id":8804,"n":"Brownie P'tit Déli Chocolat pépites 285g","p":1.85,"u":"6,49 €/KG","img":"https://fd8-photos.leclercdrive.fr/image.ashx?id=2663365&use=l&cat=p&typeid=i","cat":294776},{"id":8809,"n":"Galettes Bretonnes P'tit Déli Pur beurre 2x125g","p":1.45,"u":"5,80 €/KG","img":"https://fd8-photos.leclercdrive.fr/image.ashx?id=2847961&use=l&cat=p&typeid=i","cat":284487},{"id":8832,"n":"Pâtes Lustucru collerettes 250g","p":0.95,"u":"3,80 €/KG","img":"https://fd8-photos.leclercdrive.fr/image.ashx?id=1943562&use=l&cat=p&typeid=i","cat":284427},{"id":8842,"n":"Couscous poulet bœuf Garbit - 980g","p":4.48,"u":"4,57 €/KG","img":"https://fd8-photos.leclercdrive.fr/image.ashx?id=2677930&use=l&cat=p&typeid=i","cat":325094},{"id":8853,"n":"Cappuccino soluble Plantation Chocolat - x8 - 144g","p":2.49,"u":"17,29 €/KG","img":"https://fd8-photos.leclercdrive.fr/image.ashx?id=2460574&use=l&cat=p&typeid=i","cat":284843},{"id":8854,"n":"Café soluble Plantation  Qualité décaféiné - 200g","p":6.55,"u":"32,75 €/KG","img":"https://fd8-photos.leclercdrive.fr/image.ashx?id=2834275&use=l&cat=p&typeid=i","cat":284843},{"id":8855,"n":"Sauce Champignons Turini 420g","p":1.15,"u":"2,74 €/KG","img":"https://fd8-photos.leclercdrive.fr/image.ashx?id=2494189&use=l&cat=p&typeid=i","cat":287599},{"id":8857,"n":"Café soluble Plantation Qualité filtre - x25 - 50g","p":2.09,"u":"41,80 €/KG","img":"https://fd8-photos.leclercdrive.fr/image.ashx?id=2834278&use=l&cat=p&typeid=i","cat":284843},{"id":8858,"n":"Café Soluble Plantation Décaféiné - x25 - 50g","p":2.28,"u":"45,60 €/KG","img":"https://fd8-photos.leclercdrive.fr/image.ashx?id=2834281&use=l&cat=p&typeid=i","cat":284843},{"id":8861,"n":"Café soluble Plantation Expresso - x25 - 45g","p":2.29,"u":"50,89 €/KG","img":"https://fd8-photos.leclercdrive.fr/image.ashx?id=2834287&use=l&cat=p&typeid=i","cat":284843},{"id":8864,"n":"Pain de Mie Epi d'or - Nature Longue Conservation - 280g","p":0.74,"u":"2,64 €/KG","img":"https://fd8-photos.leclercdrive.fr/image.ashx?id=1913643&use=l&cat=p&typeid=i","cat":284477},{"id":8865,"n":"Toasts Brioches Epi D'Or x13 - 125g","p":0.94,"u":"7,52 €/KG","img":"https://fd8-photos.leclercdrive.fr/image.ashx?id=2896018&use=l&cat=p&typeid=i","cat":284479},{"id":8869,"n":"Riz complet Comptoir du Grain 10min - 500g","p":1.49,"u":"2,98 €/KG","img":"https://fd8-photos.leclercdrive.fr/image.ashx?id=2909386&use=l&cat=p&typeid=i","cat":284428},{"id":8870,"n":"Dés fromage Herbes de Provence Poivrons Les Croisés - 300g","p":2.11,"u":"7,03 €/KG","img":"https://fd8-photos.leclercdrive.fr/image.ashx?id=776166&use=l&cat=p&typeid=i","cat":314027},{"id":8908,"n":"Crépes Fourrées P'tit Déli Céréales et chocolat x8 - 256g","p":1.81,"u":"7,07 €/KG","img":"https://fd8-photos.leclercdrive.fr/image.ashx?id=2656338&use=l&cat=p&typeid=i","cat":284494},{"id":8912,"n":"Préparation fraises NRT Sud-Ouest - 315g","p":2.64,"u":"8,38 €/KG","img":"https://fd8-photos.leclercdrive.fr/image.ashx?id=2590472&use=l&cat=p&typeid=i","cat":284480},{"id":8932,"n":"Gin Gibson's 37.5%vol - 1L","p":16.68,"u":"16,68 €/L","img":"https://fd8-photos.leclercdrive.fr/image.ashx?id=2766244&use=l&cat=p&typeid=i","cat":284550},{"id":8963,"n":"Fromage à tartiner Madame Loïk Fouetté Ech. Ciboulette - 150g","p":1.74,"u":"11,60 €/KG","img":"https://fd8-photos.leclercdrive.fr/image.ashx?id=2986356&use=l&cat=p&typeid=i","cat":314029},{"id":8966,"n":"Biscuits chien Pedigree Biscrok - 500g","p":1.59,"u":"3,18 €/KG","img":"https://fd8-photos.leclercdrive.fr/image.ashx?id=2983456&use=l&cat=p&typeid=i","cat":294527},{"id":8968,"n":"Chocolat poudre Banania 400g","p":2.71,"u":"6,78 €/KG","img":"https://fd8-photos.leclercdrive.fr/image.ashx?id=2225276&use=l&cat=p&typeid=i","cat":293235},{"id":8970,"n":"Riz long blanc de Camargue NRT 500g","p":1.59,"u":"3,18 €/KG","img":"https://fd8-photos.leclercdrive.fr/image.ashx?id=2663803&use=l&cat=p&typeid=i","cat":284428},{"id":8972,"n":"Levure boulangère Tablier Blanc x6 - 30g","p":0.69,"u":"23,00 €/KG","img":"https://fd8-photos.leclercdrive.fr/image.ashx?id=2867904&use=l&cat=p&typeid=i","cat":294686},{"id":8974,"n":"Lait vitaminé Viva Candia  1% MG - 6x1L","p":8.34,"u":"1,39 €/L","img":"https://fd8-photos.leclercdrive.fr/image.ashx?id=2891502&use=l&cat=p&typeid=i","cat":317169},{"id":8977,"n":"Cacahuètes  Benenuts Grillées à sec - 200g","p":1.57,"u":"7,85 €/KG","img":"https://fd8-photos.leclercdrive.fr/image.ashx?id=2389616&use=l&cat=p&typeid=i","cat":284448},{"id":8987,"n":"Pâté Hénaff 156g","p":2.34,"u":"15,00 €/KG","img":"https://fd8-photos.leclercdrive.fr/image.ashx?id=2298361&use=l&cat=p&typeid=i","cat":305149},{"id":9035,"n":"Scotch Whisky Label 5 40%vol - 1L","p":17.93,"u":"17,93 €/L","img":"https://fd8-photos.leclercdrive.fr/image.ashx?id=2519714&use=l&cat=p&typeid=i","cat":284547},{"id":9055,"n":"Fondue 3 fromages Président  450g","p":5.34,"u":"11,87 €/KG","img":"https://fd8-photos.leclercdrive.fr/image.ashx?id=2632990&use=l&cat=p&typeid=i","cat":314037},{"id":9065,"n":"Fromage tartiflette Ermitage 27%mg - 500g","p":6.09,"u":"12,18 €/KG","img":"https://fd8-photos.leclercdrive.fr/image.ashx?id=2966011&use=l&cat=p&typeid=i","cat":314037},{"id":9080,"n":"Fromage à Tartiner St Môret  Nature 9 Portions - 180g","p":2.2,"u":"12,22 €/KG","img":"https://fd8-photos.leclercdrive.fr/image.ashx?id=2763319&use=l&cat=p&typeid=i","cat":314029},{"id":9105,"n":"Pate Brisée Eco+ A dérouler - 230g","p":0.53,"u":"2,30 €/KG","img":"https://fd8-photos.leclercdrive.fr/image.ashx?id=2249411&use=l&cat=p&typeid=i","cat":333681},{"id":9110,"n":"Bûche de chèvre allégée Soignon Lait pasteurisé 29%mg - 180g","p":2.26,"u":"12,56 €/KG","img":"https://fd8-photos.leclercdrive.fr/image.ashx?id=2886987&use=l&cat=p&typeid=i","cat":314031},{"id":9123,"n":"Café soluble Plantation Café Au Lait Chicorée - 400g","p":3.59,"u":"8,98 €/KG","img":"https://fd8-photos.leclercdrive.fr/image.ashx?id=2834232&use=l&cat=p&typeid=i","cat":284843},{"id":9130,"n":"Mouchoirs blancs 2 plis Caresse Boîte mouchoirs en papier -x110","p":1.33,"u":"0,01 €/P","img":"https://fd8-photos.leclercdrive.fr/image.ashx?id=2390416&use=l&cat=p&typeid=i","cat":284638},{"id":9138,"n":"Café soluble Plantation Chicorée - 250g","p":2.98,"u":"11,92 €/KG","img":"https://fd8-photos.leclercdrive.fr/image.ashx?id=2556379&use=l&cat=p&typeid=i","cat":284843},{"id":9150,"n":"Soupe Velouté Régal Soupe Potiron - 2x30cl","p":1.76,"u":"2,93 €/L","img":"https://fd8-photos.leclercdrive.fr/image.ashx?id=2607473&use=l&cat=p&typeid=i","cat":284462},{"id":9164,"n":"Crevettes natures Pêche Océan 125g","p":3.99,"u":"31,92 €/KG","img":"https://fd8-photos.leclercdrive.fr/image.ashx?id=3015242&use=l&cat=p&typeid=i","cat":284343},{"id":9167,"n":"Fromage Edam Mimolette Les Croisés dés 150g","p":1.85,"u":"12,33 €/KG","img":"https://fd8-photos.leclercdrive.fr/image.ashx?id=2365472&use=l&cat=p&typeid=i","cat":314027},{"id":9170,"n":"Spaetzles d'Alsace NRT 250g","p":1.39,"u":"5,56 €/KG","img":"https://fd8-photos.leclercdrive.fr/image.ashx?id=2839962&use=l&cat=p&typeid=i","cat":284427},{"id":9171,"n":"Sablés aux Pommes NRT - 150g","p":1.99,"u":"13,27 €/KG","img":"https://fd8-photos.leclercdrive.fr/image.ashx?id=2856615&use=l&cat=p&typeid=i","cat":284487},{"id":9172,"n":"Cassoulet de Castelnaudary Nos Régions ont du Talent 1680g","p":9.96,"u":"5,93 €/KG","img":"https://fd8-photos.leclercdrive.fr/image.ashx?id=2791401&use=l&cat=p&typeid=i","cat":284440},{"id":9173,"n":"Ravioles Label Rouge NRT Dauphiné - 240g","p":2.99,"u":"12,46 €/KG","img":"https://fd8-photos.leclercdrive.fr/image.ashx?id=2699504&use=l&cat=p&typeid=i","cat":333682},{"id":9177,"n":"Flammekueche d'Alsace NRT 180g","p":2.09,"u":"11,61 €/KG","img":"https://fd8-photos.leclercdrive.fr/image.ashx?id=2743864&use=l&cat=p&typeid=i","cat":333680},{"id":9181,"n":"Chinois La Fournée Dorée Crème pâtissière - 600g","p":2.86,"u":"4,77 €/KG","img":"https://fd8-photos.leclercdrive.fr/image.ashx?id=2342090&use=l&cat=p&typeid=i","cat":293600},{"id":9183,"n":"Boules soufflées Tokapi Tomate - 42g","p":0.57,"u":"13,57 €/KG","img":"https://fd8-photos.leclercdrive.fr/image.ashx?id=2898832&use=l&cat=p&typeid=i","cat":284449},{"id":9262,"n":"Matière grasse Rustica Tournesol -60%MG -Doux -500G","p":1.53,"u":"3,06 €/KG","img":"https://fd8-photos.leclercdrive.fr/image.ashx?id=1071108&use=l&cat=p&typeid=i","cat":315229},{"id":9265,"n":"Pêche poire ananas  Douceur du verger - 4x70g","p":2.59,"u":"9,25 €/KG","img":"https://fd8-photos.leclercdrive.fr/image.ashx?id=2349100&use=l&cat=p&typeid=i","cat":284507},{"id":9266,"n":"Ananas papaye mangue DDV Sirop léger - 4x70g","p":2.75,"u":"9,82 €/KG","img":"https://fd8-photos.leclercdrive.fr/image.ashx?id=2100775&use=l&cat=p&typeid=i","cat":284507},{"id":9276,"n":"Biscuits Sprits P'tit Déli Chocolat au lait - 150g","p":1.09,"u":"7,27 €/KG","img":"https://fd8-photos.leclercdrive.fr/image.ashx?id=2081053&use=l&cat=p&typeid=i","cat":284488},{"id":9322,"n":"Tartelette Choco Caramel St Michel Bonne Maman 135g","p":1.39,"u":"10,30 €/KG","img":"https://fd8-photos.leclercdrive.fr/image.ashx?id=2949931&use=l&cat=p&typeid=i","cat":284488},{"id":9535,"n":"Stylo roller Frixion Pilot Etui bleu x1","p":5.9,"img":"https://fd8-photos.leclercdrive.fr/image.ashx?id=2577968&use=l&cat=p&typeid=i","cat":284696},{"id":9574,"n":"Feutres de coloriage Bic Kids x24","p":4.1,"img":"https://fd8-photos.leclercdrive.fr/image.ashx?id=2623196&use=l&cat=p&typeid=i","cat":284696},{"id":9587,"n":"Tube de peinture Esquisse Gouache - 5x10ml","p":1.5,"u":"30,00 €/L","img":"https://fd8-photos.leclercdrive.fr/image.ashx?id=2131185&use=l&cat=p&typeid=i","cat":334133},{"id":9589,"n":"Pinceaux Esquisse Taille 6-10 et 14 - x3","p":0.99,"u":"0,33 €/P","img":"https://fd8-photos.leclercdrive.fr/image.ashx?id=1928716&use=l&cat=p&typeid=i","cat":334133},{"id":9593,"n":"AOP Côtes du Rhône vin rouge Combes Saint Sauveur 75cl","p":4.16,"u":"5,55 €/L","img":"https://fd8-photos.leclercdrive.fr/image.ashx?id=2755414&use=l&cat=p&typeid=i","cat":289556},{"id":9597,"n":"AOP Côtes de Provence rosé Jean Valestrel - 75cl","p":6.85,"u":"9,13 €/L","img":"https://fd8-photos.leclercdrive.fr/image.ashx?id=2236698&use=l&cat=p&typeid=i","cat":289558},{"id":9605,"n":"Ruban adhésif Esquisse super transparent - 25m","p":0.82,"u":"0,03 €/MT","img":"https://fd8-photos.leclercdrive.fr/image.ashx?id=2943217&use=l&cat=p&typeid=i","cat":334133},{"id":9634,"n":"Scotch Whisky Baird's 40%vol - 1L","p":15.49,"u":"15,49 €/L","img":"https://fd8-photos.leclercdrive.fr/image.ashx?id=2907168&use=l&cat=p&typeid=i","cat":284547},{"id":9635,"n":"Rhum blanc Charrette 49%vol - 1L","p":16.32,"u":"16,32 €/L","img":"https://fd8-photos.leclercdrive.fr/image.ashx?id=1946417&use=l&cat=p&typeid=i","cat":284550},{"id":9638,"n":"AOC Rhum agricole blanc Dillon Martinique 55%vol - 1L","p":19.38,"u":"19,38 €/L","img":"https://fd8-photos.leclercdrive.fr/image.ashx?id=2650946&use=l&cat=p&typeid=i","cat":284550},{"id":9641,"n":"Whisky Ballantine's Finest Blended Scotch 40% vol - 1L","p":20.95,"pp":19.45,"u":"19,45 €/L","img":"https://fd8-photos.leclercdrive.fr/image.ashx?id=2816964&use=l&cat=p&typeid=i","cat":284547},{"id":9660,"n":"Patafix Homedéco 32 pastilles - 1 pièce","p":3.41,"img":"https://fd8-photos.leclercdrive.fr/image.ashx?id=1939612&use=l&cat=p&typeid=i","cat":334133},{"id":9676,"n":"Bâton de colle Uhu stic 2x8.2g","p":2.6,"u":"162,50 €/KG","img":"https://fd8-photos.leclercdrive.fr/image.ashx?id=2901058&use=l&cat=p&typeid=i","cat":334133},{"id":9689,"n":"Muffin complet Epi d'Or x4 - 250g","p":1.7,"u":"6,80 €/KG","img":"https://fd8-photos.leclercdrive.fr/image.ashx?id=2939058&use=l&cat=p&typeid=i","cat":284985},{"id":9700,"n":"Serviette incontinence Chorys Extra plus - x16","p":4.99,"u":"0,31 €/P","img":"https://fd8-photos.leclercdrive.fr/image.ashx?id=2691171&use=l&cat=p&typeid=i","cat":284628},{"id":9708,"n":"Crème aux oeufs Délisse Vanille - 4x100g","p":1.49,"u":"3,73 €/KG","img":"https://fd8-photos.leclercdrive.fr/image.ashx?id=1956631&use=l&cat=p&typeid=i","cat":284419},{"id":9709,"n":"Mini brownies P'tit Déli Chocolat pépites x8 - 240g","p":1.49,"u":"6,21 €/KG","img":"https://fd8-photos.leclercdrive.fr/image.ashx?id=2888938&use=l&cat=p&typeid=i","cat":294776},{"id":9894,"n":"Moutarde de Bourgogne IGP NRT 200g","p":1.5,"u":"7,50 €/KG","img":"https://fd8-photos.leclercdrive.fr/image.ashx?id=2644918&use=l&cat=p&typeid=i","cat":288850},{"id":9899,"n":"Culotte absorbante Chorys Taille M - Plus - x12","p":7.99,"u":"0,67 €/P","img":"https://fd8-photos.leclercdrive.fr/image.ashx?id=2623001&use=l&cat=p&typeid=i","cat":284628},{"id":9915,"n":"Oignons émincés Notre Jardin 1kg","p":1.75,"u":"1,75 €/KG","img":"https://fd8-photos.leclercdrive.fr/image.ashx?id=2873120&use=l&cat=p&typeid=i","cat":319805},{"id":9916,"n":"Epinards Notre Jardin Feuilles à cuire - 600g","p":1.35,"u":"2,25 €/KG","img":"https://fd8-photos.leclercdrive.fr/image.ashx?id=2916677&use=l&cat=p&typeid=i","cat":319805},{"id":9917,"n":"Whisky J&B Rare 40%vol - 1L","p":21.89,"u":"21,89 €/L","img":"https://fd8-photos.leclercdrive.fr/image.ashx?id=2497638&use=l&cat=p&typeid=i","cat":284547},{"id":9920,"n":"Riz rond blanc de Camargue NRT 500g","p":1.79,"u":"3,58 €/KG","img":"https://fd8-photos.leclercdrive.fr/image.ashx?id=2663839&use=l&cat=p&typeid=i","cat":284428},{"id":9933,"n":"Mouchoirs blancs 4 plis Caresse Mouchoirs papier - 24 étuis","p":2.51,"u":"0,10 €/P","img":"https://fd8-photos.leclercdrive.fr/image.ashx?id=2870017&use=l&cat=p&typeid=i","cat":284638},{"id":10069,"n":"Gâteaux moelleux Pépito  Pépites de chocolat - 150g","p":1.29,"u":"8,60 €/KG","img":"https://fd8-photos.leclercdrive.fr/image.ashx?id=2374396&use=l&cat=p&typeid=i","cat":284495},{"id":10073,"n":"Tablette chocolat Bio Village Bio Chocolat au lait - 100g","p":1.89,"u":"18,90 €/KG","img":"https://fd8-photos.leclercdrive.fr/image.ashx?id=2861899&use=l&cat=p&typeid=i","cat":284497},{"id":10074,"n":"Tablette de chocolat Equador Noir et menthe 100g","p":1.19,"u":"11,90 €/KG","img":"https://fd8-photos.leclercdrive.fr/image.ashx?id=2834296&use=l&cat=p&typeid=i","cat":284956},{"id":10086,"n":"Fondants Autour du Dessert Chocolat x2 - 180g","p":1.99,"u":"11,06 €/KG","img":"https://fd8-photos.leclercdrive.fr/image.ashx?id=2886540&use=l&cat=p&typeid=i","cat":284267},{"id":10091,"n":"Filets maquereaux Pêche Océan Tomate basilic - 169g","p":1.46,"u":"8,64 €/KG","img":"https://fd8-photos.leclercdrive.fr/image.ashx?id=2394657&use=l&cat=p&typeid=i","cat":303868},{"id":10092,"n":"Palets de légumes Notre Jardin Courgettes Carottes - x8 300g","p":1.74,"u":"5,80 €/KG","img":"https://fd8-photos.leclercdrive.fr/image.ashx?id=2878711&use=l&cat=p&typeid=i","cat":319802},{"id":10093,"n":"Palets légumes Notre Jardin Poireaux Carottes - x8 300g","p":1.99,"u":"6,63 €/KG","img":"https://fd8-photos.leclercdrive.fr/image.ashx?id=2878708&use=l&cat=p&typeid=i","cat":319802},{"id":10114,"n":"Essuie-tout Uni Vert Compact Ecologique - x2","p":2.7,"u":"1,35 €/P","img":"https://fd8-photos.leclercdrive.fr/image.ashx?id=2571929&use=l&cat=p&typeid=i","cat":284635},{"id":10122,"n":"Mini gratins Côté Table Aux 3 légumes - x4 480g","p":3.12,"u":"6,50 €/KG","img":"https://fd8-photos.leclercdrive.fr/image.ashx?id=2074419&use=l&cat=p&typeid=i","cat":319802},{"id":10125,"n":"Rösti Pom'Lisse 600g","p":1.39,"u":"2,32 €/KG","img":"https://fd8-photos.leclercdrive.fr/image.ashx?id=2704648&use=l&cat=p&typeid=i","cat":319792},{"id":10126,"n":"Pomme de terre Patato Rigolo Pom'Lisse 750g","p":1.94,"u":"2,59 €/KG","img":"https://fd8-photos.leclercdrive.fr/image.ashx?id=2699672&use=l&cat=p&typeid=i","cat":319792},{"id":10154,"n":"Boules pralinées Jacquot Chocolat lait - 1kg","p":9.44,"u":"9,44 €/KG","img":"https://fd8-photos.leclercdrive.fr/image.ashx?id=2303300&use=l&cat=p&typeid=i","cat":327595},{"id":10163,"n":"Palets légumes Notre Jardin Choux-fleurs Brocolis - x8 300g","p":2.2,"u":"7,33 €/KG","img":"https://fd8-photos.leclercdrive.fr/image.ashx?id=2878714&use=l&cat=p&typeid=i","cat":319802},{"id":10192,"n":"Olives Vertes Tramier  Dénoyautées 160g","p":1.82,"u":"11,38 €/KG","img":"https://fd8-photos.leclercdrive.fr/image.ashx?id=2363829&use=l&cat=p&typeid=i","cat":284458},{"id":10211,"n":"Pâtes Nouilles Turini 1kg","p":1.35,"u":"1,35 €/KG","img":"https://fd8-photos.leclercdrive.fr/image.ashx?id=2980444&use=l&cat=p&typeid=i","cat":284427},{"id":10212,"n":"Rubans anti-mouches Insectivor x4","p":0.85,"u":"0,21 €/P","img":"https://fd8-photos.leclercdrive.fr/image.ashx?id=2555077&use=l&cat=p&typeid=i","cat":298368},{"id":10215,"n":"Sauce Basquaise Rustica Aux 2 poivrons - 400g","p":1.29,"u":"3,23 €/KG","img":"https://fd8-photos.leclercdrive.fr/image.ashx?id=2887398&use=l&cat=p&typeid=i","cat":287599},{"id":10216,"n":"Sauce Aigre Douce Rustica Légumes croquants - 400g","p":1.28,"u":"3,20 €/KG","img":"https://fd8-photos.leclercdrive.fr/image.ashx?id=2887401&use=l&cat=p&typeid=i","cat":287599},{"id":10217,"n":"Sauce Curry Rustica Légumes et lait de coco - 400g","p":1.31,"u":"3,28 €/KG","img":"https://fd8-photos.leclercdrive.fr/image.ashx?id=2887404&use=l&cat=p&typeid=i","cat":287599},{"id":10220,"n":"Tampons Doulys Compact Normal - x20","p":2.24,"u":"0,11 €/P","img":"https://fd8-photos.leclercdrive.fr/image.ashx?id=2965464&use=l&cat=p&typeid=i","cat":284626},{"id":10223,"n":"Framboises entières  Douceur du Verger 1kg","p":9.61,"u":"9,61 €/KG","img":"https://fd8-photos.leclercdrive.fr/image.ashx?id=2620881&use=l&cat=p&typeid=i","cat":284268},{"id":10227,"n":"Mini gratins Côté Table Dauphinois - x4 480g","p":2.99,"u":"6,23 €/KG","img":"https://fd8-photos.leclercdrive.fr/image.ashx?id=2627640&use=l&cat=p&typeid=i","cat":319802},{"id":10231,"n":"Confiture Douceur du verger Framboises - Allégée - 340g","p":1.24,"u":"3,65 €/KG","img":"https://fd8-photos.leclercdrive.fr/image.ashx?id=2965473&use=l&cat=p&typeid=i","cat":284480},{"id":10232,"n":"Confiture Douceur du Verger Allégée Pêche 340g","p":1.32,"u":"3,88 €/KG","img":"https://fd8-photos.leclercdrive.fr/image.ashx?id=2965476&use=l&cat=p&typeid=i","cat":284480},{"id":10244,"n":"Thon entier Pêche Océan Naturel - 280g","p":3.72,"u":"13,29 €/KG","img":"https://fd8-photos.leclercdrive.fr/image.ashx?id=2941414&use=l&cat=p&typeid=i","cat":303867},{"id":10344,"n":"Petit Beurre Pocket P'ti Déli 3x12 sachets 300g","p":1.68,"u":"5,60 €/KG","img":"https://fd8-photos.leclercdrive.fr/image.ashx?id=1965518&use=l&cat=p&typeid=i","cat":284487},{"id":10346,"n":"Vinaigrette allégée Rustica Balsamique huile d'olive - 50cl","p":2.49,"u":"4,98 €/L","img":"https://fd8-photos.leclercdrive.fr/image.ashx?id=1972913&use=l&cat=p&typeid=i","cat":284456},{"id":10348,"n":"Huile de noix Rustica 50cl","p":4.68,"u":"9,36 €/L","img":"https://fd8-photos.leclercdrive.fr/image.ashx?id=2523703&use=l&cat=p&typeid=i","cat":284453},{"id":10351,"n":"Sacs à couche Mots d'Enfant Parfumés - x50","p":1.6,"u":"0,03 €/P","img":"https://fd8-photos.leclercdrive.fr/image.ashx?id=1886564&use=l&cat=p&typeid=i","cat":284737},{"id":10356,"n":"Bloc bureau Esquisse - 80 pages Seyes - 21x31.5cm","p":2.79,"img":"https://fd8-photos.leclercdrive.fr/image.ashx?id=2943187&use=l&cat=p&typeid=i","cat":284697},{"id":10379,"n":"Riz long blanc parfumé Dragon 2kg","p":4.87,"u":"2,44 €/KG","img":"https://fd8-photos.leclercdrive.fr/image.ashx?id=2594926&use=l&cat=p&typeid=i","cat":288993},{"id":10398,"n":"Biscuit apéritif ancel Bretzels Maxi - 200g","p":0.83,"u":"4,15 €/KG","img":"https://fd8-photos.leclercdrive.fr/image.ashx?id=2991813&use=l&cat=p&typeid=i","cat":297000},{"id":10408,"n":"Boisson végétale Riz nature Bjorg Bio - 1L","p":1.9,"u":"1,90 €/L","img":"https://fd8-photos.leclercdrive.fr/image.ashx?id=2970915&use=l&cat=p&typeid=i","cat":316067},{"id":10417,"n":"AOP Fitou rouge Réserve Saint Esteve - 75cl","p":3.99,"pp":2.79,"u":"3,72 €/L","img":"https://fd8-photos.leclercdrive.fr/image.ashx?id=2407295&use=l&cat=p&typeid=i","cat":289556},{"id":10465,"n":"Adoucissant Hyperdou Pure caresse - 3x250ml","p":1.19,"u":"1,59 €/L","img":"https://fd8-photos.leclercdrive.fr/image.ashx?id=2809078&use=l&cat=p&typeid=i","cat":284650},{"id":10578,"n":"Oeufs Matines Poules élevées en plein air x6","p":1.92,"u":"5,52 €/KG","img":"https://fd8-photos.leclercdrive.fr/image.ashx?id=2795743&use=l&cat=p&typeid=i","cat":284378},{"id":10591,"n":"Spray vitrocéramique Clair 500ml","p":3.42,"u":"6,84 €/L","img":"https://fd8-photos.leclercdrive.fr/image.ashx?id=2860073&use=l&cat=p&typeid=i","cat":325363},{"id":10637,"n":"Crème entière Délisse Fluide - 30% MG - 2x25cl","p":2.72,"u":"5,44 €/L","img":"https://fd8-photos.leclercdrive.fr/image.ashx?id=3002560&use=l&cat=p&typeid=i","cat":284381},{"id":10638,"n":"Crème légère fluide UHT Délisse 12%mg - 2x25cl","p":2.36,"u":"4,72 €/L","img":"https://fd8-photos.leclercdrive.fr/image.ashx?id=3002563&use=l&cat=p&typeid=i","cat":284381},{"id":10641,"n":"Yaourts lait entier nature Bio Bio village - 4x125g","p":0.95,"u":"1,90 €/KG","img":"https://fd8-photos.leclercdrive.fr/image.ashx?id=2743831&use=l&cat=p&typeid=i","cat":284409},{"id":10655,"n":"IGP Pays d'Oc rouge Cabernet Sauvignon 12.5% vol - 75cl","p":2.87,"u":"3,83 €/L","img":"https://fd8-photos.leclercdrive.fr/image.ashx?id=2189904&use=l&cat=p&typeid=i","cat":289556},{"id":10658,"n":"Beurre gastronomique Président Doux - 82% MG - 125g","p":1.78,"u":"14,24 €/KG","img":"https://fd8-photos.leclercdrive.fr/image.ashx?id=2740592&use=l&cat=p&typeid=i","cat":284379},{"id":10674,"n":"Soda Coca-Cola Bouteille - 6x50cl","p":6.4,"u":"2,13 €/L","img":"https://fd8-photos.leclercdrive.fr/image.ashx?id=2885414&use=l&cat=p&typeid=i","cat":284530},{"id":10677,"n":"Levure boulangère Fala 42g","p":0.44,"u":"10,48 €/KG","img":"https://fd8-photos.leclercdrive.fr/image.ashx?id=587584&use=l&cat=p&typeid=i","cat":294686},{"id":10682,"n":"Pommes Golden  1kg","p":2.68,"u":"2,68 €/KG","img":"https://fd8-photos.leclercdrive.fr/image.ashx?id=1630948&use=l&cat=p&typeid=i","cat":284356},{"id":10690,"n":"Poêlée côté sud Paysan Breton 750g","p":3.66,"u":"4,88 €/KG","img":"https://fd8-photos.leclercdrive.fr/image.ashx?id=2882397&use=l&cat=p&typeid=i","cat":319823},{"id":10703,"n":"Thon blanc entier Connétable Huile d'olive - 160g","p":3.2,"u":"20,00 €/KG","img":"https://fd8-photos.leclercdrive.fr/image.ashx?id=2910127&use=l&cat=p&typeid=i","cat":303867},{"id":10753,"n":"Mousse au chocolat Marie Morin A l'ancienne - 100g","p":2.11,"u":"21,10 €/KG","img":"https://fd8-photos.leclercdrive.fr/image.ashx?id=2631684&use=l&cat=p&typeid=i","cat":284417},{"id":10766,"n":"Pain d'épices P'tit Déli 350g","p":1.81,"u":"5,17 €/KG","img":"https://fd8-photos.leclercdrive.fr/image.ashx?id=1938852&use=l&cat=p&typeid=i","cat":284493},{"id":10767,"n":"Riz cantonais Comptoir du Grain Express 2 min - 250g","p":1.19,"u":"4,76 €/KG","img":"https://fd8-photos.leclercdrive.fr/image.ashx?id=2441198&use=l&cat=p&typeid=i","cat":287600},{"id":10781,"n":"Chair de tomate Notre Jardin Nature - 400g","p":1.99,"u":"4,98 €/KG","img":"https://fd8-photos.leclercdrive.fr/image.ashx?id=2590436&use=l&cat=p&typeid=i","cat":312608},{"id":10787,"n":"Huile de colza Bio Village Bio - 75cl","p":3.79,"u":"5,05 €/L","img":"https://fd8-photos.leclercdrive.fr/image.ashx?id=2989715&use=l&cat=p&typeid=i","cat":284453},{"id":10788,"n":"Moutarde de Dijon Bio Village Bio - 200g","p":1.54,"u":"7,70 €/KG","img":"https://fd8-photos.leclercdrive.fr/image.ashx?id=2607954&use=l&cat=p&typeid=i","cat":288850},{"id":10795,"n":"Moutarde de Dijon NRT À l'ancienne - 200g","p":1.39,"u":"6,95 €/KG","img":"https://fd8-photos.leclercdrive.fr/image.ashx?id=2644921&use=l&cat=p&typeid=i","cat":288850},{"id":10927,"n":"Noix de cajou grilées Eco+ Salées - 125g","p":1.34,"u":"10,72 €/KG","img":"https://fd8-photos.leclercdrive.fr/image.ashx?id=2839815&use=l&cat=p&typeid=i","cat":284448},{"id":10928,"n":"Mélange Eco+ Graines et raisin - 200g","p":1.45,"u":"7,25 €/KG","img":"https://fd8-photos.leclercdrive.fr/image.ashx?id=2780713&use=l&cat=p&typeid=i","cat":284448},{"id":10929,"n":"Madeleines longues Eco+ 250g","p":0.89,"u":"3,56 €/KG","img":"https://fd8-photos.leclercdrive.fr/image.ashx?id=2875672&use=l&cat=p&typeid=i","cat":284492},{"id":10930,"n":"Chocolat pâtissier Eco+ Spécial dessert 200g","p":1.59,"u":"7,95 €/KG","img":"https://fd8-photos.leclercdrive.fr/image.ashx?id=2793140&use=l&cat=p&typeid=i","cat":285562},{"id":10933,"n":"Huile olive Eco+ Extra vierge - 1L","p":6.67,"u":"6,67 €/L","img":"https://fd8-photos.leclercdrive.fr/image.ashx?id=2699547&use=l&cat=p&typeid=i","cat":284453},{"id":10938,"n":"Barquette chien Eco+ Au boeuf - 300g","p":0.52,"u":"1,73 €/KG","img":"https://fd8-photos.leclercdrive.fr/image.ashx?id=2052829&use=l&cat=p&typeid=i","cat":284673},{"id":10945,"n":"Boules de graisse Eco+ x6 - 540g","p":0.79,"u":"1,46 €/KG","img":"https://fd8-photos.leclercdrive.fr/image.ashx?id=2220275&use=l&cat=p&typeid=i","cat":284678},{"id":10956,"n":"Pain de campagne tranché   400g","p":1.8,"u":"4,50 €/KG","img":"https://fd8-photos.leclercdrive.fr/image.ashx?id=2062918&use=l&cat=p&typeid=i","cat":284359},{"id":10970,"n":"Jus de clémentines Andros  Clémentines Pressées - 1L","p":2.95,"u":"2,95 €/L","img":"https://fd8-photos.leclercdrive.fr/image.ashx?id=2882647&use=l&cat=p&typeid=i","cat":285435},{"id":10971,"n":"Jus de pommes pressées Andros 1L","p":2.49,"u":"2,49 €/L","img":"https://fd8-photos.leclercdrive.fr/image.ashx?id=2882644&use=l&cat=p&typeid=i","cat":285435},{"id":10979,"n":"Haricots Verts Bonduelle Extra-fins 1kg","p":2.63,"u":"2,63 €/KG","img":"https://fd8-photos.leclercdrive.fr/image.ashx?id=2876152&use=l&cat=p&typeid=i","cat":319805},{"id":10994,"n":"Gâteaux P'tit Déli Pépites de chocolat 10x30g","p":1.89,"u":"6,30 €/KG","img":"https://fd8-photos.leclercdrive.fr/image.ashx?id=1947354&use=l&cat=p&typeid=i","cat":284495},{"id":11003,"n":"Compote Douceur du Verger Coupelle pomme poire - 4x100g","p":1.34,"u":"3,35 €/KG","img":"https://fd8-photos.leclercdrive.fr/image.ashx?id=2663488&use=l&cat=p&typeid=i","cat":284508},{"id":11024,"n":"Mayonnaise Rustica A la moutarde de Dijon - 175g","p":0.66,"u":"3,77 €/KG","img":"https://fd8-photos.leclercdrive.fr/image.ashx?id=2954349&use=l&cat=p&typeid=i","cat":298295},{"id":11033,"n":"Compote Douceur du Verger Gourdes pomme - 4x90g","p":0.99,"u":"2,75 €/KG","img":"https://fd8-photos.leclercdrive.fr/image.ashx?id=2837042&use=l&cat=p&typeid=i","cat":284508},{"id":11034,"n":"Terrine de campagne Côté Table Porc confit - 2x180g","p":2.79,"u":"7,75 €/KG","img":"https://fd8-photos.leclercdrive.fr/image.ashx?id=2519426&use=l&cat=p&typeid=i","cat":305149},{"id":11037,"n":"Sauce tomate Italienne Zapetti - 3x190g","p":3.46,"u":"6,07 €/KG","img":"https://fd8-photos.leclercdrive.fr/image.ashx?id=2579975&use=l&cat=p&typeid=i","cat":288384},{"id":11042,"n":"Crêpes Côté Table Fromage fondu x20 1kg","p":3.29,"u":"3,29 €/KG","img":"https://fd8-photos.leclercdrive.fr/image.ashx?id=2756849&use=l&cat=p&typeid=i","cat":319776},{"id":11046,"n":"Duo de riz Camargue Bio village Bio  - 500g","p":3.9,"u":"7,80 €/KG","img":"https://fd8-photos.leclercdrive.fr/image.ashx?id=2477008&use=l&cat=p&typeid=i","cat":284428},{"id":11152,"n":"Pomme de terre Ratte du Touquet Nos Régions ont du Talent 1kg","p":1.99,"u":"1,99 €/KG","img":"https://fd8-photos.leclercdrive.fr/image.ashx?id=2581857&use=l&cat=p&typeid=i","cat":284352},{"id":11153,"n":"Truite fumée Ovive Pyrénées 4 tranches - 120g","p":5.89,"u":"49,08 €/KG","img":"https://fd8-photos.leclercdrive.fr/image.ashx?id=2887848&use=l&cat=p&typeid=i","cat":285188},{"id":11178,"n":"Plat bébé soir Blédiner 12 mois Pâtes tomate courgette - 2x200g","p":2.36,"u":"5,90 €/KG","img":"https://fd8-photos.leclercdrive.fr/image.ashx?id=2902966&use=l&cat=p&typeid=i","cat":312239},{"id":11225,"n":"AOP Blaye Côtes de Bordeaux vin rouge Chantet Blanet - BIB 3L","p":11.99,"u":"4,00 €/L","img":"https://fd8-photos.leclercdrive.fr/image.ashx?id=2780719&use=l&cat=p&typeid=i","cat":289560},{"id":11292,"n":"AOC Clairette de Die Jaillance Esprit de terroirTradition 75cl","p":5.95,"u":"7,93 €/L","img":"https://fd8-photos.leclercdrive.fr/image.ashx?id=2453499&use=l&cat=p&typeid=i","cat":284545},{"id":11308,"n":"Couscous Tipiak - Grain moyen Prêt en 4 min - 1kg","p":1.82,"u":"1,82 €/KG","img":"https://fd8-photos.leclercdrive.fr/image.ashx?id=2947826&use=l&cat=p&typeid=i","cat":284429},{"id":11309,"n":"Fromage de Brebis Le Brebiou  Des Pyrénées - 180g","p":3.17,"u":"17,61 €/KG","img":"https://fd8-photos.leclercdrive.fr/image.ashx?id=2472855&use=l&cat=p&typeid=i","cat":314031},{"id":11365,"n":"Crème aux oeufs La Laitière Vanille - 4x100g","p":1.77,"u":"4,43 €/KG","img":"https://fd8-photos.leclercdrive.fr/image.ashx?id=3007987&use=l&cat=p&typeid=i","cat":284419},{"id":11367,"n":"Yaourt à la grecque YAOS Nature - 4x150g","p":2.1,"u":"3,50 €/KG","img":"https://fd8-photos.leclercdrive.fr/image.ashx?id=2365006&use=l&cat=p&typeid=i","cat":314999},{"id":11391,"n":"Crème caramel Bonne Maman Aux oeufs frais - 4x100g","p":2.07,"u":"5,18 €/KG","img":"https://fd8-photos.leclercdrive.fr/image.ashx?id=1987563&use=l&cat=p&typeid=i","cat":284419},{"id":11455,"n":"Pasta Box Sodebo Tortellini Ricotta Épinards - 280g","p":2.77,"u":"9,89 €/KG","img":"https://fd8-photos.leclercdrive.fr/image.ashx?id=2919778&use=l&cat=p&typeid=i","cat":334983},{"id":11464,"n":"Pointe de brie Président Crémeux - 200g","p":1.99,"u":"9,95 €/KG","img":"https://fd8-photos.leclercdrive.fr/image.ashx?id=2029841&use=l&cat=p&typeid=i","cat":314033},{"id":11465,"n":"Beurre La Motte Président Demi-sel - 80%MG - 250g","p":3.29,"u":"13,16 €/KG","img":"https://fd8-photos.leclercdrive.fr/image.ashx?id=2896970&use=l&cat=p&typeid=i","cat":284379},{"id":11481,"n":"Salade Coleslaw Pierre Martinet Chou et carottes rapées - 500g","p":2.68,"u":"5,36 €/KG","img":"https://fd8-photos.leclercdrive.fr/image.ashx?id=2733076&use=l&cat=p&typeid=i","cat":333657},{"id":11501,"n":"Yaourts Mamie Nova Cerise griotte - 2x150g","p":1.26,"u":"4,20 €/KG","img":"https://fd8-photos.leclercdrive.fr/image.ashx?id=2912245&use=l&cat=p&typeid=i","cat":284410},{"id":11503,"n":"Crème gourmande Mamie Nova Vanille bourbon 2x150g","p":1.53,"u":"5,10 €/KG","img":"https://fd8-photos.leclercdrive.fr/image.ashx?id=2909017&use=l&cat=p&typeid=i","cat":285041},{"id":11507,"n":"Yaourts Mamie Nova Noix de coco - 2x150g","p":1.37,"u":"4,57 €/KG","img":"https://fd8-photos.leclercdrive.fr/image.ashx?id=2888488&use=l&cat=p&typeid=i","cat":284410},{"id":11508,"n":"Lait céréales Blédidej 6 mois Biscuit  - 4x250ml","p":3.51,"u":"3,51 €/L","img":"https://fd8-photos.leclercdrive.fr/image.ashx?id=2921040&use=l&cat=p&typeid=i","cat":312226},{"id":11509,"n":"Feuille de brick Tablier Blanc 8 feuilles - 136g","p":0.77,"u":"5,66 €/KG","img":"https://fd8-photos.leclercdrive.fr/image.ashx?id=1938558&use=l&cat=p&typeid=i","cat":333681},{"id":11527,"n":"Essuie-tout blanc Mimosa Super absorbant - x6","p":3.74,"u":"0,62 €/P","img":"https://fd8-photos.leclercdrive.fr/image.ashx?id=2713262&use=l&cat=p&typeid=i","cat":284635},{"id":11561,"n":"Boisson sans alcool D'Artigny Classic - 75cl","p":3.29,"u":"4,39 €/L","img":"https://fd8-photos.leclercdrive.fr/image.ashx?id=2804430&use=l&cat=p&typeid=i","cat":289460},{"id":11587,"n":"Papier toilette Mimosa Rose - Ultra doux - x12","p":2.82,"u":"0,24 €/P","img":"https://fd8-photos.leclercdrive.fr/image.ashx?id=2790919&use=l&cat=p&typeid=i","cat":284634},{"id":11704,"n":"Bas clip Tissaia voile brillant Beige T1/2","p":4.2,"img":"https://fd8-photos.leclercdrive.fr/image.ashx?id=2193293&use=l&cat=p&typeid=i","cat":334130},{"id":11878,"n":"AOC Bordeaux vin rouge Chantet Blanet - BIB 3L","p":9.99,"u":"3,33 €/L","img":"https://fd8-photos.leclercdrive.fr/image.ashx?id=2708456&use=l&cat=p&typeid=i","cat":289560},{"id":11879,"n":"AOC Côtes du Rhône vin rouge Grégoire XI - BIB 3L","p":9.99,"u":"3,33 €/L","img":"https://fd8-photos.leclercdrive.fr/image.ashx?id=2920169&use=l&cat=p&typeid=i","cat":289560},{"id":11880,"n":"AOC Vouvray brut Les Caractères - 75cl","p":5.99,"u":"7,99 €/L","img":"https://fd8-photos.leclercdrive.fr/image.ashx?id=2961665&use=l&cat=p&typeid=i","cat":284544},{"id":11886,"n":"IGP Pays d'Oc Gris vin rosé Rives & Terrasses 12.5% BIB 3L","p":8.49,"u":"2,83 €/L","img":"https://fd8-photos.leclercdrive.fr/image.ashx?id=2909383&use=l&cat=p&typeid=i","cat":289560},{"id":11888,"n":"AOC Crémant d'Alsace brut rosé Rebmann - 75 cl","p":5.95,"u":"7,93 €/L","img":"https://fd8-photos.leclercdrive.fr/image.ashx?id=2682651&use=l&cat=p&typeid=i","cat":284545},{"id":12000,"n":"Couscous Comptoir du Grain Grain moyen - 5x100g","p":0.84,"u":"1,68 €/KG","img":"https://fd8-photos.leclercdrive.fr/image.ashx?id=3012815&use=l&cat=p&typeid=i","cat":284429},{"id":12014,"n":"Riz Basmati Vivien Paille 1kg","p":3.41,"u":"3,41 €/KG","img":"https://fd8-photos.leclercdrive.fr/image.ashx?id=2326361&use=l&cat=p&typeid=i","cat":284428},{"id":12078,"n":"Pâte à tartiner Nustikao 400g","p":1.83,"u":"4,58 €/KG","img":"https://fd8-photos.leclercdrive.fr/image.ashx?id=2856411&use=l&cat=p&typeid=i","cat":284481},{"id":12102,"n":"Roquette Notre Jardin  - 125g","p":1.42,"u":"11,36 €/KG","img":"https://fd8-photos.leclercdrive.fr/image.ashx?id=2654465&use=l&cat=p&typeid=i","cat":284353},{"id":12122,"n":"Vermicelles de riz Suzi Wan 250g","p":2.07,"u":"8,28 €/KG","img":"https://fd8-photos.leclercdrive.fr/image.ashx?id=3002183&use=l&cat=p&typeid=i","cat":288992},{"id":12129,"n":"Vermicelles soja Suzi Wan 100g","p":1.85,"u":"18,50 €/KG","img":"https://fd8-photos.leclercdrive.fr/image.ashx?id=2886259&use=l&cat=p&typeid=i","cat":288992},{"id":12131,"n":"Crème coco Suzi Wan 200ml","p":1.29,"u":"6,45 €/L","img":"https://fd8-photos.leclercdrive.fr/image.ashx?id=2886250&use=l&cat=p&typeid=i","cat":288992},{"id":12233,"n":"Jus ananas Pago 75cl","p":1.9,"u":"2,53 €/L","img":"https://fd8-photos.leclercdrive.fr/image.ashx?id=2985702&use=l&cat=p&typeid=i","cat":284916},{"id":12235,"n":"Tapenade olives vertes NRT 90g","p":1.84,"u":"20,44 €/KG","img":"https://fd8-photos.leclercdrive.fr/image.ashx?id=2839986&use=l&cat=p&typeid=i","cat":284451},{"id":12236,"n":"Spaghetti d'Alsace NRT 250g","p":1.39,"u":"5,56 €/KG","img":"https://fd8-photos.leclercdrive.fr/image.ashx?id=2839983&use=l&cat=p&typeid=i","cat":284427},{"id":12241,"n":"Pâte à pizza Tablier Blanc Herbes de Provence - 500g","p":1.99,"u":"3,98 €/KG","img":"https://fd8-photos.leclercdrive.fr/image.ashx?id=1731164&use=l&cat=p&typeid=i","cat":333681},{"id":12242,"n":"Rillettes de saumon MSC Ronde des mers - 150g","p":1.99,"u":"13,27 €/KG","img":"https://fd8-photos.leclercdrive.fr/image.ashx?id=2552424&use=l&cat=p&typeid=i","cat":285191},{"id":12243,"n":"Rillettes de thon MSC Ronde des mers - 150g","p":1.99,"u":"13,27 €/KG","img":"https://fd8-photos.leclercdrive.fr/image.ashx?id=2644873&use=l&cat=p&typeid=i","cat":285191},{"id":12249,"n":"Torsades d'Alsace NRT 250g","p":1.39,"u":"5,56 €/KG","img":"https://fd8-photos.leclercdrive.fr/image.ashx?id=2839980&use=l&cat=p&typeid=i","cat":284427},{"id":12258,"n":"Gros sel de l'Ile de Ré NRT Sachet -1kg","p":1.69,"u":"1,69 €/KG","img":"https://fd8-photos.leclercdrive.fr/image.ashx?id=2644912&use=l&cat=p&typeid=i","cat":284457},{"id":12259,"n":"Fromage Mimolette vieille NRT  Label Rouge  - 200g","p":3.65,"u":"18,25 €/KG","img":"https://fd8-photos.leclercdrive.fr/image.ashx?id=2934829&use=l&cat=p&typeid=i","cat":314034},{"id":12261,"n":"Double concentré tomates Turini 3X70g","p":2.15,"u":"10,24 €/KG","img":"https://fd8-photos.leclercdrive.fr/image.ashx?id=3012394&use=l&cat=p&typeid=i","cat":288384},{"id":12342,"n":"Sucettes Chupa Chups Fresh cola - 192g","p":1.85,"u":"9,64 €/KG","img":"https://fd8-photos.leclercdrive.fr/image.ashx?id=2149489&use=l&cat=p&typeid=i","cat":304252},{"id":12362,"n":"Thon entier Pêche Océan Naturel - 2x140g","p":3.75,"u":"13,39 €/KG","img":"https://fd8-photos.leclercdrive.fr/image.ashx?id=2941423&use=l&cat=p&typeid=i","cat":303867},{"id":12363,"n":"Thon entier Pêche Océan Naturel - 3x93g","p":3.99,"u":"14,30 €/KG","img":"https://fd8-photos.leclercdrive.fr/image.ashx?id=2941411&use=l&cat=p&typeid=i","cat":303867},{"id":12365,"n":"Couscous royal Côté Table Volaille et merguez 980g","p":3.69,"u":"3,77 €/KG","img":"https://fd8-photos.leclercdrive.fr/image.ashx?id=2977144&use=l&cat=p&typeid=i","cat":325094},{"id":12373,"n":"Moutarde Rustica Mi-forte - 415g","p":1.28,"u":"3,08 €/KG","img":"https://fd8-photos.leclercdrive.fr/image.ashx?id=1961437&use=l&cat=p&typeid=i","cat":288850},{"id":12374,"n":"Purée de tomates Turini 3x200g","p":1.19,"u":"1,98 €/KG","img":"https://fd8-photos.leclercdrive.fr/image.ashx?id=2174684&use=l&cat=p&typeid=i","cat":288384},{"id":12376,"n":"Pâtes Alphabet Turini 500g","p":0.99,"u":"1,98 €/KG","img":"https://fd8-photos.leclercdrive.fr/image.ashx?id=2980797&use=l&cat=p&typeid=i","cat":284427},{"id":12380,"n":"Infusion Tiséa Digestion facilitée x25","p":0.99,"u":"24,75 €/KG","img":"https://fd8-photos.leclercdrive.fr/image.ashx?id=2696253&use=l&cat=p&typeid=i","cat":293234},{"id":12384,"n":"Thon entier Pêche Océan Huile de tournesol - 3x80g","p":2.49,"u":"10,38 €/KG","img":"https://fd8-photos.leclercdrive.fr/image.ashx?id=2941405&use=l&cat=p&typeid=i","cat":303867},{"id":12391,"n":"Sirop Frucci Fraise - 1L","p":3.5,"u":"3,50 €/L","img":"https://fd8-photos.leclercdrive.fr/image.ashx?id=2954076&use=l&cat=p&typeid=i","cat":295020},{"id":12397,"n":"Vin mousseux d'Union Européenne Brut Blazer - 75 cl","p":3.15,"u":"4,20 €/L","img":"https://fd8-photos.leclercdrive.fr/image.ashx?id=2623950&use=l&cat=p&typeid=i","cat":284544},{"id":12437,"n":"Sel fin de l'île de Ré NRT 250g","p":1.35,"u":"5,40 €/KG","img":"https://fd8-photos.leclercdrive.fr/image.ashx?id=2644909&use=l&cat=p&typeid=i","cat":284457},{"id":12438,"n":"Vinaigre Balsamique MAILLE Velours de Modène - 25cl","p":3.34,"u":"13,36 €/L","img":"https://fd8-photos.leclercdrive.fr/image.ashx?id=2889994&use=l&cat=p&typeid=i","cat":298543},{"id":12453,"n":"Soda Jean's Cola sans Caféine Zéro - Bouteille - 1,5L","p":0.96,"u":"0,64 €/L","img":"https://fd8-photos.leclercdrive.fr/image.ashx?id=2637865&use=l&cat=p&typeid=i","cat":284530},{"id":12464,"n":"Soda Jean's Cola Zéro Bouteille - 1,5L","p":0.45,"u":"0,30 €/L","img":"https://fd8-photos.leclercdrive.fr/image.ashx?id=2637883&use=l&cat=p&typeid=i","cat":284530},{"id":12467,"n":"Jus multifruits Jafaden Pur jus - 1L","p":1.99,"u":"1,99 €/L","img":"https://fd8-photos.leclercdrive.fr/image.ashx?id=2958705&use=l&cat=p&typeid=i","cat":284917},{"id":12469,"n":"100% Pur jus d'orange Jafaden  Sans pulpe - 1L","p":1.99,"u":"1,99 €/L","img":"https://fd8-photos.leclercdrive.fr/image.ashx?id=2842477&use=l&cat=p&typeid=i","cat":284521},{"id":12470,"n":"Pur Jus de raisin Bio Village Bio - 1L","p":2.29,"u":"2,29 €/L","img":"https://fd8-photos.leclercdrive.fr/image.ashx?id=2901518&use=l&cat=p&typeid=i","cat":284915},{"id":12501,"n":"Café soluble Plantation Sélection - 200g","p":4.53,"u":"22,65 €/KG","img":"https://fd8-photos.leclercdrive.fr/image.ashx?id=2834266&use=l&cat=p&typeid=i","cat":284843},{"id":12506,"n":"Marshmallows Copains Copines Vanille 300g","p":1.25,"u":"4,17 €/KG","img":"https://fd8-photos.leclercdrive.fr/image.ashx?id=2934646&use=l&cat=p&typeid=i","cat":304250},{"id":12513,"n":"Cornichons Maille Malossol A la russe 440g","p":3.64,"u":"8,27 €/KG","img":"https://fd8-photos.leclercdrive.fr/image.ashx?id=2076023&use=l&cat=p&typeid=i","cat":284458},{"id":12521,"n":"Miettes de thon Pêche Océan Huile de tournesol - 3x80g","p":2.35,"u":"9,79 €/KG","img":"https://fd8-photos.leclercdrive.fr/image.ashx?id=2943608&use=l&cat=p&typeid=i","cat":303867},{"id":12527,"n":"Chocolat Pâtissier Tablette dOr Noir - 200g","p":1.79,"u":"8,95 €/KG","img":"https://fd8-photos.leclercdrive.fr/image.ashx?id=2723356&use=l&cat=p&typeid=i","cat":285562},{"id":12529,"n":"Moutarde de Dijon Rustica  195g","p":1.25,"u":"6,41 €/KG","img":"https://fd8-photos.leclercdrive.fr/image.ashx?id=2954334&use=l&cat=p&typeid=i","cat":288850},{"id":12532,"n":"Café en grains Plantation Tradition - 1kg","p":10.15,"u":"10,15 €/KG","img":"https://fd8-photos.leclercdrive.fr/image.ashx?id=2856405&use=l&cat=p&typeid=i","cat":293237},{"id":12534,"n":"Café moulu Plantation  Fruité & délicat déca - 250g","p":3.69,"u":"14,76 €/KG","img":"https://fd8-photos.leclercdrive.fr/image.ashx?id=2856402&use=l&cat=p&typeid=i","cat":284750},{"id":12551,"n":"Raviolis légumes Bio Village Bio - 700g","p":2.53,"u":"3,61 €/KG","img":"https://fd8-photos.leclercdrive.fr/image.ashx?id=2717252&use=l&cat=p&typeid=i","cat":284442},{"id":12555,"n":"Mogette cuite au naturel NRT De Vendée - 530g","p":3.19,"u":"6,02 €/KG","img":"https://fd8-photos.leclercdrive.fr/image.ashx?id=2771025&use=l&cat=p&typeid=i","cat":312606},{"id":12557,"n":"Vinaigrette Rustica Echalote - 50cl","p":1.27,"u":"2,54 €/L","img":"https://fd8-photos.leclercdrive.fr/image.ashx?id=1972901&use=l&cat=p&typeid=i","cat":284456},{"id":12564,"n":"Châtaignes Notre Jardin Entières - 420g","p":5.09,"u":"12,12 €/KG","img":"https://fd8-photos.leclercdrive.fr/image.ashx?id=1965527&use=l&cat=p&typeid=i","cat":312612},{"id":12565,"n":"Haricots beurre Notre Jardin Extra fins - 220g","p":1.88,"u":"8,55 €/KG","img":"https://fd8-photos.leclercdrive.fr/image.ashx?id=2988039&use=l&cat=p&typeid=i","cat":312606},{"id":12566,"n":"Sel régénérant Eco+ 4kg","p":2.04,"u":"0,51 €/KG","img":"https://fd8-photos.leclercdrive.fr/image.ashx?id=2865236&use=l&cat=p&typeid=i","cat":284657},{"id":12573,"n":"Eponges Mamison salle de bain Décorées x2","p":0.99,"u":"0,50 €/P","img":"https://fd8-photos.leclercdrive.fr/image.ashx?id=2199055&use=l&cat=p&typeid=i","cat":284667},{"id":12581,"n":"Soupe Déshydratée Thaï KNORR Nouilles & Champignons - 70cl","p":1.35,"u":"1,93 €/L","img":"https://fd8-photos.leclercdrive.fr/image.ashx?id=2772554&use=l&cat=p&typeid=i","cat":284463},{"id":12584,"n":"Pain grillé bio Bio Village Blé complet x12 - 250g","p":1.77,"u":"7,08 €/KG","img":"https://fd8-photos.leclercdrive.fr/image.ashx?id=2619749&use=l&cat=p&typeid=i","cat":284479},{"id":12587,"n":"Compote Douceur du Verger Gourdes multivariétés - 12x90g","p":3.93,"u":"3,64 €/KG","img":"https://fd8-photos.leclercdrive.fr/image.ashx?id=2837039&use=l&cat=p&typeid=i","cat":284508},{"id":12588,"n":"Sel régénérant Visior Lave-vaisselle - 4x1kg","p":2.69,"u":"0,67 €/KG","img":"https://fd8-photos.leclercdrive.fr/image.ashx?id=2463401&use=l&cat=p&typeid=i","cat":284657},{"id":12591,"n":"Soupe déshydratée Knorr 9 légumes - 75cl","p":0.94,"u":"1,25 €/L","img":"https://fd8-photos.leclercdrive.fr/image.ashx?id=2790585&use=l&cat=p&typeid=i","cat":284463},{"id":12593,"n":"Soupe déshydratée Knorr 9 légumes - 105g","p":0.93,"u":"8,86 €/KG","img":"https://fd8-photos.leclercdrive.fr/image.ashx?id=2875930&use=l&cat=p&typeid=i","cat":284463},{"id":12601,"n":"Oignon Rustica Coupés - 100g","p":2.14,"u":"21,40 €/KG","img":"https://fd8-photos.leclercdrive.fr/image.ashx?id=2365466&use=l&cat=p&typeid=i","cat":319804},{"id":12602,"n":"Ciboulette Rustica Coupé - 50g","p":1.65,"u":"33,00 €/KG","img":"https://fd8-photos.leclercdrive.fr/image.ashx?id=2365460&use=l&cat=p&typeid=i","cat":319804},{"id":12605,"n":"Cornichons Maille Le Mini 210g","p":2.98,"u":"14,19 €/KG","img":"https://fd8-photos.leclercdrive.fr/image.ashx?id=2877310&use=l&cat=p&typeid=i","cat":284458},{"id":12606,"n":"Marmite bouillon Knorr Poule - 224g","p":1.9,"u":"8,48 €/KG","img":"https://fd8-photos.leclercdrive.fr/image.ashx?id=2960288&use=l&cat=p&typeid=i","cat":288379},{"id":12611,"n":"Crozets au Sarrasin NRT 400g","p":2.3,"u":"5,75 €/KG","img":"https://fd8-photos.leclercdrive.fr/image.ashx?id=2856220&use=l&cat=p&typeid=i","cat":284427},{"id":12634,"n":"Olives de Nyons AOP NRT Noires - 230g","p":3.48,"u":"15,13 €/KG","img":"https://fd8-photos.leclercdrive.fr/image.ashx?id=2704888&use=l&cat=p&typeid=i","cat":284458},{"id":12668,"n":"Pizza Cuite sur pierre Turini Jambon fromage - 3x350g","p":6.22,"u":"5,92 €/KG","img":"https://fd8-photos.leclercdrive.fr/image.ashx?id=2815232&use=l&cat=p&typeid=i","cat":284256},{"id":12669,"n":"Sauce Burger AMORA 260g","p":1.57,"u":"6,04 €/KG","img":"https://fd8-photos.leclercdrive.fr/image.ashx?id=2893853&use=l&cat=p&typeid=i","cat":318431},{"id":12670,"n":"Basilic Rustica Coupé - 50g","p":1.69,"u":"33,80 €/KG","img":"https://fd8-photos.leclercdrive.fr/image.ashx?id=2365463&use=l&cat=p&typeid=i","cat":319804},{"id":12674,"n":"Nids d'Alsace NRT 250g","p":1.39,"u":"5,56 €/KG","img":"https://fd8-photos.leclercdrive.fr/image.ashx?id=2839968&use=l&cat=p&typeid=i","cat":284427},{"id":12675,"n":"Pizza Cuite sur pierre Turini 4 fromages - 400g","p":2.71,"u":"6,78 €/KG","img":"https://fd8-photos.leclercdrive.fr/image.ashx?id=2815229&use=l&cat=p&typeid=i","cat":284256},{"id":12676,"n":"Pizza Cuite sur pierre Turini Chorizo - 400g","p":2.69,"u":"6,73 €/KG","img":"https://fd8-photos.leclercdrive.fr/image.ashx?id=2815226&use=l&cat=p&typeid=i","cat":284256},{"id":12684,"n":"Filets d'Anchois Pêche Océan Marinés à la provençale - 100g","p":1.99,"u":"19,90 €/KG","img":"https://fd8-photos.leclercdrive.fr/image.ashx?id=2993567&use=l&cat=p&typeid=i","cat":285190},{"id":12685,"n":"Biscuit P'tit Beurres chocolait P'tit Déli 268g","p":2.69,"u":"10,04 €/KG","img":"https://fd8-photos.leclercdrive.fr/image.ashx?id=2473975&use=l&cat=p&typeid=i","cat":284488},{"id":12706,"n":"Dentifrice Dentamyl Soin complet 75ml","p":0.76,"u":"10,13 €/L","img":"https://fd8-photos.leclercdrive.fr/image.ashx?id=2276480&use=l&cat=p&typeid=i","cat":284612},{"id":12729,"n":"Pânés poulet Le Gaulois x2 -  200g","p":2.13,"u":"10,65 €/KG","img":"https://fd8-photos.leclercdrive.fr/image.ashx?id=2261660&use=l&cat=p&typeid=i","cat":333684},{"id":12733,"n":"Bacon Herta superposé x15 150g","p":2.09,"u":"13,93 €/KG","img":"https://fd8-photos.leclercdrive.fr/image.ashx?id=2889325&use=l&cat=p&typeid=i","cat":316007},{"id":12739,"n":"Friand viande Côté Table 2x110g","p":1.65,"u":"7,50 €/KG","img":"https://fd8-photos.leclercdrive.fr/image.ashx?id=2820436&use=l&cat=p&typeid=i","cat":333671},{"id":12741,"n":"Emmental fromage râpé bio Bio village - 100g","p":1.49,"u":"14,90 €/KG","img":"https://fd8-photos.leclercdrive.fr/image.ashx?id=2757942&use=l&cat=p&typeid=i","cat":314035},{"id":12752,"n":"Filet Poulet blanc LR X2  IGP Volailles du Maine  - 240g","p":6.95,"u":"28,96 €/KG","img":"https://fd8-photos.leclercdrive.fr/image.ashx?id=2250558&use=l&cat=p&typeid=i","cat":284336},{"id":12794,"n":"Foie gras Pierre de Chaumeyrac IGP Entier du Sud Ouest - 240g","p":20.9,"u":"87,08 €/KG","img":"https://fd8-photos.leclercdrive.fr/image.ashx?id=2809072&use=l&cat=p&typeid=i","cat":316008},{"id":12816,"n":"Dentifrice blancheur Dentamyl Soin complet 75ml","p":0.98,"u":"13,07 €/L","img":"https://fd8-photos.leclercdrive.fr/image.ashx?id=2489110&use=l&cat=p&typeid=i","cat":284612},{"id":12916,"n":"Infusion bio Bio Village Digestion x20 - 30g","p":1.55,"u":"51,67 €/KG","img":"https://fd8-photos.leclercdrive.fr/image.ashx?id=2696286&use=l&cat=p&typeid=i","cat":293234},{"id":12917,"n":"Infusion bio Bio Village Pour le soir x20 - 30g","p":1.75,"u":"58,33 €/KG","img":"https://fd8-photos.leclercdrive.fr/image.ashx?id=2854261&use=l&cat=p&typeid=i","cat":293234},{"id":12925,"n":"Délice de tomates séchées NRT à la provençale - 90g","p":2.2,"u":"24,44 €/KG","img":"https://fd8-photos.leclercdrive.fr/image.ashx?id=2991163&use=l&cat=p&typeid=i","cat":315999},{"id":12927,"n":"Tapenade verte NRT à la provençale - 90g","p":2.5,"u":"27,78 €/KG","img":"https://fd8-photos.leclercdrive.fr/image.ashx?id=2991154&use=l&cat=p&typeid=i","cat":315999},{"id":12928,"n":"Tapenade noire NRT à la provençale - 90g","p":2.5,"u":"27,78 €/KG","img":"https://fd8-photos.leclercdrive.fr/image.ashx?id=2991085&use=l&cat=p&typeid=i","cat":315999},{"id":12930,"n":"Mélange forestier Notre Jardin 450g","p":2.56,"u":"5,69 €/KG","img":"https://fd8-photos.leclercdrive.fr/image.ashx?id=2873111&use=l&cat=p&typeid=i","cat":319823},{"id":12932,"n":"Escargots Maître Coquilles Préparés moyens x48 - 270g","p":10.99,"u":"40,70 €/KG","img":"https://fd8-photos.leclercdrive.fr/image.ashx?id=1979677&use=l&cat=p&typeid=i","cat":319775},{"id":12939,"n":"Lait Bio demi-écrémé Grandlait Candia Bouteille - 6x1L","p":10.46,"u":"1,74 €/L","img":"https://fd8-photos.leclercdrive.fr/image.ashx?id=2735086&use=l&cat=p&typeid=i","cat":284377},{"id":12965,"n":"Crêpes dentelles chocolat NRT 100g","p":1.82,"u":"18,20 €/KG","img":"https://fd8-photos.leclercdrive.fr/image.ashx?id=2770265&use=l&cat=p&typeid=i","cat":284490},{"id":12977,"n":"Tomato Ketchup Heinz Offre Limitée - 700g","p":2.95,"u":"0,42 €/L","img":"https://fd8-photos.leclercdrive.fr/image.ashx?id=2288815&use=l&cat=p&typeid=i","cat":284455},{"id":13072,"n":"Pâte de fruits Jacquot Grand Verger- 1kg","p":6.25,"u":"6,25 €/KG","img":"https://fd8-photos.leclercdrive.fr/image.ashx?id=2855175&use=l&cat=p&typeid=i","cat":327606},{"id":13253,"n":"Crayons de couleur Esquisse x18","p":1.45,"u":"0,08 €/P","img":"https://fd8-photos.leclercdrive.fr/image.ashx?id=2943169&use=l&cat=p&typeid=i","cat":284696},{"id":13292,"n":"Ardoise velleda Bic  Feutre + effaceur 19x26cm","p":3.37,"img":"https://fd8-photos.leclercdrive.fr/image.ashx?id=2314900&use=l&cat=p&typeid=i","cat":334133},{"id":13300,"n":"Tube de colle liquide Esquisse Transparente gel - 30ml","p":1.1,"u":"36,67 €/L","img":"https://fd8-photos.leclercdrive.fr/image.ashx?id=1928779&use=l&cat=p&typeid=i","cat":334133},{"id":13307,"n":"Sous chemises Esquisse 22x32cm - x50","p":3.59,"img":"https://fd8-photos.leclercdrive.fr/image.ashx?id=1928800&use=l&cat=p&typeid=i","cat":284745},{"id":13308,"n":"Chemises Esquisse 24x32cm x15","p":3.3,"img":"https://fd8-photos.leclercdrive.fr/image.ashx?id=1678706&use=l&cat=p&typeid=i","cat":284745},{"id":13321,"n":"Stylo bille Bic 4 couleurs - x1","p":1.17,"img":"https://fd8-photos.leclercdrive.fr/image.ashx?id=2730874&use=l&cat=p&typeid=i","cat":284696},{"id":13342,"n":"Thon entier Le Savoureux Huile d'olive - 160g","p":3.24,"u":"20,25 €/KG","img":"https://fd8-photos.leclercdrive.fr/image.ashx?id=2960159&use=l&cat=p&typeid=i","cat":303867},{"id":13356,"n":"IGP Fleur de sel Le Guérandais Tradition -  125g","p":2.83,"u":"22,64 €/KG","img":"https://fd8-photos.leclercdrive.fr/image.ashx?id=2457881&use=l&cat=p&typeid=i","cat":284457},{"id":13425,"n":"Beurre Moulé Paysan Breton Demi-sel - 80% MG - 500g","p":6.25,"u":"12,50 €/KG","img":"https://fd8-photos.leclercdrive.fr/image.ashx?id=2774499&use=l&cat=p&typeid=i","cat":284379},{"id":13428,"n":"Beurre Moulé Paysan Breton Demi-sel - 80% MG - 125g","p":1.76,"u":"14,08 €/KG","img":"https://fd8-photos.leclercdrive.fr/image.ashx?id=2939766&use=l&cat=p&typeid=i","cat":284379},{"id":13434,"n":"Dessert Empresure Malo Chocolat - 4x125g","p":1.9,"u":"3,80 €/KG","img":"https://fd8-photos.leclercdrive.fr/image.ashx?id=2842684&use=l&cat=p&typeid=i","cat":285041},{"id":13446,"n":"La Poêlée Celtique  Paysan Breton - 1kg","p":3.18,"u":"3,18 €/KG","img":"https://fd8-photos.leclercdrive.fr/image.ashx?id=2882394&use=l&cat=p&typeid=i","cat":319823},{"id":13503,"n":"Biscottes bio Bio Village Au germe de blé x36 - 300g","p":1.99,"u":"6,63 €/KG","img":"https://fd8-photos.leclercdrive.fr/image.ashx?id=2634881&use=l&cat=p&typeid=i","cat":284479},{"id":13532,"n":"Purée pomme de terre Pom'lisse Saveur d'antan - 4x125g - 500g","p":2.49,"u":"4,98 €/KG","img":"https://fd8-photos.leclercdrive.fr/image.ashx?id=2929867&use=l&cat=p&typeid=i","cat":284431},{"id":13553,"n":"Lentilles Express Vivien Paille Vertes du Puy - 250g","p":1.55,"u":"6,20 €/KG","img":"https://fd8-photos.leclercdrive.fr/image.ashx?id=2324036&use=l&cat=p&typeid=i","cat":312609},{"id":13559,"n":"Thé breakfast Britley 50 sachets - 100g","p":1.22,"u":"12,20 €/KG","img":"https://fd8-photos.leclercdrive.fr/image.ashx?id=2854225&use=l&cat=p&typeid=i","cat":293233},{"id":13585,"n":"Fleur de sel de l'Ile de Ré NRT 125g","p":2.49,"u":"19,92 €/KG","img":"https://fd8-photos.leclercdrive.fr/image.ashx?id=2644915&use=l&cat=p&typeid=i","cat":284457},{"id":13589,"n":"Fromage Brillat Savarin NRT  IGP - 200g","p":3.39,"u":"16,95 €/KG","img":"https://fd8-photos.leclercdrive.fr/image.ashx?id=2771064&use=l&cat=p&typeid=i","cat":329558},{"id":13604,"n":"Poissons panés au fromage Pêche Océan MSC - 180g","p":1.89,"u":"10,50 €/KG","img":"https://fd8-photos.leclercdrive.fr/image.ashx?id=2953608&use=l&cat=p&typeid=i","cat":284344},{"id":13605,"n":"Panés de colin Pêche Océan Colin d'Alaska - 200g","p":1.99,"u":"9,95 €/KG","img":"https://fd8-photos.leclercdrive.fr/image.ashx?id=2953605&use=l&cat=p&typeid=i","cat":284344},{"id":13607,"n":"Mandarines Clémenvilla  1.5kg","p":3.6,"u":"2,40 €/KG","img":"https://fd8-photos.leclercdrive.fr/image.ashx?id=1629007&use=l&cat=p&typeid=i","cat":284356},{"id":13637,"n":"Aiguillette poulet Le Gaulois Blanc - 210g","p":3.42,"u":"16,29 €/KG","img":"https://fd8-photos.leclercdrive.fr/image.ashx?id=2239564&use=l&cat=p&typeid=i","cat":284336},{"id":13639,"n":"Nougat tendre de Montélimar NRT  sachet 200g","p":3.49,"u":"17,45 €/KG","img":"https://fd8-photos.leclercdrive.fr/image.ashx?id=2791069&use=l&cat=p&typeid=i","cat":304249},{"id":13643,"n":"Biscuits nappés Bio Village Bio Chocolat au lait 200g","p":2.43,"u":"12,15 €/KG","img":"https://fd8-photos.leclercdrive.fr/image.ashx?id=1937516&use=l&cat=p&typeid=i","cat":284488},{"id":13648,"n":"Biscuit Croc Break P'tit Déli Lait et goût chocolat - 300g","p":1.24,"u":"4,13 €/KG","img":"https://fd8-photos.leclercdrive.fr/image.ashx?id=719346&use=l&cat=p&typeid=i","cat":284488},{"id":13678,"n":"Croûtons salade Epi d'Or Ail et fines herbes - 60g","p":0.6,"u":"10,00 €/KG","img":"https://fd8-photos.leclercdrive.fr/image.ashx?id=2606040&use=l&cat=p&typeid=i","cat":284464},{"id":13679,"n":"Croûtons salade Epi d'Or Nature - 60g","p":0.6,"u":"10,00 €/KG","img":"https://fd8-photos.leclercdrive.fr/image.ashx?id=2607909&use=l&cat=p&typeid=i","cat":284464},{"id":13681,"n":"Pâté pur porc Côtés Table 2 Foie 1 campagne - 3x78g","p":1.9,"u":"8,12 €/KG","img":"https://fd8-photos.leclercdrive.fr/image.ashx?id=2518505&use=l&cat=p&typeid=i","cat":305149},{"id":13682,"n":"Pâté de campagne Côté Table Pur porc - 3x78g","p":1.85,"u":"7,91 €/KG","img":"https://fd8-photos.leclercdrive.fr/image.ashx?id=2478763&use=l&cat=p&typeid=i","cat":305149},{"id":13683,"n":"Pâté de foie Côté Table Pur porc - 3x78g","p":1.99,"u":"8,50 €/KG","img":"https://fd8-photos.leclercdrive.fr/image.ashx?id=2518502&use=l&cat=p&typeid=i","cat":305149},{"id":13684,"n":"Bouillon de légumes Rustica Cubes - 12x10g","p":0.67,"u":"5,58 €/KG","img":"https://fd8-photos.leclercdrive.fr/image.ashx?id=1753198&use=l&cat=p&typeid=i","cat":288379},{"id":13689,"n":"Pop corn caramélisé Tokapi 100g","p":0.71,"u":"7,10 €/KG","img":"https://fd8-photos.leclercdrive.fr/image.ashx?id=2920175&use=l&cat=p&typeid=i","cat":304249},{"id":13692,"n":"Mini-flûtes feuilletéesTokapi Romarin - 100g","p":1.4,"u":"14,00 €/KG","img":"https://fd8-photos.leclercdrive.fr/image.ashx?id=2374052&use=l&cat=p&typeid=i","cat":297000},{"id":13694,"n":"Riz long Comptoir du Grain 500g","p":1.47,"u":"2,94 €/KG","img":"https://fd8-photos.leclercdrive.fr/image.ashx?id=2886534&use=l&cat=p&typeid=i","cat":284428},{"id":13696,"n":"Soufflés Snack's Tokapi Cacahuète - 90g","p":0.47,"u":"5,22 €/KG","img":"https://fd8-photos.leclercdrive.fr/image.ashx?id=2677026&use=l&cat=p&typeid=i","cat":284449},{"id":13698,"n":"Légumes couscous Notre Jardin 400g","p":1.43,"u":"3,58 €/KG","img":"https://fd8-photos.leclercdrive.fr/image.ashx?id=2854216&use=l&cat=p&typeid=i","cat":312612},{"id":13701,"n":"Riz Thaï Comptoir du Grain Sélection Riz long - 500g","p":1.79,"u":"3,58 €/KG","img":"https://fd8-photos.leclercdrive.fr/image.ashx?id=2565610&use=l&cat=p&typeid=i","cat":284428},{"id":13715,"n":"Croquettes chat Purina One Stérilisé - Boeuf/Blé-1.5kg","p":7.04,"u":"4,69 €/KG","img":"https://fd8-photos.leclercdrive.fr/image.ashx?id=2488040&use=l&cat=p&typeid=i","cat":284680},{"id":13719,"n":"Croquettes chat Purina One Adulte - Poulet/Céréales -1.5kg","p":6.52,"u":"4,35 €/KG","img":"https://fd8-photos.leclercdrive.fr/image.ashx?id=2537682&use=l&cat=p&typeid=i","cat":284680},{"id":13731,"n":"Barquettes chats Gourmet Gold Les mousselines - 12x85g","p":5.49,"u":"5,38 €/KG","img":"https://fd8-photos.leclercdrive.fr/image.ashx?id=2967046&use=l&cat=p&typeid=i","cat":285286},{"id":13733,"n":"Barquettes chats Gourmet Gold Les terrines - 12x85g","p":5.57,"u":"5,46 €/KG","img":"https://fd8-photos.leclercdrive.fr/image.ashx?id=2979069&use=l&cat=p&typeid=i","cat":285286},{"id":13742,"n":"Tablette chocolat Côte d'Or Truffé noir - 190g","p":3.67,"u":"19,32 €/KG","img":"https://fd8-photos.leclercdrive.fr/image.ashx?id=2938932&use=l&cat=p&typeid=i","cat":284956},{"id":13770,"n":"Croissants surgelés Epi d'Or Cuisson four - 6x60g","p":2.58,"u":"7,17 €/KG","img":"https://fd8-photos.leclercdrive.fr/image.ashx?id=2900088&use=l&cat=p&typeid=i","cat":284267},{"id":13776,"n":"Mouchoirs blancs 3 plis Caresse Boîte - x110","p":1.35,"u":"0,01 €/P","img":"https://fd8-photos.leclercdrive.fr/image.ashx?id=2858784&use=l&cat=p&typeid=i","cat":284638},{"id":13777,"n":"Lingettes bébé Eco+ Epaisses - x72","p":0.72,"u":"0,01 €/P","img":"https://fd8-photos.leclercdrive.fr/image.ashx?id=2874672&use=l&cat=p&typeid=i","cat":284738},{"id":13782,"n":"Déodorant Manava anti-traces 200ml","p":1.29,"u":"6,45 €/L","img":"https://fd8-photos.leclercdrive.fr/image.ashx?id=2692952&use=l&cat=p&typeid=i","cat":284595},{"id":13785,"n":"Shampooing Vitanove Réparateur - 250ml","p":1.45,"u":"5,80 €/L","img":"https://fd8-photos.leclercdrive.fr/image.ashx?id=1879257&use=l&cat=p&typeid=i","cat":284606},{"id":13786,"n":"Shampooing Vitanove Equilibrant - 250ml","p":1.79,"u":"7,16 €/L","img":"https://fd8-photos.leclercdrive.fr/image.ashx?id=1913165&use=l&cat=p&typeid=i","cat":284606},{"id":13787,"n":"Shampooing Vitanove Extra Color - 250ml","p":1.56,"u":"6,24 €/L","img":"https://fd8-photos.leclercdrive.fr/image.ashx?id=1889779&use=l&cat=p&typeid=i","cat":284606},{"id":13788,"n":"Après-shampooing Vitanove Extra color - 200ml","p":1.38,"u":"6,90 €/L","img":"https://fd8-photos.leclercdrive.fr/image.ashx?id=2618302&use=l&cat=p&typeid=i","cat":284607},{"id":13789,"n":"Shampooing Vitanove Lissant - 250ml","p":1.79,"u":"7,16 €/L","img":"https://fd8-photos.leclercdrive.fr/image.ashx?id=1907456&use=l&cat=p&typeid=i","cat":284606},{"id":13790,"n":"Après-shampooing Vitanove Lissant - 200ml","p":1.49,"u":"7,45 €/L","img":"https://fd8-photos.leclercdrive.fr/image.ashx?id=2934661&use=l&cat=p&typeid=i","cat":284607},{"id":13811,"n":"Nettoyant visage Argile Garnier Peaux à imperfections - 150ml","p":3.9,"u":"26,00 €/L","img":"https://fd8-photos.leclercdrive.fr/image.ashx?id=2867548&use=l&cat=p&typeid=i","cat":284603},{"id":13975,"n":"Salade Notre Jardin Mâche - 200g","p":1.52,"u":"7,60 €/KG","img":"https://fd8-photos.leclercdrive.fr/image.ashx?id=2662583&use=l&cat=p&typeid=i","cat":284353},{"id":13977,"n":"Salade Notre Jardin Coeurs de laitue - 320g","p":1.58,"u":"4,94 €/KG","img":"https://fd8-photos.leclercdrive.fr/image.ashx?id=2720142&use=l&cat=p&typeid=i","cat":284353},{"id":13991,"n":"Marrons Allaire Sous-vide - 2x200g","p":4.93,"u":"12,33 €/KG","img":"https://fd8-photos.leclercdrive.fr/image.ashx?id=2472282&use=l&cat=p&typeid=i","cat":312612},{"id":13992,"n":"Recharge savon mains Manava Gel lavande - 250ml","p":0.69,"u":"2,76 €/L","img":"https://fd8-photos.leclercdrive.fr/image.ashx?id=2935477&use=l&cat=p&typeid=i","cat":284597},{"id":13998,"n":"Pâte feuilletée Eco+ A dérouler - 230g","p":0.53,"u":"2,30 €/KG","img":"https://fd8-photos.leclercdrive.fr/image.ashx?id=2794178&use=l&cat=p&typeid=i","cat":333681},{"id":14007,"n":"Jambon de Bayonne IGP NRT 4 Grandes Tranches - 120g","p":3.63,"u":"30,25 €/KG","img":"https://fd8-photos.leclercdrive.fr/image.ashx?id=2670428&use=l&cat=p&typeid=i","cat":316007},{"id":14018,"n":"Chocolat Pâtissier Tablette dOr Noir corsé - 64% cacao - 200g","p":2.09,"u":"10,45 €/KG","img":"https://fd8-photos.leclercdrive.fr/image.ashx?id=2602349&use=l&cat=p&typeid=i","cat":285562},{"id":14027,"n":"Lingettes Hygiène intime Doulys x20","p":1.8,"img":"https://fd8-photos.leclercdrive.fr/image.ashx?id=1760077&use=l&cat=p&typeid=i","cat":284627},{"id":14029,"n":"Fromage Neufchâtel AOP  Nos Régions ont du Talent 200g","p":2.67,"u":"13,35 €/KG","img":"https://fd8-photos.leclercdrive.fr/image.ashx?id=2071227&use=l&cat=p&typeid=i","cat":329558},{"id":14031,"n":"Crème Décolorante Siliss Visage et Corps - 2x50ml","p":2.79,"u":"27,90 €/L","img":"https://fd8-photos.leclercdrive.fr/image.ashx?id=2743783&use=l&cat=p&typeid=i","cat":325351},{"id":14033,"n":"Crochets anti-mites Insectivor Cèdre 2x3ml","p":1.99,"u":"331,67 €/L","img":"https://fd8-photos.leclercdrive.fr/image.ashx?id=2849575&use=l&cat=p&typeid=i","cat":298368},{"id":14051,"n":"Confiture extra bio Bio Village Myrtilles - 370g","p":2.29,"u":"6,19 €/KG","img":"https://fd8-photos.leclercdrive.fr/image.ashx?id=2965620&use=l&cat=p&typeid=i","cat":284480},{"id":14061,"n":"Confiture poires williams NRT De la Valée du Rhône - 315g","p":2.83,"u":"8,98 €/KG","img":"https://fd8-photos.leclercdrive.fr/image.ashx?id=2699792&use=l&cat=p&typeid=i","cat":284480},{"id":14062,"n":"Préparation framboises NRT Du Massif Central - 315g","p":4.02,"u":"12,76 €/KG","img":"https://fd8-photos.leclercdrive.fr/image.ashx?id=2518526&use=l&cat=p&typeid=i","cat":284480},{"id":14063,"n":"Préparation NRT Agrumes de Corse - 315g","p":2.82,"u":"8,95 €/KG","img":"https://fd8-photos.leclercdrive.fr/image.ashx?id=779352&use=l&cat=p&typeid=i","cat":284480},{"id":14064,"n":"Préparation NRT Abricots d'Occitanie - 315g","p":2.87,"u":"9,11 €/KG","img":"https://fd8-photos.leclercdrive.fr/image.ashx?id=2590466&use=l&cat=p&typeid=i","cat":284480},{"id":14068,"n":"Miel Nid d'Abeille A tartiner - 500 g","p":3.19,"u":"6,38 €/KG","img":"https://fd8-photos.leclercdrive.fr/image.ashx?id=2693120&use=l&cat=p&typeid=i","cat":287643},{"id":14075,"n":"Lait de coco Tables du monde 400ml","p":1.52,"u":"3,80 €/L","img":"https://fd8-photos.leclercdrive.fr/image.ashx?id=1960758&use=l&cat=p&typeid=i","cat":288992},{"id":14081,"n":"Ratatouille Bio Village Bio A la provençale - 650g","p":2.35,"u":"3,62 €/KG","img":"https://fd8-photos.leclercdrive.fr/image.ashx?id=2762513&use=l&cat=p&typeid=i","cat":312612},{"id":14082,"n":"Miel de fleurs bio Bio Village 500g","p":4.99,"u":"9,98 €/KG","img":"https://fd8-photos.leclercdrive.fr/image.ashx?id=751557&use=l&cat=p&typeid=i","cat":287643},{"id":14087,"n":"Quenelles de veau Coté Table Sauce financière 400g","p":1.85,"u":"4,63 €/KG","img":"https://fd8-photos.leclercdrive.fr/image.ashx?id=2977864&use=l&cat=p&typeid=i","cat":284441},{"id":14088,"n":"Garnit bouchée reine Coté Table 400g","p":1.79,"u":"4,48 €/KG","img":"https://fd8-photos.leclercdrive.fr/image.ashx?id=2977150&use=l&cat=p&typeid=i","cat":284441},{"id":14092,"n":"Brandade de morue NRT de Nîmes - 150g","p":3.79,"u":"18,95 €/KG","img":"https://fd8-photos.leclercdrive.fr/image.ashx?id=2663833&use=l&cat=p&typeid=i","cat":285191},{"id":14093,"n":"Olives de Picholines NRT Vertes - 200g","p":3.52,"u":"17,60 €/KG","img":"https://fd8-photos.leclercdrive.fr/image.ashx?id=2704891&use=l&cat=p&typeid=i","cat":284458},{"id":14094,"n":"Confiture pêches de vigne NRT De la Valée du Rhône - 315g","p":3.03,"u":"9,62 €/KG","img":"https://fd8-photos.leclercdrive.fr/image.ashx?id=2657286&use=l&cat=p&typeid=i","cat":284480},{"id":14099,"n":"Spray nettoyant Eco+ avec Javel 750ml","p":0.87,"u":"1,16 €/L","img":"https://fd8-photos.leclercdrive.fr/image.ashx?id=2837003&use=l&cat=p&typeid=i","cat":325357},{"id":14107,"n":"Tielles sétoises NRT x2 - 220g","p":2.93,"u":"13,32 €/KG","img":"https://fd8-photos.leclercdrive.fr/image.ashx?id=2663830&use=l&cat=p&typeid=i","cat":285340},{"id":14111,"n":"Houmous Tables du Monde 200g","p":1.43,"u":"7,15 €/KG","img":"https://fd8-photos.leclercdrive.fr/image.ashx?id=2872258&use=l&cat=p&typeid=i","cat":315999},{"id":14114,"n":"Brosse à dents Dentamyl Médium x4","p":0.99,"u":"0,25 €/P","img":"https://fd8-photos.leclercdrive.fr/image.ashx?id=2790922&use=l&cat=p&typeid=i","cat":284614},{"id":14122,"n":"Bâtonnets crâbe Eco+ x24 - 400g","p":1.25,"u":"3,13 €/KG","img":"https://fd8-photos.leclercdrive.fr/image.ashx?id=2865239&use=l&cat=p&typeid=i","cat":285189},{"id":14124,"n":"Rosette pur porc Eco+ 12 tranches - 150g","p":1.24,"u":"8,27 €/KG","img":"https://fd8-photos.leclercdrive.fr/image.ashx?id=2728222&use=l&cat=p&typeid=i","cat":316007},{"id":14125,"n":"Pâté croûte Franche-Comté NRT x2 - 200g","p":3.35,"u":"16,75 €/KG","img":"https://fd8-photos.leclercdrive.fr/image.ashx?id=2670434&use=l&cat=p&typeid=i","cat":316003},{"id":14131,"n":"Désodorisant Visior Lave-vaisselle Citron - x2","p":1.29,"u":"0,65 €/P","img":"https://fd8-photos.leclercdrive.fr/image.ashx?id=2951119&use=l&cat=p&typeid=i","cat":284657},{"id":14132,"n":"Bloc wc javel Syphon 2x40g","p":1.46,"u":"18,25 €/KG","img":"https://fd8-photos.leclercdrive.fr/image.ashx?id=2302540&use=l&cat=p&typeid=i","cat":284662},{"id":14135,"n":"Brosse à dents Eco+ Médium x2","p":0.23,"u":"0,12 €/P","img":"https://fd8-photos.leclercdrive.fr/image.ashx?id=2783783&use=l&cat=p&typeid=i","cat":284614},{"id":14138,"n":"Lingettes dépoussiérantes Eco+ x40","p":1.76,"u":"0,04 €/P","img":"https://fd8-photos.leclercdrive.fr/image.ashx?id=2805972&use=l&cat=p&typeid=i","cat":325364},{"id":14140,"n":"Savon extra-doux Manava Douceur d'amande 6x100g","p":3.16,"u":"5,27 €/KG","img":"https://fd8-photos.leclercdrive.fr/image.ashx?id=2331312&use=l&cat=p&typeid=i","cat":284597},{"id":14144,"n":"Lingettes bébé Mots d'Enfants Débarbouillantes - x40","p":1.47,"u":"0,04 €/P","img":"https://fd8-photos.leclercdrive.fr/image.ashx?id=2856471&use=l&cat=p&typeid=i","cat":284738},{"id":14155,"n":"Gnocchi Turini à poêler 300g","p":0.89,"u":"2,97 €/KG","img":"https://fd8-photos.leclercdrive.fr/image.ashx?id=2606810&use=l&cat=p&typeid=i","cat":333682},{"id":14158,"n":"Fromage Mystère du Prieuré Lait pasteurisé - 340g","p":2.65,"u":"7,79 €/KG","img":"https://fd8-photos.leclercdrive.fr/image.ashx?id=2900085&use=l&cat=p&typeid=i","cat":329184},{"id":14163,"n":"Crème nettoyante Clair 3en1 - Fraicheur - 750ml","p":1.28,"u":"1,71 €/L","img":"https://fd8-photos.leclercdrive.fr/image.ashx?id=2946157&use=l&cat=p&typeid=i","cat":325357},{"id":14164,"n":"Roquefort AOP Eco+ Lait cru brebis 150g","p":2.16,"u":"14,40 €/KG","img":"https://fd8-photos.leclercdrive.fr/image.ashx?id=2966629&use=l&cat=p&typeid=i","cat":314032},{"id":14165,"n":"Crème de soin cheveux Vitanove Boucles sans rinçage 200ml","p":1.29,"u":"6,45 €/L","img":"https://fd8-photos.leclercdrive.fr/image.ashx?id=1947997&use=l&cat=p&typeid=i","cat":284608},{"id":14167,"n":"Brosse à dents Dentamyl Extra souple x1","p":0.85,"img":"https://fd8-photos.leclercdrive.fr/image.ashx?id=2790925&use=l&cat=p&typeid=i","cat":284614},{"id":14168,"n":"Dentifrice Dentamyl Protection gencives 75ml","p":0.92,"u":"12,27 €/L","img":"https://fd8-photos.leclercdrive.fr/image.ashx?id=2489092&use=l&cat=p&typeid=i","cat":284612},{"id":14170,"n":"Nettoyant lave-vaisselle Visior 250ml","p":2.65,"u":"10,60 €/L","img":"https://fd8-photos.leclercdrive.fr/image.ashx?id=776479&use=l&cat=p&typeid=i","cat":284657},{"id":14183,"n":"Lame de rasoir Siliss 3 lames - x4","p":3.58,"img":"https://fd8-photos.leclercdrive.fr/image.ashx?id=2699414&use=l&cat=p&typeid=i","cat":325352},{"id":14187,"n":"Masque réparateur Vitanove Secs abîmés cassants 300ml","p":2.64,"u":"8,80 €/L","img":"https://fd8-photos.leclercdrive.fr/image.ashx?id=2856275&use=l&cat=p&typeid=i","cat":284608},{"id":14190,"n":"Savon mains en crème Manava nourrissante à l'amande - 300ml","p":0.9,"u":"3,00 €/L","img":"https://fd8-photos.leclercdrive.fr/image.ashx?id=2935471&use=l&cat=p&typeid=i","cat":284597},{"id":14196,"n":"Après-shampooing Vitanove Réparateur - 200ml","p":1.43,"u":"7,15 €/L","img":"https://fd8-photos.leclercdrive.fr/image.ashx?id=2618311&use=l&cat=p&typeid=i","cat":284607},{"id":14217,"n":"Crème pieds Primoplast Nutri-réparatrice - 75ml","p":1.49,"u":"19,87 €/L","img":"https://fd8-photos.leclercdrive.fr/image.ashx?id=2832930&use=l&cat=p&typeid=i","cat":325354},{"id":14218,"n":"Dentifrice enfant Dentamyl Bubble gum - 3 à 6 ans - 50ml","p":0.89,"u":"17,80 €/L","img":"https://fd8-photos.leclercdrive.fr/image.ashx?id=2075185&use=l&cat=p&typeid=i","cat":288898},{"id":14219,"n":"Dentifrice enfant Dentamyl Menthe - 7 à 13 ans - 75ml","p":0.74,"u":"9,87 €/L","img":"https://fd8-photos.leclercdrive.fr/image.ashx?id=2489113&use=l&cat=p&typeid=i","cat":288898},{"id":14220,"n":"Shampooing Vitanove Volumateur - 250ml","p":1.79,"u":"7,16 €/L","img":"https://fd8-photos.leclercdrive.fr/image.ashx?id=2946829&use=l&cat=p&typeid=i","cat":284606},{"id":14222,"n":"Lait de toilette Mots d'Enfants Bébé peaux délicates - 250ml","p":1.95,"u":"7,80 €/L","img":"https://fd8-photos.leclercdrive.fr/image.ashx?id=3015024&use=l&cat=p&typeid=i","cat":284741},{"id":14223,"n":"Dépoussiérant meubles Clair Multi-surfaces 300ml","p":1.03,"u":"3,43 €/L","img":"https://fd8-photos.leclercdrive.fr/image.ashx?id=2856681&use=l&cat=p&typeid=i","cat":325364},{"id":14224,"n":"Gel wc Syphon surpuissant 750ml","p":1.07,"u":"1,43 €/L","img":"https://fd8-photos.leclercdrive.fr/image.ashx?id=2558790&use=l&cat=p&typeid=i","cat":284662},{"id":14243,"n":"Pain de mie nature Epi d'Or Grandes tranches - 825g","p":1.59,"u":"1,93 €/KG","img":"https://fd8-photos.leclercdrive.fr/image.ashx?id=2860724&use=l&cat=p&typeid=i","cat":284477},{"id":14258,"n":"Ravioles de la Drôme NRT Chèvre - 240g","p":3.39,"u":"14,13 €/KG","img":"https://fd8-photos.leclercdrive.fr/image.ashx?id=723421&use=l&cat=p&typeid=i","cat":333682},{"id":14259,"n":"Ravioles de la Drôme NRT Basilic - 240g","p":3.39,"u":"14,13 €/KG","img":"https://fd8-photos.leclercdrive.fr/image.ashx?id=592995&use=l&cat=p&typeid=i","cat":333682},{"id":14260,"n":"Crottin Chavignol NRT AOP  Fromage de chèvre - 2x60g","p":3.75,"u":"31,25 €/KG","img":"https://fd8-photos.leclercdrive.fr/image.ashx?id=2519432&use=l&cat=p&typeid=i","cat":314031},{"id":14271,"n":"Crème de marrons NRT De l'Ardèche - 325g","p":3.03,"u":"9,32 €/KG","img":"https://fd8-photos.leclercdrive.fr/image.ashx?id=2954154&use=l&cat=p&typeid=i","cat":284481},{"id":14273,"n":"Fromage Pont-l'Evêque AOP  Nos Régions ont du Talent 220g","p":2.65,"u":"12,05 €/KG","img":"https://fd8-photos.leclercdrive.fr/image.ashx?id=2356344&use=l&cat=p&typeid=i","cat":329558},{"id":14276,"n":"Cassoulet au confit canard NRT - 840g","p":4.99,"u":"5,94 €/KG","img":"https://fd8-photos.leclercdrive.fr/image.ashx?id=2791410&use=l&cat=p&typeid=i","cat":284440},{"id":14280,"n":"Bûche Sainte Maure Touraine NRT AOP - Fromage de chèvre - 250g","p":5.07,"u":"20,28 €/KG","img":"https://fd8-photos.leclercdrive.fr/image.ashx?id=2422608&use=l&cat=p&typeid=i","cat":314031},{"id":14282,"n":"Préparation citrons NRT De Corse -  315g","p":2.69,"u":"8,54 €/KG","img":"https://fd8-photos.leclercdrive.fr/image.ashx?id=2699810&use=l&cat=p&typeid=i","cat":284480},{"id":14283,"n":"Foie gras canard IGP Sud-Ouest NRT Entier- 180g","p":13.99,"u":"77,72 €/KG","img":"https://fd8-photos.leclercdrive.fr/image.ashx?id=2991494&use=l&cat=p&typeid=i","cat":305148},{"id":14285,"n":"Fromage Emmental Eco+ Râpé - 200g","p":1.5,"u":"7,50 €/KG","img":"https://fd8-photos.leclercdrive.fr/image.ashx?id=2615798&use=l&cat=p&typeid=i","cat":314035},{"id":14292,"n":"Eau aromatisée Volvic Zest  Citron - 1,5L","p":1.07,"u":"0,71 €/L","img":"https://fd8-photos.leclercdrive.fr/image.ashx?id=2730253&use=l&cat=p&typeid=i","cat":284537},{"id":14293,"n":"Eau aromatisée Volvic Zest Citron - 6x50cl","p":3.43,"u":"1,14 €/L","img":"https://fd8-photos.leclercdrive.fr/image.ashx?id=2730256&use=l&cat=p&typeid=i","cat":284537},{"id":14327,"n":"Poêlée Côté Table Franc-Comtoise - 900g","p":4.19,"u":"4,66 €/KG","img":"https://fd8-photos.leclercdrive.fr/image.ashx?id=2048440&use=l&cat=p&typeid=i","cat":319823},{"id":14330,"n":"Poêlée de légumes Notre Jardin Légumes grillés - 750g","p":3.11,"u":"4,15 €/KG","img":"https://fd8-photos.leclercdrive.fr/image.ashx?id=2771369&use=l&cat=p&typeid=i","cat":319823},{"id":14334,"n":"Ratatouille Notre Jardin Cuisinée 750g","p":2.85,"u":"3,80 €/KG","img":"https://fd8-photos.leclercdrive.fr/image.ashx?id=2873129&use=l&cat=p&typeid=i","cat":319823},{"id":14336,"n":"Pavé saumon Pêche Océan ASC Atlantique -  500g","p":11.19,"u":"22,38 €/KG","img":"https://fd8-photos.leclercdrive.fr/image.ashx?id=2930114&use=l&cat=p&typeid=i","cat":319786},{"id":14344,"n":"Pain de mie Nature Harrys Longue conservation - 550g","p":2.04,"u":"3,71 €/KG","img":"https://fd8-photos.leclercdrive.fr/image.ashx?id=2518109&use=l&cat=p&typeid=i","cat":284477},{"id":14358,"n":"Spécialité au soja Nat & Vie Fruits rouges - 4x100g","p":1.29,"u":"3,23 €/KG","img":"https://fd8-photos.leclercdrive.fr/image.ashx?id=2901440&use=l&cat=p&typeid=i","cat":316071},{"id":14360,"n":"Yaourts à boire Délisse Petits Délis fruits - 8x100g","p":3.2,"u":"4,00 €/KG","img":"https://fd8-photos.leclercdrive.fr/image.ashx?id=2754886&use=l&cat=p&typeid=i","cat":284415},{"id":14376,"n":"Dés de fromage Les Croisés Ail et fines herbes - 120g","p":1.54,"u":"12,83 €/KG","img":"https://fd8-photos.leclercdrive.fr/image.ashx?id=2741616&use=l&cat=p&typeid=i","cat":314027},{"id":14381,"n":"Palets bretons NRT 100g","p":1.83,"u":"18,30 €/KG","img":"https://fd8-photos.leclercdrive.fr/image.ashx?id=2622299&use=l&cat=p&typeid=i","cat":284487},{"id":14383,"n":"Blocs WC Syphon Activ' Effect  Lavande - x3","p":1.09,"u":"0,36 €/P","img":"https://fd8-photos.leclercdrive.fr/image.ashx?id=2320710&use=l&cat=p&typeid=i","cat":284662},{"id":14427,"n":"Pastis Ricard Anisé 45% vol - 70cl","p":15.3,"u":"21,86 €/L","img":"https://fd8-photos.leclercdrive.fr/image.ashx?id=2976776&use=l&cat=p&typeid=i","cat":284548},{"id":14428,"n":"Whisky Clan Campbell Blended Scotch 40% vol - 1L","p":19.75,"u":"19,75 €/L","img":"https://fd8-photos.leclercdrive.fr/image.ashx?id=2868921&use=l&cat=p&typeid=i","cat":284547},{"id":14431,"n":"Rhum Lagoa 40%vol - 1L","p":13.59,"u":"13,59 €/L","img":"https://fd8-photos.leclercdrive.fr/image.ashx?id=2966481&use=l&cat=p&typeid=i","cat":284550},{"id":14440,"n":"Bière blonde Desquiles Canette - 5.9%vol. - 50cl","p":1.35,"u":"2,70 €/L","img":"https://fd8-photos.leclercdrive.fr/image.ashx?id=2646991&use=l&cat=p&typeid=i","cat":334853},{"id":14441,"n":"Eau minérale naturelle Evian  6x1l","p":2.94,"u":"0,49 €/L","img":"https://fd8-photos.leclercdrive.fr/image.ashx?id=2969019&use=l&cat=p&typeid=i","cat":284535},{"id":14442,"n":"Champagne brut blanc Pol Carson - 37,5cl","p":11.75,"u":"31,33 €/L","img":"https://fd8-photos.leclercdrive.fr/image.ashx?id=2909849&use=l&cat=p&typeid=i","cat":284542},{"id":14447,"n":"Sirop Frucci Thé Pêche - 75cl","p":3.2,"u":"4,27 €/L","img":"https://fd8-photos.leclercdrive.fr/image.ashx?id=764952&use=l&cat=p&typeid=i","cat":295020},{"id":14451,"n":"Sirop Frucci Menthe - 1L","p":2.46,"u":"2,46 €/L","img":"https://fd8-photos.leclercdrive.fr/image.ashx?id=2954067&use=l&cat=p&typeid=i","cat":295020},{"id":14458,"n":"Biscuits tablette Eco+ Chocolat au lait - 150g","p":0.98,"u":"6,53 €/KG","img":"https://fd8-photos.leclercdrive.fr/image.ashx?id=2682750&use=l&cat=p&typeid=i","cat":284488},{"id":14494,"n":"Coquilles Saint-Jacques Tipiak À la bretonne - 4x90g","p":6.59,"u":"18,31 €/KG","img":"https://fd8-photos.leclercdrive.fr/image.ashx?id=2559754&use=l&cat=p&typeid=i","cat":319775},{"id":14499,"n":"Miel de lavande Provence IGP Nos Régions ont du Talent 375g","p":6.29,"u":"16,77 €/KG","img":"https://fd8-photos.leclercdrive.fr/image.ashx?id=2771073&use=l&cat=p&typeid=i","cat":287643},{"id":14512,"n":"Sachets glaçons Elembal x15","p":0.8,"img":"https://fd8-photos.leclercdrive.fr/image.ashx?id=2671810&use=l&cat=p&typeid=i","cat":334134},{"id":14543,"n":"Serviettes papier Homeside Double épaisseur 33x33cm - x100","p":2.29,"img":"https://fd8-photos.leclercdrive.fr/image.ashx?id=1659678&use=l&cat=p&typeid=i","cat":334134},{"id":14544,"n":"Serviettes papier Homeside Triple épaisseur 40x40 x50","p":2.99,"u":"0,06 €/P","img":"https://fd8-photos.leclercdrive.fr/image.ashx?id=1659681&use=l&cat=p&typeid=i","cat":334134},{"id":14574,"n":"Serviette incontinence Chorys Normal - x12","p":1.99,"u":"0,17 €/P","img":"https://fd8-photos.leclercdrive.fr/image.ashx?id=2393848&use=l&cat=p&typeid=i","cat":284628},{"id":14578,"n":"Papier toilette Mimosa Rose - Ultra doux - x6","p":2.59,"u":"0,43 €/P","img":"https://fd8-photos.leclercdrive.fr/image.ashx?id=2777839&use=l&cat=p&typeid=i","cat":284634},{"id":14579,"n":"Papier toilette Mimosa Blanc - Ultra doux - x6","p":2.65,"u":"0,44 €/P","img":"https://fd8-photos.leclercdrive.fr/image.ashx?id=2777842&use=l&cat=p&typeid=i","cat":284634},{"id":14582,"n":"Bandes de cire froide Siliss Corps - Peaux sensibles - x40","p":2.21,"u":"0,06 €/P","img":"https://fd8-photos.leclercdrive.fr/image.ashx?id=2699426&use=l&cat=p&typeid=i","cat":325351},{"id":14625,"n":"Boisson énergétique Powerade Ice storm - 50cl","p":1.05,"u":"2,10 €/L","img":"https://fd8-photos.leclercdrive.fr/image.ashx?id=2970756&use=l&cat=p&typeid=i","cat":284533},{"id":14626,"n":"Boisson aux fruits Oasis Saveur Pêche Abricot - 2L","p":2.35,"u":"1,18 €/L","img":"https://fd8-photos.leclercdrive.fr/image.ashx?id=2688635&use=l&cat=p&typeid=i","cat":295018},{"id":14633,"n":"AOP Bordeaux rouge La Croix d'Austéran - 75cl","p":4.55,"u":"6,07 €/L","img":"https://fd8-photos.leclercdrive.fr/image.ashx?id=1672093&use=l&cat=p&typeid=i","cat":289556},{"id":14636,"n":"Soda Jean's Cola Zéro Canette - 6x33cl","p":1.98,"u":"1,00 €/L","img":"https://fd8-photos.leclercdrive.fr/image.ashx?id=2637886&use=l&cat=p&typeid=i","cat":284530},{"id":14637,"n":"Biscuits P'tit Déli ronds Chocolat noir 200g","p":1.34,"u":"6,70 €/KG","img":"https://fd8-photos.leclercdrive.fr/image.ashx?id=2884207&use=l&cat=p&typeid=i","cat":284488},{"id":14654,"n":"Soupe liquide Liebig  Potiron - Brique 1L","p":2.81,"u":"2,81 €/L","img":"https://fd8-photos.leclercdrive.fr/image.ashx?id=2785355&use=l&cat=p&typeid=i","cat":284462},{"id":14657,"n":"Eponges gratounette Spontex x2","p":2.21,"u":"1,11 €/P","img":"https://fd8-photos.leclercdrive.fr/image.ashx?id=2392292&use=l&cat=p&typeid=i","cat":284667},{"id":14659,"n":"Gel désinfectant mains Sanytol Au thé vert - 250ml","p":3.51,"u":"14,04 €/L","img":"https://fd8-photos.leclercdrive.fr/image.ashx?id=1754056&use=l&cat=p&typeid=i","cat":284630},{"id":14661,"n":"Lingettes Hygiène Intime Usage Quotidien Intima Hamamélis x20","p":2.09,"u":"0,10 €/P","img":"https://fd8-photos.leclercdrive.fr/image.ashx?id=2886675&use=l&cat=p&typeid=i","cat":284627},{"id":14675,"n":"boisson végétale lait d'amande  bio bjorg intense - 1L","p":2.83,"u":"2,83 €/L","img":"https://fd8-photos.leclercdrive.fr/image.ashx?id=2970918&use=l&cat=p&typeid=i","cat":316067},{"id":14680,"n":"Céréales muesli vitaminé fruits bjorg bio 750g","p":3.99,"u":"5,32 €/KG","img":"https://fd8-photos.leclercdrive.fr/image.ashx?id=2906160&use=l&cat=p&typeid=i","cat":309512},{"id":14688,"n":"Biscuits Bjorg Fourrés Chocolat lait bio 225g","p":2.94,"u":"13,07 €/KG","img":"https://fd8-photos.leclercdrive.fr/image.ashx?id=2970927&use=l&cat=p&typeid=i","cat":284488},{"id":14691,"n":"Chocolat Alter Eco Noir Absolu Pérou 85% cacao bio - 100g","p":2.77,"u":"27,70 €/KG","img":"https://fd8-photos.leclercdrive.fr/image.ashx?id=2906535&use=l&cat=p&typeid=i","cat":284956},{"id":14701,"n":"Chocolat Pâtissier Alter Eco Bio - 200g","p":3.13,"u":"15,65 €/KG","img":"https://fd8-photos.leclercdrive.fr/image.ashx?id=2961089&use=l&cat=p&typeid=i","cat":285562},{"id":14713,"n":"Rasoirs jetables Bic Twin Lady x8","p":1.62,"u":"0,20 €/P","img":"https://fd8-photos.leclercdrive.fr/image.ashx?id=2887569&use=l&cat=p&typeid=i","cat":325352},{"id":14814,"n":"Compotes pommes Andros 4x100g","p":1.35,"u":"3,38 €/KG","img":"https://fd8-photos.leclercdrive.fr/image.ashx?id=2883925&use=l&cat=p&typeid=i","cat":284416},{"id":14827,"n":"Bloc notes adhésif Esquisse  76mmx76mm - 2x100","p":1.25,"img":"https://fd8-photos.leclercdrive.fr/image.ashx?id=1678694&use=l&cat=p&typeid=i","cat":334133},{"id":14837,"n":"Stylos bille assortis Eco+ x4","p":0.25,"img":"https://fd8-photos.leclercdrive.fr/image.ashx?id=1699675&use=l&cat=p&typeid=i","cat":284696},{"id":14858,"n":"Feutres Eco+ x12","p":0.35,"img":"https://fd8-photos.leclercdrive.fr/image.ashx?id=2553941&use=l&cat=p&typeid=i","cat":284696},{"id":14867,"n":"Adoucissant Hyperdou Pure Caresse - 750ml","p":1.99,"u":"2,65 €/L","img":"https://fd8-photos.leclercdrive.fr/image.ashx?id=2614446&use=l&cat=p&typeid=i","cat":284650},{"id":14873,"n":"Pastilles javel La Croix x40","p":1.95,"u":"14,55 €/KG","img":"https://fd8-photos.leclercdrive.fr/image.ashx?id=2679693&use=l&cat=p&typeid=i","cat":284661},{"id":14880,"n":"Compote Charles & Alice Pommes Mangues - 4x100g","p":1.44,"u":"3,60 €/KG","img":"https://fd8-photos.leclercdrive.fr/image.ashx?id=2757347&use=l&cat=p&typeid=i","cat":284416},{"id":14887,"n":"Compote Charles & Alice Pommes - 4x100g","p":1.46,"u":"3,65 €/KG","img":"https://fd8-photos.leclercdrive.fr/image.ashx?id=2757677&use=l&cat=p&typeid=i","cat":284416},{"id":14888,"n":"Compote Charles & Alice Pommes Poires - 4x100g","p":1.45,"u":"3,63 €/KG","img":"https://fd8-photos.leclercdrive.fr/image.ashx?id=2936902&use=l&cat=p&typeid=i","cat":284416},{"id":14893,"n":"Yaourts allégés Sveltesse   Fruits Panachés - 12x125g","p":3.0,"u":"2,00 €/KG","img":"https://fd8-photos.leclercdrive.fr/image.ashx?id=2649569&use=l&cat=p&typeid=i","cat":315000},{"id":14901,"n":"Mozzarella di Buffala AOP Les Croisés - 125g","p":1.65,"u":"13,20 €/KG","img":"https://fd8-photos.leclercdrive.fr/image.ashx?id=2686329&use=l&cat=p&typeid=i","cat":314026},{"id":14904,"n":"Fromage frais nature Bio Bio village - 3.5% MG - 500g","p":1.75,"u":"3,50 €/KG","img":"https://fd8-photos.leclercdrive.fr/image.ashx?id=2839944&use=l&cat=p&typeid=i","cat":284409},{"id":14911,"n":"Bloc WC cuvette Harpic  Eau Bleue - x2","p":1.33,"u":"17,50 €/KG","img":"https://fd8-photos.leclercdrive.fr/image.ashx?id=2264743&use=l&cat=p&typeid=i","cat":284662},{"id":14918,"n":"Dessert fruitier framboise Douceur du Verger s/sucre 4x97g","p":1.49,"u":"3,84 €/KG","img":"https://fd8-photos.leclercdrive.fr/image.ashx?id=3009785&use=l&cat=p&typeid=i","cat":284416},{"id":14919,"n":"Compote Douceur du Verger Pomme Abricot - 4x97g","p":1.23,"u":"3,17 €/KG","img":"https://fd8-photos.leclercdrive.fr/image.ashx?id=2983793&use=l&cat=p&typeid=i","cat":284416},{"id":14923,"n":"Brocolis fleurettes Bio Village Bio - 600g","p":2.21,"u":"3,68 €/KG","img":"https://fd8-photos.leclercdrive.fr/image.ashx?id=2891788&use=l&cat=p&typeid=i","cat":319805},{"id":14924,"n":"Lasagnes chèvre épinards Côté Table - 500g","p":2.95,"u":"5,90 €/KG","img":"https://fd8-photos.leclercdrive.fr/image.ashx?id=2647874&use=l&cat=p&typeid=i","cat":284254},{"id":14932,"n":"Rhum blanc Saint James 40% vol - 70cl","p":11.8,"u":"16,86 €/L","img":"https://fd8-photos.leclercdrive.fr/image.ashx?id=2970948&use=l&cat=p&typeid=i","cat":284550},{"id":14934,"n":"Gin Gibson 37.5%vol - 70cl","p":11.65,"u":"16,64 €/L","img":"https://fd8-photos.leclercdrive.fr/image.ashx?id=2755396&use=l&cat=p&typeid=i","cat":284550},{"id":14979,"n":"Crème de cassis de dijon NRT 20%vol. - 70cl","p":9.99,"u":"14,27 €/L","img":"https://fd8-photos.leclercdrive.fr/image.ashx?id=2762632&use=l&cat=p&typeid=i","cat":286032},{"id":14980,"n":"Crème de framboise Auguste  Mugniot 15%vol. - 50cl","p":5.49,"u":"10,98 €/L","img":"https://fd8-photos.leclercdrive.fr/image.ashx?id=829186&use=l&cat=p&typeid=i","cat":286032},{"id":14983,"n":"Pastis de Marseille Vivalis 45%vol - 1,5L","p":25.35,"u":"16,90 €/L","img":"https://fd8-photos.leclercdrive.fr/image.ashx?id=2805015&use=l&cat=p&typeid=i","cat":284548},{"id":14993,"n":"Bière blonde Leffe Rituel 9% - 6x25cl","p":5.63,"u":"3,75 €/L","img":"https://fd8-photos.leclercdrive.fr/image.ashx?id=2548285&use=l&cat=p&typeid=i","cat":334852},{"id":14996,"n":"Bière blonde Desquiles 5.9%vol. - 3x33cl","p":3.29,"u":"3,32 €/L","img":"https://fd8-photos.leclercdrive.fr/image.ashx?id=2637874&use=l&cat=p&typeid=i","cat":334878},{"id":15007,"n":"Protège-slips Doulys Ultra-mince Normal Plié - x30","p":1.19,"u":"0,04 €/P","img":"https://fd8-photos.leclercdrive.fr/image.ashx?id=2816109&use=l&cat=p&typeid=i","cat":284625},{"id":15010,"n":"Serviette incontinence Chorys Extra - x10","p":1.99,"u":"0,20 €/P","img":"https://fd8-photos.leclercdrive.fr/image.ashx?id=2393851&use=l&cat=p&typeid=i","cat":284628},{"id":15014,"n":"Pétillant Festalie sans alcool Pêche - 75cl","p":2.85,"u":"3,80 €/L","img":"https://fd8-photos.leclercdrive.fr/image.ashx?id=2017256&use=l&cat=p&typeid=i","cat":289460},{"id":15016,"n":"AOP Crémant d'Alsace Wolfberger Brut - 75cl","p":7.36,"u":"9,81 €/L","img":"https://fd8-photos.leclercdrive.fr/image.ashx?id=2323502&use=l&cat=p&typeid=i","cat":284544},{"id":15022,"n":"Jus de pamplemousse rose Bio Bio Village - 1L","p":3.82,"u":"3,82 €/L","img":"https://fd8-photos.leclercdrive.fr/image.ashx?id=2901524&use=l&cat=p&typeid=i","cat":284914},{"id":15025,"n":"Nectar Jafaden Pomme kiwi - 1L","p":2.35,"u":"2,35 €/L","img":"https://fd8-photos.leclercdrive.fr/image.ashx?id=2895771&use=l&cat=p&typeid=i","cat":284915},{"id":15039,"n":"Crème visage bio Bio Naïa Hydratante 50ml","p":1.99,"u":"39,80 €/L","img":"https://fd8-photos.leclercdrive.fr/image.ashx?id=2436651&use=l&cat=p&typeid=i","cat":325345},{"id":15053,"n":"Déodorant Manava Grenade - 200ml","p":1.39,"u":"6,95 €/L","img":"https://fd8-photos.leclercdrive.fr/image.ashx?id=2699276&use=l&cat=p&typeid=i","cat":284595},{"id":15058,"n":"Biscuits tablettes Bio Village Bio Chocolat au lait 150g","p":2.38,"u":"15,87 €/KG","img":"https://fd8-photos.leclercdrive.fr/image.ashx?id=2650819&use=l&cat=p&typeid=i","cat":284488},{"id":15060,"n":"Biscuits tablettes Bio Village Bio Chocolat noir 150g","p":2.39,"u":"15,93 €/KG","img":"https://fd8-photos.leclercdrive.fr/image.ashx?id=2708943&use=l&cat=p&typeid=i","cat":284488},{"id":15066,"n":"Savon douceur Manava Bouquet fleurs blanches 4x100g","p":1.45,"u":"3,63 €/KG","img":"https://fd8-photos.leclercdrive.fr/image.ashx?id=2358342&use=l&cat=p&typeid=i","cat":284597},{"id":15076,"n":"Recharges plaquettes Insectivor Anti-moustiques - x30","p":3.24,"u":"0,11 €/P","img":"https://fd8-photos.leclercdrive.fr/image.ashx?id=2741604&use=l&cat=p&typeid=i","cat":298368},{"id":15095,"n":"Boisson végétale Noisette Bio  Bjorg- 1L","p":4.04,"u":"4,04 €/L","img":"https://fd8-photos.leclercdrive.fr/image.ashx?id=2972970&use=l&cat=p&typeid=i","cat":316067},{"id":15125,"n":"Marrons glacés Equador 10 marrons entiers - 200g","p":8.19,"u":"40,95 €/KG","img":"https://fd8-photos.leclercdrive.fr/image.ashx?id=2228004&use=l&cat=p&typeid=i","cat":327603},{"id":15131,"n":"Nectar multifruits Jafaden 2L","p":2.49,"u":"1,25 €/L","img":"https://fd8-photos.leclercdrive.fr/image.ashx?id=2956032&use=l&cat=p&typeid=i","cat":284917},{"id":15139,"n":"Boisson instantanée cacao Eco+ Granules - 800g","p":3.12,"u":"3,90 €/KG","img":"https://fd8-photos.leclercdrive.fr/image.ashx?id=2843093&use=l&cat=p&typeid=i","cat":293235},{"id":15159,"n":"Fécule de maïs Tablier Blanc 400g","p":1.19,"u":"2,98 €/KG","img":"https://fd8-photos.leclercdrive.fr/image.ashx?id=2853690&use=l&cat=p&typeid=i","cat":288382},{"id":15162,"n":"Rillettes pur porc Côté Table 3x78g","p":2.75,"u":"11,75 €/KG","img":"https://fd8-photos.leclercdrive.fr/image.ashx?id=2518514&use=l&cat=p&typeid=i","cat":305149},{"id":15163,"n":"Sablés fourrés P'tit Déli Noisette 125g","p":1.92,"u":"15,36 €/KG","img":"https://fd8-photos.leclercdrive.fr/image.ashx?id=2791266&use=l&cat=p&typeid=i","cat":284487},{"id":15181,"n":"Boisson aux fruits Oasis Saveur Fraise Framboise - 2L","p":2.45,"u":"1,23 €/L","img":"https://fd8-photos.leclercdrive.fr/image.ashx?id=2677819&use=l&cat=p&typeid=i","cat":295018},{"id":15256,"n":"Barre chocolat au lait Lion x6 barres - 252g","p":2.49,"u":"9,88 €/KG","img":"https://fd8-photos.leclercdrive.fr/image.ashx?id=2736991&use=l&cat=p&typeid=i","cat":284498},{"id":15288,"n":"Mouchoirs blancs 4 plis Caresse Mini étuis x15","p":1.16,"u":"0,08 €/P","img":"https://fd8-photos.leclercdrive.fr/image.ashx?id=2824262&use=l&cat=p&typeid=i","cat":284638},{"id":15305,"n":"Eau minérale Saint Antonin 6x1L","p":2.74,"u":"0,46 €/L","img":"https://fd8-photos.leclercdrive.fr/image.ashx?id=2653891&use=l&cat=p&typeid=i","cat":284535},{"id":15342,"n":"Chocolat Eco+ Noir - 5x100g","p":3.78,"u":"7,56 €/KG","img":"https://fd8-photos.leclercdrive.fr/image.ashx?id=2775460&use=l&cat=p&typeid=i","cat":284956},{"id":15351,"n":"Poires Williams  1kg","p":3.4,"u":"3,40 €/KG","img":"https://fd8-photos.leclercdrive.fr/image.ashx?id=1636404&use=l&cat=p&typeid=i","cat":284356},{"id":15431,"n":"Cappuccino nature  x10 stick - 140g","p":2.52,"u":"18,00 €/KG","img":"https://fd8-photos.leclercdrive.fr/image.ashx?id=2458055&use=l&cat=p&typeid=i","cat":284843},{"id":15476,"n":"Eau nettoyante Mots d'Enfants Hydratante - 250ml","p":1.93,"u":"7,72 €/L","img":"https://fd8-photos.leclercdrive.fr/image.ashx?id=3015048&use=l&cat=p&typeid=i","cat":284741},{"id":15498,"n":"IGP Côtes de Gascogne blanc Tariquet Premières Grives 75 cl","p":11.99,"u":"15,99 €/L","img":"https://fd8-photos.leclercdrive.fr/image.ashx?id=805190&use=l&cat=p&typeid=i","cat":289560},{"id":15499,"n":"Ruban adhésif Crystal Scotch Dévidoir 25mx19mm x1","p":1.95,"img":"https://fd8-photos.leclercdrive.fr/image.ashx?id=2753587&use=l&cat=p&typeid=i","cat":334133},{"id":15500,"n":"Ruban adhésif Magic Scotch Dévidoir 25mx19mm x1","p":1.95,"img":"https://fd8-photos.leclercdrive.fr/image.ashx?id=2753590&use=l&cat=p&typeid=i","cat":334133},{"id":15513,"n":"Gâteau cacao Oreo Lu Rouleaux Vanille - 154g","p":1.05,"u":"6,82 €/KG","img":"https://fd8-photos.leclercdrive.fr/image.ashx?id=3002282&use=l&cat=p&typeid=i","cat":284488},{"id":15525,"n":"Mini gâches briochettes NRT Chocolat noir x8 - 360g","p":2.79,"u":"7,75 €/KG","img":"https://fd8-photos.leclercdrive.fr/image.ashx?id=2670440&use=l&cat=p&typeid=i","cat":284478},{"id":15544,"n":"Crackers Tokapi  Fromage et graines - 65g","p":1.34,"u":"20,62 €/KG","img":"https://fd8-photos.leclercdrive.fr/image.ashx?id=2075247&use=l&cat=p&typeid=i","cat":297000},{"id":15564,"n":"Chips paysannes Pom'lisse Nature - 150g","p":0.99,"u":"6,60 €/KG","img":"https://fd8-photos.leclercdrive.fr/image.ashx?id=2927854&use=l&cat=p&typeid=i","cat":284447},{"id":15590,"n":"pain complet 3 céréales bio  bjorg 500g","p":2.44,"u":"4,88 €/KG","img":"https://fd8-photos.leclercdrive.fr/image.ashx?id=2752951&use=l&cat=p&typeid=i","cat":325069},{"id":15592,"n":"Fromage enfant Ficello Nature à effilocher x8 - 168g","p":3.41,"u":"20,30 €/KG","img":"https://fd8-photos.leclercdrive.fr/image.ashx?id=2375376&use=l&cat=p&typeid=i","cat":314030},{"id":15615,"n":"Multifruits Jafaden 100% Pur jus - 1,5L","p":1.99,"u":"1,33 €/L","img":"https://fd8-photos.leclercdrive.fr/image.ashx?id=2890000&use=l&cat=p&typeid=i","cat":284917},{"id":15626,"n":"Salade maxi Florette Laitue iceberg - 450g","p":2.53,"u":"5,62 €/KG","img":"https://fd8-photos.leclercdrive.fr/image.ashx?id=2090039&use=l&cat=p&typeid=i","cat":284353},{"id":15629,"n":"Salade maxi Florette Mâche - 200g","p":2.33,"u":"11,65 €/KG","img":"https://fd8-photos.leclercdrive.fr/image.ashx?id=2228849&use=l&cat=p&typeid=i","cat":284353},{"id":15646,"n":"Saumon Atlantique Connétable 112g","p":4.46,"u":"39,82 €/KG","img":"https://fd8-photos.leclercdrive.fr/image.ashx?id=2960162&use=l&cat=p&typeid=i","cat":305147},{"id":15741,"n":"Tampons Doulys Compact Super - x20","p":2.35,"u":"0,12 €/P","img":"https://fd8-photos.leclercdrive.fr/image.ashx?id=2965470&use=l&cat=p&typeid=i","cat":284626},{"id":15746,"n":"Soupe Liquide Liebig  Bisque de Homard - 300g","p":2.47,"u":"8,23 €/KG","img":"https://fd8-photos.leclercdrive.fr/image.ashx?id=2651390&use=l&cat=p&typeid=i","cat":287366},{"id":15801,"n":"IGP Pays d'Oc rosé Cinsault Syrah Ormes de Cambras 12% 75cl","p":2.83,"u":"3,77 €/L","img":"https://fd8-photos.leclercdrive.fr/image.ashx?id=2105158&use=l&cat=p&typeid=i","cat":289558},{"id":15805,"n":"Boisson énergisante Red Bull sans sucres, 4x250ml","p":4.26,"u":"4,26 €/L","img":"https://fd8-photos.leclercdrive.fr/image.ashx?id=3009371&use=l&cat=p&typeid=i","cat":284533},{"id":15807,"n":"Boisson aux fruits Oasis Goût Pomme Cassis Framboise 2L","p":2.51,"u":"1,26 €/L","img":"https://fd8-photos.leclercdrive.fr/image.ashx?id=3014452&use=l&cat=p&typeid=i","cat":295018},{"id":15821,"n":"Baume Soin lèvres Mixa Anti-dessèchement lot de 2","p":2.24,"u":"1,12 €/P","img":"https://fd8-photos.leclercdrive.fr/image.ashx?id=2425607&use=l&cat=p&typeid=i","cat":285485},{"id":15875,"n":"Eau de Cologne Bien Etre Naturelle - 250ml","p":4.45,"u":"17,80 €/L","img":"https://fd8-photos.leclercdrive.fr/image.ashx?id=2353665&use=l&cat=p&typeid=i","cat":291525},{"id":15895,"n":"Soin cheveux nutrition Garnier Cheveu bouclé à frisé - 200ml","p":2.39,"u":"11,95 €/L","img":"https://fd8-photos.leclercdrive.fr/image.ashx?id=2985354&use=l&cat=p&typeid=i","cat":284608},{"id":15910,"n":"Lait de toilette Mixa Bébé  Très Doux - 400ml","p":3.54,"u":"8,85 €/L","img":"https://fd8-photos.leclercdrive.fr/image.ashx?id=2548672&use=l&cat=p&typeid=i","cat":284740},{"id":15912,"n":"Mousse à raser Williams Peau sensible 200ml","p":1.79,"u":"8,95 €/L","img":"https://fd8-photos.leclercdrive.fr/image.ashx?id=2785976&use=l&cat=p&typeid=i","cat":284617},{"id":15919,"n":"Soin hydratant L'Oréal Paris Men Expert Anti-fatigue - 50ml","p":5.81,"u":"116,20 €/L","img":"https://fd8-photos.leclercdrive.fr/image.ashx?id=2811278&use=l&cat=p&typeid=i","cat":284622},{"id":15937,"n":"Serviette Hygienique Vania  Maxi confort normal plus - x16","p":1.8,"u":"0,11 €/P","img":"https://fd8-photos.leclercdrive.fr/image.ashx?id=2908027&use=l&cat=p&typeid=i","cat":284624},{"id":15969,"n":"Gel nettoyant canalisations  Destop Javel Agrumes - 750ml","p":2.48,"u":"3,31 €/L","img":"https://fd8-photos.leclercdrive.fr/image.ashx?id=2885956&use=l&cat=p&typeid=i","cat":284908},{"id":16020,"n":"Gambas ASC Pêche Océan Géantes tigrées 8/12pièces 400g","p":10.8,"u":"27,00 €/KG","img":"https://fd8-photos.leclercdrive.fr/image.ashx?id=2202754&use=l&cat=p&typeid=i","cat":319787},{"id":16025,"n":"Yaourts Lait entier Bio Village Bio Fraise morceaux - 4x125g","p":1.5,"u":"3,00 €/KG","img":"https://fd8-photos.leclercdrive.fr/image.ashx?id=2841968&use=l&cat=p&typeid=i","cat":284410},{"id":16029,"n":"Carottes Bio Bio Village En rondelles - 600g","p":1.79,"u":"2,98 €/KG","img":"https://fd8-photos.leclercdrive.fr/image.ashx?id=2891809&use=l&cat=p&typeid=i","cat":319805},{"id":16031,"n":"Epinards en branches Bio Bio Village - 600g","p":1.65,"u":"2,75 €/KG","img":"https://fd8-photos.leclercdrive.fr/image.ashx?id=2891803&use=l&cat=p&typeid=i","cat":319805},{"id":16033,"n":"Choux-fleurs Bio Bio Village En fleurettes - 600g","p":1.99,"u":"3,32 €/KG","img":"https://fd8-photos.leclercdrive.fr/image.ashx?id=2891797&use=l&cat=p&typeid=i","cat":319805},{"id":16043,"n":"Crevettes cuites Pêche Océan Décortiquées - MSC - 200g","p":3.49,"u":"17,45 €/KG","img":"https://fd8-photos.leclercdrive.fr/image.ashx?id=2478766&use=l&cat=p&typeid=i","cat":319787},{"id":16046,"n":"Fromage de chèvre Les Croisés Frais rond - 200g","p":1.89,"u":"9,45 €/KG","img":"https://fd8-photos.leclercdrive.fr/image.ashx?id=2281099&use=l&cat=p&typeid=i","cat":314031},{"id":16061,"n":"Sauce Tomates Barilla Basilic - 400g","p":1.62,"u":"4,05 €/KG","img":"https://fd8-photos.leclercdrive.fr/image.ashx?id=2832518&use=l&cat=p&typeid=i","cat":287599},{"id":16062,"n":"Sauce Pesto Genovese Barilla Au basilic frais - 190g","p":1.98,"u":"10,42 €/KG","img":"https://fd8-photos.leclercdrive.fr/image.ashx?id=2737585&use=l&cat=p&typeid=i","cat":287599},{"id":16063,"n":"Sauce Pesto Barilla Rosso - 200g","p":1.95,"u":"9,75 €/KG","img":"https://fd8-photos.leclercdrive.fr/image.ashx?id=2308348&use=l&cat=p&typeid=i","cat":287599},{"id":16094,"n":"Pansements bain Mercurochrome Bain 3 tailles x16","p":3.77,"u":"0,24 €/P","img":"https://fd8-photos.leclercdrive.fr/image.ashx?id=2663965&use=l&cat=p&typeid=i","cat":284630},{"id":16095,"n":"Spray anti-moustique Marie Rose 8h - 100ml","p":5.24,"u":"52,40 €/L","img":"https://fd8-photos.leclercdrive.fr/image.ashx?id=2666749&use=l&cat=p&typeid=i","cat":299654},{"id":16142,"n":"Eau de source de Montagne 6x1L","p":1.55,"u":"0,26 €/L","img":"https://fd8-photos.leclercdrive.fr/image.ashx?id=2597621&use=l&cat=p&typeid=i","cat":284535},{"id":16153,"n":"Biscuits petit déj Bio Village Bio Chocolat / Noisettes - 200g","p":2.08,"u":"10,40 €/KG","img":"https://fd8-photos.leclercdrive.fr/image.ashx?id=2371560&use=l&cat=p&typeid=i","cat":284491},{"id":16154,"n":"Tartelettes Bio Village Framboises Bio - x9 - 125g","p":2.34,"u":"18,72 €/KG","img":"https://fd8-photos.leclercdrive.fr/image.ashx?id=2869525&use=l&cat=p&typeid=i","cat":284489},{"id":16159,"n":"Brume d'eau pure Inell 400ml","p":1.65,"u":"4,13 €/L","img":"https://fd8-photos.leclercdrive.fr/image.ashx?id=806289&use=l&cat=p&typeid=i","cat":290295},{"id":16171,"n":"Riz Thaï Bio Village Bio - 500g","p":2.45,"u":"4,90 €/KG","img":"https://fd8-photos.leclercdrive.fr/image.ashx?id=2441510&use=l&cat=p&typeid=i","cat":284428},{"id":16172,"n":"Mini Barres chocolatées Lion x18 barres - 350g","p":3.94,"u":"11,26 €/KG","img":"https://fd8-photos.leclercdrive.fr/image.ashx?id=2925553&use=l&cat=p&typeid=i","cat":284498},{"id":16254,"n":"Câpres surfines Rustica Au vinaigre - 60g","p":1.23,"u":"20,50 €/KG","img":"https://fd8-photos.leclercdrive.fr/image.ashx?id=1677666&use=l&cat=p&typeid=i","cat":284458},{"id":16271,"n":"Maïs Géant Vert extra croquant sans résidu pesticides - 285g","p":1.14,"u":"4,00 €/KG","img":"https://fd8-photos.leclercdrive.fr/image.ashx?id=2754267&use=l&cat=p&typeid=i","cat":312611},{"id":16272,"n":"Maïs Géant Vert extra tendre sans résidu pesticides - 285g","p":1.11,"u":"3,89 €/KG","img":"https://fd8-photos.leclercdrive.fr/image.ashx?id=2462448&use=l&cat=p&typeid=i","cat":312611},{"id":16303,"n":"Petits oignons Rustica Vinaigre doux - 190g","p":0.79,"u":"4,16 €/KG","img":"https://fd8-photos.leclercdrive.fr/image.ashx?id=2916683&use=l&cat=p&typeid=i","cat":284458},{"id":16429,"n":"Oeufs frais plein air Bio Bio village - x10","p":3.41,"u":"0,34 €/P","img":"https://fd8-photos.leclercdrive.fr/image.ashx?id=1520552&use=l&cat=p&typeid=i","cat":284378},{"id":16430,"n":"Lait de coco bio Jardin Bio Bio - 400ml","p":2.39,"u":"5,98 €/L","img":"https://fd8-photos.leclercdrive.fr/image.ashx?id=2790132&use=l&cat=p&typeid=i","cat":288992},{"id":16431,"n":"Raviolis bio boeuf Jardin Bio 72cl","p":4.47,"u":"6,21 €/L","img":"https://fd8-photos.leclercdrive.fr/image.ashx?id=2972469&use=l&cat=p&typeid=i","cat":284442},{"id":16432,"n":"Pâte brisée Bio  Bio village - 230g","p":1.99,"u":"8,65 €/KG","img":"https://fd8-photos.leclercdrive.fr/image.ashx?id=2274177&use=l&cat=p&typeid=i","cat":333681},{"id":16433,"n":"Pâte feuilletée Bio Bio village - 230g","p":1.65,"u":"7,17 €/KG","img":"https://fd8-photos.leclercdrive.fr/image.ashx?id=2969006&use=l&cat=p&typeid=i","cat":333681},{"id":16434,"n":"Raviolis aux 3 fromages Bio Bio village - 250g","p":2.9,"u":"11,60 €/KG","img":"https://fd8-photos.leclercdrive.fr/image.ashx?id=596363&use=l&cat=p&typeid=i","cat":333682},{"id":16435,"n":"Tagliatelles fraîches Bio Bio village - 250g","p":1.39,"u":"5,56 €/KG","img":"https://fd8-photos.leclercdrive.fr/image.ashx?id=2875735&use=l&cat=p&typeid=i","cat":333682},{"id":16436,"n":"Pâtes torsades Bio Village Bio -  500g","p":0.85,"u":"1,70 €/KG","img":"https://fd8-photos.leclercdrive.fr/image.ashx?id=2625367&use=l&cat=p&typeid=i","cat":284427},{"id":16438,"n":"Riz long Bio Village Bio - 500g","p":1.94,"u":"3,88 €/KG","img":"https://fd8-photos.leclercdrive.fr/image.ashx?id=2582996&use=l&cat=p&typeid=i","cat":284428},{"id":16439,"n":"Riz Basmati Bio Village Bio - 500g","p":1.5,"u":"3,00 €/KG","img":"https://fd8-photos.leclercdrive.fr/image.ashx?id=795814&use=l&cat=p&typeid=i","cat":284428},{"id":16443,"n":"Chocolat Alter Eco noir menthe Max Havelaar Bio - 100g","p":2.48,"u":"24,80 €/KG","img":"https://fd8-photos.leclercdrive.fr/image.ashx?id=2906538&use=l&cat=p&typeid=i","cat":284956},{"id":16490,"n":"Yaourt nature 0% MG Bio Bio village - 4x125g","p":1.34,"u":"2,68 €/KG","img":"https://fd8-photos.leclercdrive.fr/image.ashx?id=2077427&use=l&cat=p&typeid=i","cat":315000},{"id":16491,"n":"Yaourts Lait brebis Bio Village Bio Vanille - 2x125g","p":1.89,"u":"7,56 €/KG","img":"https://fd8-photos.leclercdrive.fr/image.ashx?id=2646994&use=l&cat=p&typeid=i","cat":314998},{"id":16492,"n":"Légumes pour couscous bio Jardin Bio - 660g","p":2.64,"u":"3,67 €/L","img":"https://fd8-photos.leclercdrive.fr/image.ashx?id=2534887&use=l&cat=p&typeid=i","cat":312612},{"id":16493,"n":"Pâte à tartiner bio Jardin Bio Cacao noisettes - 350g","p":3.75,"u":"10,71 €/KG","img":"https://fd8-photos.leclercdrive.fr/image.ashx?id=2918844&use=l&cat=p&typeid=i","cat":284481},{"id":16520,"n":"Mayonnaise Eco+ Bocal - 470g","p":1.17,"u":"2,49 €/KG","img":"https://fd8-photos.leclercdrive.fr/image.ashx?id=2954322&use=l&cat=p&typeid=i","cat":298295},{"id":16522,"n":"Soufflés cacahuète Eco+ 100g","p":0.34,"u":"3,40 €/KG","img":"https://fd8-photos.leclercdrive.fr/image.ashx?id=2678785&use=l&cat=p&typeid=i","cat":284449},{"id":16524,"n":"Pâtes Eco+ Spaghetti - 1kg","p":1.02,"u":"1,02 €/KG","img":"https://fd8-photos.leclercdrive.fr/image.ashx?id=2757494&use=l&cat=p&typeid=i","cat":284427},{"id":16525,"n":"Purée de pommes de terre Eco+ Déshydratée 4x125g","p":1.39,"u":"2,78 €/KG","img":"https://fd8-photos.leclercdrive.fr/image.ashx?id=2929858&use=l&cat=p&typeid=i","cat":284431},{"id":16526,"n":"Assortiment biscuits salés Eco+ 350g","p":1.06,"u":"3,03 €/KG","img":"https://fd8-photos.leclercdrive.fr/image.ashx?id=2613255&use=l&cat=p&typeid=i","cat":297000},{"id":16536,"n":"Sucre Eco+ En morceaux - 1kg","p":1.33,"u":"1,33 €/KG","img":"https://fd8-photos.leclercdrive.fr/image.ashx?id=2702274&use=l&cat=p&typeid=i","cat":284502},{"id":16547,"n":"Barquette chiens Eco+ A la Volaille - 300g","p":0.52,"u":"1,73 €/KG","img":"https://fd8-photos.leclercdrive.fr/image.ashx?id=2052727&use=l&cat=p&typeid=i","cat":284673},{"id":16548,"n":"Barquette pour chats Eco+ Riche en volaille - 100g","p":0.24,"u":"2,40 €/KG","img":"https://fd8-photos.leclercdrive.fr/image.ashx?id=2052736&use=l&cat=p&typeid=i","cat":285286},{"id":16550,"n":"Limonade Eco+ 1,5L","p":0.38,"u":"0,25 €/L","img":"https://fd8-photos.leclercdrive.fr/image.ashx?id=2245752&use=l&cat=p&typeid=i","cat":284531},{"id":16552,"n":"Jus de pomme abc Eco+ 1L","p":0.85,"u":"0,85 €/L","img":"https://fd8-photos.leclercdrive.fr/image.ashx?id=2802269&use=l&cat=p&typeid=i","cat":284522},{"id":16558,"n":"Thé glacé pêche Eco  2L","p":1.25,"u":"0,63 €/L","img":"https://fd8-photos.leclercdrive.fr/image.ashx?id=2764955&use=l&cat=p&typeid=i","cat":295019},{"id":16570,"n":"Saucisse sèche droite Eco+ 250g","p":1.78,"u":"7,12 €/KG","img":"https://fd8-photos.leclercdrive.fr/image.ashx?id=2845137&use=l&cat=p&typeid=i","cat":316006},{"id":16577,"n":"Crème sous pression Eco+ Crème légère et sucrée - 250g","p":1.69,"u":"6,76 €/KG","img":"https://fd8-photos.leclercdrive.fr/image.ashx?id=2856242&use=l&cat=p&typeid=i","cat":284382},{"id":16582,"n":"Pommes frites Eco+ 2,5kg","p":2.81,"u":"1,12 €/KG","img":"https://fd8-photos.leclercdrive.fr/image.ashx?id=2660523&use=l&cat=p&typeid=i","cat":319791},{"id":16583,"n":"Pommes rissolées surgelées Eco+ 1kg","p":1.11,"u":"1,11 €/KG","img":"https://fd8-photos.leclercdrive.fr/image.ashx?id=2085934&use=l&cat=p&typeid=i","cat":319792},{"id":16642,"n":"Génoises fourrées P'tit Déli Agrumes - 150g","p":1.09,"u":"7,27 €/KG","img":"https://fd8-photos.leclercdrive.fr/image.ashx?id=2482502&use=l&cat=p&typeid=i","cat":284489},{"id":16701,"n":"Bouchées RAFFAELLO Noix de coco Amandes - 180g","p":4.71,"u":"26,17 €/KG","img":"https://fd8-photos.leclercdrive.fr/image.ashx?id=2937857&use=l&cat=p&typeid=i","cat":327595},{"id":16737,"n":"Viande hachée 15% MG Férial 500g","p":7.29,"u":"14,58 €/KG","img":"https://fd8-photos.leclercdrive.fr/image.ashx?id=2904013&use=l&cat=p&typeid=i","cat":284332},{"id":16741,"n":"Viande hachée 5% MG Férial 350g","p":5.71,"u":"16,31 €/KG","img":"https://fd8-photos.leclercdrive.fr/image.ashx?id=2904010&use=l&cat=p&typeid=i","cat":284332},{"id":16742,"n":"Steak haché Férial 15%mg - 800g","p":11.15,"u":"13,94 €/KG","img":"https://fd8-photos.leclercdrive.fr/image.ashx?id=2904004&use=l&cat=p&typeid=i","cat":284332},{"id":16747,"n":"Viande hachée 15% MG Férial 350g","p":5.59,"u":"15,97 €/KG","img":"https://fd8-photos.leclercdrive.fr/image.ashx?id=2904007&use=l&cat=p&typeid=i","cat":284332},{"id":16765,"n":"Steak haché Férial pur boeuf 5%mg - 250g","p":4.74,"u":"18,96 €/KG","img":"https://fd8-photos.leclercdrive.fr/image.ashx?id=2903998&use=l&cat=p&typeid=i","cat":284332},{"id":16766,"n":"Viande hachée 20% MG Férial 700g","p":9.45,"u":"13,50 €/KG","img":"https://fd8-photos.leclercdrive.fr/image.ashx?id=2904016&use=l&cat=p&typeid=i","cat":284332},{"id":16800,"n":"Eau minérale naturelle Contrex 6x1L","p":2.49,"u":"0,42 €/L","img":"https://fd8-photos.leclercdrive.fr/image.ashx?id=2731720&use=l&cat=p&typeid=i","cat":284535},{"id":16803,"n":"AOC Champagne Président Germain Brut - 75cl","p":24.9,"u":"33,20 €/L","img":"https://fd8-photos.leclercdrive.fr/image.ashx?id=1567645&use=l&cat=p&typeid=i","cat":284542},{"id":16805,"n":"Viande bovine Férial steak ** à griller - 280g","p":5.79,"u":"20,68 €/KG","img":"https://fd8-photos.leclercdrive.fr/image.ashx?id=2483557&use=l&cat=p&typeid=i","cat":284328},{"id":16824,"n":"Bavette Viande bovine Férial  Aloyau ***à griller x2 - 280g","p":8.05,"u":"28,75 €/KG","img":"https://fd8-photos.leclercdrive.fr/image.ashx?id=2483560&use=l&cat=p&typeid=i","cat":284328},{"id":16841,"n":"Génoises fourrées P'tit Déli Framboise cassis - 150g","p":1.06,"u":"7,07 €/KG","img":"https://fd8-photos.leclercdrive.fr/image.ashx?id=2473981&use=l&cat=p&typeid=i","cat":284489},{"id":16842,"n":"Spéculoos P'tit Déli 2x250g","p":1.47,"u":"2,94 €/KG","img":"https://fd8-photos.leclercdrive.fr/image.ashx?id=2046364&use=l&cat=p&typeid=i","cat":284487},{"id":16847,"n":"Chewing-gum Freedent white Menthe douce 70g","p":2.03,"u":"29,00 €/KG","img":"https://fd8-photos.leclercdrive.fr/image.ashx?id=2237289&use=l&cat=p&typeid=i","cat":304251},{"id":16848,"n":"Chewing gum Freedent white Menthe verte 70g","p":2.02,"u":"28,86 €/KG","img":"https://fd8-photos.leclercdrive.fr/image.ashx?id=2355899&use=l&cat=p&typeid=i","cat":304251},{"id":16849,"n":"Chewing-gum Freedent white Menthe forte 70g","p":2.03,"u":"29,00 €/KG","img":"https://fd8-photos.leclercdrive.fr/image.ashx?id=2237292&use=l&cat=p&typeid=i","cat":304251},{"id":16916,"n":"Croquette Tous Mes Amis Vitalité - viande de boeuf 10kg","p":12.99,"u":"1,30 €/KG","img":"https://fd8-photos.leclercdrive.fr/image.ashx?id=2078635&use=l&cat=p&typeid=i","cat":284672},{"id":16920,"n":"Coeurs d'artichaut Notre Jardin 240g","p":2.49,"u":"10,38 €/KG","img":"https://fd8-photos.leclercdrive.fr/image.ashx?id=2501994&use=l&cat=p&typeid=i","cat":312611},{"id":16943,"n":"Sauce bolognaise Jardin Bio Au boeuf bio 350g","p":2.97,"u":"8,49 €/KG","img":"https://fd8-photos.leclercdrive.fr/image.ashx?id=2828211&use=l&cat=p&typeid=i","cat":287599},{"id":16965,"n":"Harissa Phare du Cap Bon Tube - 70g","p":0.69,"u":"9,86 €/KG","img":"https://fd8-photos.leclercdrive.fr/image.ashx?id=2660946&use=l&cat=p&typeid=i","cat":289013},{"id":16996,"n":"Liquide de rinçage Visior Lave-vaisselle - 750ml","p":0.89,"u":"1,19 €/L","img":"https://fd8-photos.leclercdrive.fr/image.ashx?id=2874377&use=l&cat=p&typeid=i","cat":284657},{"id":17014,"n":"Fromage apéritif Apéricube Sélection festive 48 cubes","p":4.17,"u":"16,68 €/KG","img":"https://fd8-photos.leclercdrive.fr/image.ashx?id=2882665&use=l&cat=p&typeid=i","cat":314027},{"id":17036,"n":"Mouchoirs blancs 3 plis Caresse Boîte mouchoirs papier x90","p":1.04,"u":"0,01 €/P","img":"https://fd8-photos.leclercdrive.fr/image.ashx?id=1286020&use=l&cat=p&typeid=i","cat":284638},{"id":17037,"n":"Rasoir Carré Homme 5 lames - x1","p":4.69,"img":"https://fd8-photos.leclercdrive.fr/image.ashx?id=2704657&use=l&cat=p&typeid=i","cat":284616},{"id":17104,"n":"Tuiles Tokapi  Nature - 170g","p":1.35,"u":"7,94 €/KG","img":"https://fd8-photos.leclercdrive.fr/image.ashx?id=2632849&use=l&cat=p&typeid=i","cat":287899},{"id":17105,"n":"Chips Tuiles Tokapi Crème oignon - 170g","p":1.35,"u":"7,94 €/KG","img":"https://fd8-photos.leclercdrive.fr/image.ashx?id=2643375&use=l&cat=p&typeid=i","cat":287899},{"id":17108,"n":"Brume d'eau pure Inell 150ml","p":1.25,"u":"8,33 €/L","img":"https://fd8-photos.leclercdrive.fr/image.ashx?id=2712980&use=l&cat=p&typeid=i","cat":290295},{"id":17112,"n":"Limonade Bio village Bio - 1L","p":0.96,"u":"0,96 €/L","img":"https://fd8-photos.leclercdrive.fr/image.ashx?id=2632900&use=l&cat=p&typeid=i","cat":284531},{"id":17113,"n":"Cidre bouché Bio village Bio 4% vol - 75cl","p":2.29,"u":"3,05 €/L","img":"https://fd8-photos.leclercdrive.fr/image.ashx?id=2907255&use=l&cat=p&typeid=i","cat":334880},{"id":17158,"n":"Mozzarella Bio  Bio village - 125g","p":1.21,"u":"9,68 €/KG","img":"https://fd8-photos.leclercdrive.fr/image.ashx?id=2856350&use=l&cat=p&typeid=i","cat":314026},{"id":17165,"n":"Poulet blanc Maître coq Eleveur de nos régions - 1,3kg","p":7.01,"u":"5,39 €/KG","img":"https://fd8-photos.leclercdrive.fr/image.ashx?id=2926359&use=l&cat=p&typeid=i","cat":284336},{"id":17189,"n":"Biscuit petit dej P'tit Déli Miel/pépites chocolat - 400g","p":2.15,"u":"5,38 €/KG","img":"https://fd8-photos.leclercdrive.fr/image.ashx?id=2999502&use=l&cat=p&typeid=i","cat":284491},{"id":17220,"n":"Nettoyant spray Clair Anti-calcaire 750ml","p":0.94,"u":"1,25 €/L","img":"https://fd8-photos.leclercdrive.fr/image.ashx?id=2882316&use=l&cat=p&typeid=i","cat":325362},{"id":17223,"n":"Mouchoirs blancs 3 plis Caresse Boîte déco décor aléatoire x70","p":1.52,"u":"0,02 €/P","img":"https://fd8-photos.leclercdrive.fr/image.ashx?id=2812548&use=l&cat=p&typeid=i","cat":284638},{"id":17238,"n":"Cervelas fumés Stemmelen x3 - 300g","p":2.11,"u":"7,03 €/KG","img":"https://fd8-photos.leclercdrive.fr/image.ashx?id=2959952&use=l&cat=p&typeid=i","cat":316012},{"id":17239,"n":"Sauce nantua Giraudet 250g","p":3.44,"u":"13,76 €/KG","img":"https://fd8-photos.leclercdrive.fr/image.ashx?id=2214792&use=l&cat=p&typeid=i","cat":284382},{"id":17240,"n":"Quenelle nature Giraudet Pur beurre - 4x80g","p":4.96,"u":"15,50 €/KG","img":"https://fd8-photos.leclercdrive.fr/image.ashx?id=2214798&use=l&cat=p&typeid=i","cat":333682},{"id":17241,"n":"Quenelle nature Giraudet Pur beurre - 16x20g","p":4.47,"u":"13,97 €/KG","img":"https://fd8-photos.leclercdrive.fr/image.ashx?id=2533481&use=l&cat=p&typeid=i","cat":333682},{"id":17242,"n":"Quenelle au brochet Giraudet Pur beurre 4x80g","p":5.24,"u":"16,38 €/KG","img":"https://fd8-photos.leclercdrive.fr/image.ashx?id=2214807&use=l&cat=p&typeid=i","cat":333682},{"id":17244,"n":"Saucisses de Strasbourg  Stemmelen x6 - 240g","p":2.58,"u":"10,75 €/KG","img":"https://fd8-photos.leclercdrive.fr/image.ashx?id=2803673&use=l&cat=p&typeid=i","cat":316012},{"id":17252,"n":"Faisselle La Bressane - 6,5%mg - 6x100g","p":2.85,"u":"4,75 €/KG","img":"https://fd8-photos.leclercdrive.fr/image.ashx?id=2733403&use=l&cat=p&typeid=i","cat":284409},{"id":17254,"n":"Faisselle La Bressane - 6,5%mg - 12x100g","p":5.29,"u":"4,41 €/KG","img":"https://fd8-photos.leclercdrive.fr/image.ashx?id=2733406&use=l&cat=p&typeid=i","cat":284409},{"id":17287,"n":"Pâtes Alpina Savoie Nouilles Savoisiennes - 500g","p":1.42,"u":"2,84 €/KG","img":"https://fd8-photos.leclercdrive.fr/image.ashx?id=2789850&use=l&cat=p&typeid=i","cat":284427},{"id":17288,"n":"Pâtes Alpina Savoie Frisettes - 500g","p":1.46,"u":"2,92 €/KG","img":"https://fd8-photos.leclercdrive.fr/image.ashx?id=2789853&use=l&cat=p&typeid=i","cat":284427},{"id":17290,"n":"Pâtes Alpina Avoine - 500g","p":1.41,"u":"2,82 €/KG","img":"https://fd8-photos.leclercdrive.fr/image.ashx?id=2789856&use=l&cat=p&typeid=i","cat":284427},{"id":17291,"n":"Semoule de maïs Alpina Moyenne - 1kg","p":2.02,"u":"2,02 €/KG","img":"https://fd8-photos.leclercdrive.fr/image.ashx?id=2020218&use=l&cat=p&typeid=i","cat":284431},{"id":17292,"n":"Polenta Alpina Semoule de maïs - 500g","p":1.31,"u":"2,62 €/KG","img":"https://fd8-photos.leclercdrive.fr/image.ashx?id=2834485&use=l&cat=p&typeid=i","cat":284431},{"id":17294,"n":"Pâtes crozets nature Alpina 400g","p":2.68,"u":"6,70 €/KG","img":"https://fd8-photos.leclercdrive.fr/image.ashx?id=2795072&use=l&cat=p&typeid=i","cat":284427},{"id":17295,"n":"Pâtes crozets Alpina Savoie Au sarrasin - 400g","p":2.55,"u":"6,38 €/KG","img":"https://fd8-photos.leclercdrive.fr/image.ashx?id=2795075&use=l&cat=p&typeid=i","cat":284427},{"id":17303,"n":"Gros sel de mer iodé Baleine 1kg","p":0.64,"u":"0,64 €/KG","img":"https://fd8-photos.leclercdrive.fr/image.ashx?id=2788526&use=l&cat=p&typeid=i","cat":284457},{"id":17307,"n":"Rigotte mi chèvre Alpine From. 300g","p":4.34,"u":"14,47 €/KG","img":"https://fd8-photos.leclercdrive.fr/image.ashx?id=2105842&use=l&cat=p&typeid=i","cat":314031},{"id":17348,"n":"Lanières poivrons Notre Jardin 600g","p":2.15,"u":"3,58 €/KG","img":"https://fd8-photos.leclercdrive.fr/image.ashx?id=2916680&use=l&cat=p&typeid=i","cat":319805},{"id":17362,"n":"Moules ASC Pêche Océan Décortiquées - 500g","p":3.38,"u":"6,76 €/KG","img":"https://fd8-photos.leclercdrive.fr/image.ashx?id=2835023&use=l&cat=p&typeid=i","cat":319787},{"id":17390,"n":"Tampon à récurer Mamison x3","p":0.68,"u":"0,23 €/P","img":"https://fd8-photos.leclercdrive.fr/image.ashx?id=2216957&use=l&cat=p&typeid=i","cat":284667},{"id":17392,"n":"Mouchoirs blanc 4 plis Univert Etuis x15 - Ecolabel","p":1.95,"u":"0,13 €/P","img":"https://fd8-photos.leclercdrive.fr/image.ashx?id=2549951&use=l&cat=p&typeid=i","cat":284638},{"id":17410,"n":"Gel anticalcaire Texil 750ml","p":2.59,"u":"3,45 €/L","img":"https://fd8-photos.leclercdrive.fr/image.ashx?id=2958711&use=l&cat=p&typeid=i","cat":284653},{"id":17413,"n":"Sacs congélation zip Elembal Petit modèle x25","p":1.45,"u":"0,06 €/P","img":"https://fd8-photos.leclercdrive.fr/image.ashx?id=2751883&use=l&cat=p&typeid=i","cat":334134},{"id":17414,"n":"Activateur de lavage Textil Spécial blanc 10 tablettes","p":2.1,"u":"9,33 €/KG","img":"https://fd8-photos.leclercdrive.fr/image.ashx?id=2964565&use=l&cat=p&typeid=i","cat":284651},{"id":17423,"n":"IGP Côtes de Gascogne vin blanc Terrasses d'Autan - 75cl","p":2.99,"u":"3,99 €/L","img":"https://fd8-photos.leclercdrive.fr/image.ashx?id=2886448&use=l&cat=p&typeid=i","cat":289557},{"id":17425,"n":"Fromage blanc Délisse Vanille 2,5%MG - 8x100g","p":2.82,"u":"3,53 €/KG","img":"https://fd8-photos.leclercdrive.fr/image.ashx?id=3012827&use=l&cat=p&typeid=i","cat":284409},{"id":17469,"n":"Biscuits P'tit Déli Bâtonnets Chocolat blanc 150g","p":1.7,"u":"11,33 €/KG","img":"https://fd8-photos.leclercdrive.fr/image.ashx?id=2470195&use=l&cat=p&typeid=i","cat":284488},{"id":17476,"n":"Boudins noirs aux oignons Tradilège x3 - 375g","p":2.65,"u":"7,07 €/KG","img":"https://fd8-photos.leclercdrive.fr/image.ashx?id=2930754&use=l&cat=p&typeid=i","cat":316012},{"id":17478,"n":"Boudins noirs Tradilège Aux pommes 3x125g","p":3.55,"u":"9,47 €/KG","img":"https://fd8-photos.leclercdrive.fr/image.ashx?id=2580412&use=l&cat=p&typeid=i","cat":316012},{"id":17571,"n":"Crème entière fluide UHT Délisse - Brique 30%mg - 1L","p":4.25,"u":"4,25 €/L","img":"https://fd8-photos.leclercdrive.fr/image.ashx?id=2509980&use=l&cat=p&typeid=i","cat":284381},{"id":17584,"n":"Dissolvant Maybelline New York Manucure Express - 125ml","p":3.16,"u":"25,28 €/L","img":"https://fd8-photos.leclercdrive.fr/image.ashx?id=2348367&use=l&cat=p&typeid=i","cat":325347},{"id":17625,"n":"Bûche glacée Eskiss Fruits rouges et biscuit - 564g","p":3.94,"u":"6,99 €/KG","img":"https://fd8-photos.leclercdrive.fr/image.ashx?id=2459156&use=l&cat=p&typeid=i","cat":284266},{"id":17627,"n":"Mini bûches glacées Eskiss Assortiment - 311g","p":2.29,"u":"7,36 €/KG","img":"https://fd8-photos.leclercdrive.fr/image.ashx?id=2614458&use=l&cat=p&typeid=i","cat":284266},{"id":17653,"n":"Fromage apéritif Apéricube Best of des saveurs 48 cubes","p":4.17,"u":"16,68 €/KG","img":"https://fd8-photos.leclercdrive.fr/image.ashx?id=2882662&use=l&cat=p&typeid=i","cat":314027},{"id":17694,"n":"Couches bébé Mots d'Enfants T4+ Ultra confort - 9/20kg - x144","p":20.5,"u":"0,14 €/P","img":"https://fd8-photos.leclercdrive.fr/image.ashx?id=2689426&use=l&cat=p&typeid=i","cat":284737},{"id":17710,"n":"Sauce Hollandaise Knorr Au jus de citron - 30cl","p":1.5,"u":"5,00 €/L","img":"https://fd8-photos.leclercdrive.fr/image.ashx?id=2985099&use=l&cat=p&typeid=i","cat":288381},{"id":17717,"n":"Blanc de poulet Tradilège x4 160g","p":1.36,"u":"8,50 €/KG","img":"https://fd8-photos.leclercdrive.fr/image.ashx?id=2925738&use=l&cat=p&typeid=i","cat":316010},{"id":17718,"n":"Blanc de dinde Tradilège 4 tranches 160g","p":1.65,"u":"10,31 €/KG","img":"https://fd8-photos.leclercdrive.fr/image.ashx?id=2925735&use=l&cat=p&typeid=i","cat":316010},{"id":17754,"n":"Flageolets Cassegrain - 2x265g","p":3.25,"u":"6,13 €/KG","img":"https://fd8-photos.leclercdrive.fr/image.ashx?id=2983090&use=l&cat=p&typeid=i","cat":312606},{"id":17767,"n":"Gambas entières Pêche Océan ASC - 400g","p":8.99,"u":"22,48 €/KG","img":"https://fd8-photos.leclercdrive.fr/image.ashx?id=2147091&use=l&cat=p&typeid=i","cat":319787},{"id":17768,"n":"Boudins blancs au porto Tradilège x3 - 375g","p":3.89,"u":"10,37 €/KG","img":"https://fd8-photos.leclercdrive.fr/image.ashx?id=2252040&use=l&cat=p&typeid=i","cat":316012},{"id":17783,"n":"Chocolats Ferrero Rocher x24 pralines - 300g","p":9.73,"u":"32,43 €/KG","img":"https://fd8-photos.leclercdrive.fr/image.ashx?id=2944999&use=l&cat=p&typeid=i","cat":327600},{"id":17813,"n":"Détachant Texil avant lavage 500ml","p":1.75,"u":"3,50 €/L","img":"https://fd8-photos.leclercdrive.fr/image.ashx?id=2958708&use=l&cat=p&typeid=i","cat":284651},{"id":17825,"n":"Blinis cocktail Blini 2x170g","p":2.99,"u":"8,79 €/KG","img":"https://fd8-photos.leclercdrive.fr/image.ashx?id=2974620&use=l&cat=p&typeid=i","cat":285191},{"id":17845,"n":"Saumon crème fraîche Marie Fondue poireaux 400g","p":5.07,"u":"12,68 €/KG","img":"https://fd8-photos.leclercdrive.fr/image.ashx?id=2996785&use=l&cat=p&typeid=i","cat":319786},{"id":17899,"n":"Knacks pur porc Tradilège Fumées au bois x10 - 350g","p":1.52,"u":"4,34 €/KG","img":"https://fd8-photos.leclercdrive.fr/image.ashx?id=2448321&use=l&cat=p&typeid=i","cat":316012},{"id":17901,"n":"Macaroni d'Alsace NRT 250g","p":1.39,"u":"5,56 €/KG","img":"https://fd8-photos.leclercdrive.fr/image.ashx?id=2839989&use=l&cat=p&typeid=i","cat":284427},{"id":17917,"n":"Nettoyant canalisations Ouragan Fraîcheur mentholée - 1L","p":3.45,"u":"3,45 €/L","img":"https://fd8-photos.leclercdrive.fr/image.ashx?id=2367544&use=l&cat=p&typeid=i","cat":284662},{"id":17938,"n":"Flan nappé caramel Bio Bio Village - 4x125g","p":1.99,"u":"3,98 €/KG","img":"https://fd8-photos.leclercdrive.fr/image.ashx?id=2992627&use=l&cat=p&typeid=i","cat":284420},{"id":17995,"n":"Acide chlorhydrique Phébus Détartrant puissant 1L","p":2.5,"u":"2,50 €/L","img":"https://fd8-photos.leclercdrive.fr/image.ashx?id=2432088&use=l&cat=p&typeid=i","cat":300576},{"id":18000,"n":"Lait céréales Blédidej 12 mois Chocolat biscuité - 4x250ml","p":3.52,"u":"3,52 €/L","img":"https://fd8-photos.leclercdrive.fr/image.ashx?id=2921028&use=l&cat=p&typeid=i","cat":312226},{"id":18002,"n":"Lait céréales Blédidej 12 mois Biscuité vanille - 4x250ml","p":3.35,"u":"3,35 €/L","img":"https://fd8-photos.leclercdrive.fr/image.ashx?id=2921034&use=l&cat=p&typeid=i","cat":312226},{"id":18003,"n":"Lait céréales Blédidej 12 mois Vanille chocolat - 4x250ml","p":3.44,"u":"3,44 €/L","img":"https://fd8-photos.leclercdrive.fr/image.ashx?id=2921031&use=l&cat=p&typeid=i","cat":312226},{"id":18066,"n":"Nouilles chinoises Suzi Wan En nid - 250g","p":1.64,"u":"6,56 €/KG","img":"https://fd8-photos.leclercdrive.fr/image.ashx?id=2886253&use=l&cat=p&typeid=i","cat":288992},{"id":18070,"n":"Fromage frais bio Bio Village Fruits panachés - 12x50g","p":2.76,"u":"4,60 €/KG","img":"https://fd8-photos.leclercdrive.fr/image.ashx?id=2992630&use=l&cat=p&typeid=i","cat":284409},{"id":18100,"n":"Lait céréales bébé Blédiner 12m Légumes soir - 2x250ml","p":1.79,"u":"3,58 €/L","img":"https://fd8-photos.leclercdrive.fr/image.ashx?id=2960144&use=l&cat=p&typeid=i","cat":312239},{"id":18123,"n":"Barres Copains Copines x16 - 200g","p":2.25,"u":"11,25 €/KG","img":"https://fd8-photos.leclercdrive.fr/image.ashx?id=2872442&use=l&cat=p&typeid=i","cat":284498},{"id":18124,"n":"Pêche poire cerise  Douceur du Verger - 4x70g","p":2.79,"u":"9,96 €/KG","img":"https://fd8-photos.leclercdrive.fr/image.ashx?id=2149378&use=l&cat=p&typeid=i","cat":284507},{"id":18207,"n":"Lingettes démaquillantes Inell x25","p":1.34,"u":"0,05 €/P","img":"https://fd8-photos.leclercdrive.fr/image.ashx?id=2769579&use=l&cat=p&typeid=i","cat":284603},{"id":18208,"n":"Lingettes démaquillantes Inell x25","p":1.34,"u":"0,05 €/P","img":"https://fd8-photos.leclercdrive.fr/image.ashx?id=2752622&use=l&cat=p&typeid=i","cat":284603},{"id":18218,"n":"Chipolatas Férial x6 - 330g","p":3.49,"u":"10,58 €/KG","img":"https://fd8-photos.leclercdrive.fr/image.ashx?id=2837096&use=l&cat=p&typeid=i","cat":284334},{"id":18219,"n":"Merguez Férial x6 - 330g","p":4.19,"u":"12,70 €/KG","img":"https://fd8-photos.leclercdrive.fr/image.ashx?id=2840019&use=l&cat=p&typeid=i","cat":284334},{"id":18221,"n":"Lardons supérieurs Tradilège Nature - 2x100g","p":1.85,"u":"9,25 €/KG","img":"https://fd8-photos.leclercdrive.fr/image.ashx?id=2933340&use=l&cat=p&typeid=i","cat":316011},{"id":18223,"n":"Lardons supérieurs Tradilège Fumés - 2x100g","p":1.85,"u":"9,25 €/KG","img":"https://fd8-photos.leclercdrive.fr/image.ashx?id=2933343&use=l&cat=p&typeid=i","cat":316011},{"id":18224,"n":"Allumettes Tradilège Nature - 2x100g","p":1.75,"u":"8,75 €/KG","img":"https://fd8-photos.leclercdrive.fr/image.ashx?id=2933349&use=l&cat=p&typeid=i","cat":316011},{"id":18225,"n":"Allumettes Tradilège Fumées - 2x100g","p":1.75,"u":"8,75 €/KG","img":"https://fd8-photos.leclercdrive.fr/image.ashx?id=2933346&use=l&cat=p&typeid=i","cat":316011},{"id":18227,"n":"Lardons supérieurs Tradilège Nature - 160g","p":1.5,"u":"9,38 €/KG","img":"https://fd8-photos.leclercdrive.fr/image.ashx?id=2751949&use=l&cat=p&typeid=i","cat":316011},{"id":18230,"n":"Lardons supérieurs Tradilège Fumés - 160g","p":1.5,"u":"9,38 €/KG","img":"https://fd8-photos.leclercdrive.fr/image.ashx?id=2816636&use=l&cat=p&typeid=i","cat":316011},{"id":18231,"n":"Poitrine fumée Tradilège 4 tranches 300 gr","p":4.65,"u":"15,50 €/KG","img":"https://fd8-photos.leclercdrive.fr/image.ashx?id=2852273&use=l&cat=p&typeid=i","cat":316011},{"id":18233,"n":"Poitrine Fumée Tradilège Tranches fines - 2x7T - 200g","p":2.48,"u":"12,40 €/KG","img":"https://fd8-photos.leclercdrive.fr/image.ashx?id=2852267&use=l&cat=p&typeid=i","cat":316011},{"id":18238,"n":"Mousse de canard Tradilège 180g","p":1.16,"u":"6,44 €/KG","img":"https://fd8-photos.leclercdrive.fr/image.ashx?id=2925729&use=l&cat=p&typeid=i","cat":316008},{"id":18240,"n":"Mousse de canard Tradilège 2x50g","p":1.09,"u":"10,90 €/KG","img":"https://fd8-photos.leclercdrive.fr/image.ashx?id=2840404&use=l&cat=p&typeid=i","cat":316008},{"id":18241,"n":"Pâté de campagne Tradilège Supérieur 180g","p":1.25,"u":"6,94 €/KG","img":"https://fd8-photos.leclercdrive.fr/image.ashx?id=2844848&use=l&cat=p&typeid=i","cat":316008},{"id":18245,"n":"Rillettes du Mans Tradilège 220g","p":1.45,"u":"6,59 €/KG","img":"https://fd8-photos.leclercdrive.fr/image.ashx?id=2548124&use=l&cat=p&typeid=i","cat":316008},{"id":18246,"n":"Rillettes du Mans Tradilège 400g","p":2.32,"u":"5,80 €/KG","img":"https://fd8-photos.leclercdrive.fr/image.ashx?id=2580385&use=l&cat=p&typeid=i","cat":316008},{"id":18250,"n":"Saucisses Francfort Tradilège x4 240g","p":2.07,"u":"8,63 €/KG","img":"https://fd8-photos.leclercdrive.fr/image.ashx?id=2905955&use=l&cat=p&typeid=i","cat":316012},{"id":18251,"n":"Knacks Tradilège Fumées au bois - x4 - 140g","p":1.05,"u":"7,50 €/KG","img":"https://fd8-photos.leclercdrive.fr/image.ashx?id=2930739&use=l&cat=p&typeid=i","cat":316012},{"id":18252,"n":"Knacks Tradilège Fumées au bois - x6 - 210g","p":1.38,"u":"6,57 €/KG","img":"https://fd8-photos.leclercdrive.fr/image.ashx?id=2448318&use=l&cat=p&typeid=i","cat":316012},{"id":18257,"n":"Saucisses Cocktail Tradilège 400g","p":2.82,"u":"7,05 €/KG","img":"https://fd8-photos.leclercdrive.fr/image.ashx?id=2659082&use=l&cat=p&typeid=i","cat":316012},{"id":18258,"n":"Saucisse Tradilège Mini Knacks Pot micro ondable 200g","p":2.59,"u":"12,95 €/KG","img":"https://fd8-photos.leclercdrive.fr/image.ashx?id=2930921&use=l&cat=p&typeid=i","cat":316012},{"id":18262,"n":"Cervelas supérieur Tradilège 300g","p":2.1,"u":"7,00 €/KG","img":"https://fd8-photos.leclercdrive.fr/image.ashx?id=2421636&use=l&cat=p&typeid=i","cat":316012},{"id":18266,"n":"Dés de jambon Tradilège 2x75g","p":1.49,"u":"9,93 €/KG","img":"https://fd8-photos.leclercdrive.fr/image.ashx?id=2925732&use=l&cat=p&typeid=i","cat":316011},{"id":18267,"n":"Allumettes de jambon Tradilège 2x75g","p":1.05,"u":"7,00 €/KG","img":"https://fd8-photos.leclercdrive.fr/image.ashx?id=2925716&use=l&cat=p&typeid=i","cat":316011},{"id":18268,"n":"Rôti de porc Tradilège 4 tranches 160g","p":2.14,"u":"13,38 €/KG","img":"https://fd8-photos.leclercdrive.fr/image.ashx?id=2678541&use=l&cat=p&typeid=i","cat":316009},{"id":18287,"n":"Céréales Extra Kellogg's Chocolat au lait - 500g","p":3.14,"u":"6,28 €/KG","img":"https://fd8-photos.leclercdrive.fr/image.ashx?id=2692707&use=l&cat=p&typeid=i","cat":309512},{"id":18351,"n":"Fromage à tartiner Les Croisés Nature - 25%mg - 150g","p":1.24,"u":"8,27 €/KG","img":"https://fd8-photos.leclercdrive.fr/image.ashx?id=1671226&use=l&cat=p&typeid=i","cat":314029},{"id":18353,"n":"Mini viennoiseries 12p","p":4.5,"u":"0,38 €/P","img":"https://fd8-photos.leclercdrive.fr/image.ashx?id=599241&use=l&cat=p&typeid=i","cat":284984},{"id":18355,"n":"Gambas sauvage Pêche Océan Taille 4/7 500g","p":11.47,"u":"22,94 €/KG","img":"https://fd8-photos.leclercdrive.fr/image.ashx?id=1921616&use=l&cat=p&typeid=i","cat":319787},{"id":18363,"n":"Pots bébé bio Babybio Maïs poulet - 8 mois - 2x200g","p":2.85,"u":"7,13 €/KG","img":"https://fd8-photos.leclercdrive.fr/image.ashx?id=2827461&use=l&cat=p&typeid=i","cat":312236},{"id":18364,"n":"Haricots rouges D'aucy  250g","p":1.14,"u":"4,56 €/KG","img":"https://fd8-photos.leclercdrive.fr/image.ashx?id=2538434&use=l&cat=p&typeid=i","cat":312606},{"id":18374,"n":"Petits pois d'aucy  Extra-fins - 280g","p":1.02,"u":"3,64 €/KG","img":"https://fd8-photos.leclercdrive.fr/image.ashx?id=2503434&use=l&cat=p&typeid=i","cat":312607},{"id":18375,"n":"Petits pois carottes d''Aucy Extra fins - 265g","p":1.08,"u":"4,08 €/KG","img":"https://fd8-photos.leclercdrive.fr/image.ashx?id=2475324&use=l&cat=p&typeid=i","cat":312607},{"id":18408,"n":"Thon entier Pêche Océan Naturel - 140g","p":1.9,"u":"13,57 €/KG","img":"https://fd8-photos.leclercdrive.fr/image.ashx?id=2942187&use=l&cat=p&typeid=i","cat":303867},{"id":18409,"n":"Thon entier Pêche Océan Naturel - 93g","p":1.39,"u":"14,95 €/KG","img":"https://fd8-photos.leclercdrive.fr/image.ashx?id=2943635&use=l&cat=p&typeid=i","cat":303867},{"id":18437,"n":"Allumettes Bacon Tradilège Fumées - 2x100g","p":1.74,"u":"8,70 €/KG","img":"https://fd8-photos.leclercdrive.fr/image.ashx?id=2905952&use=l&cat=p&typeid=i","cat":316011},{"id":18441,"n":"Pur jus de fruits Jafaden Mandarine - 1L","p":2.39,"u":"2,39 €/L","img":"https://fd8-photos.leclercdrive.fr/image.ashx?id=2956044&use=l&cat=p&typeid=i","cat":284915},{"id":18521,"n":"Papier toilette Mimosa Blanc double épaisseur - x12","p":2.85,"u":"0,24 €/P","img":"https://fd8-photos.leclercdrive.fr/image.ashx?id=2073179&use=l&cat=p&typeid=i","cat":284634},{"id":18556,"n":"Feutres pour ardoise Velleda 1721 Fin bleu - Odeur neutre x2","p":1.28,"u":"0,64 €/P","img":"https://fd8-photos.leclercdrive.fr/image.ashx?id=2318465&use=l&cat=p&typeid=i","cat":334133},{"id":18562,"n":"Feuille papier calque Esquisse x12 21x29,7cm","p":1.19,"img":"https://fd8-photos.leclercdrive.fr/image.ashx?id=2943172&use=l&cat=p&typeid=i","cat":284697},{"id":18564,"n":"Papier millimétré Esquisse 21x29,7cm - x12","p":1.19,"img":"https://fd8-photos.leclercdrive.fr/image.ashx?id=2943175&use=l&cat=p&typeid=i","cat":284697},{"id":18571,"n":"Surligneur Stabilo Boss Original - Jaune","p":1.29,"img":"https://fd8-photos.leclercdrive.fr/image.ashx?id=2736265&use=l&cat=p&typeid=i","cat":284696},{"id":18577,"n":"Papier toilette Mimosa Blanc - Ultra doux - x24","p":4.33,"u":"0,18 €/P","img":"https://fd8-photos.leclercdrive.fr/image.ashx?id=2777851&use=l&cat=p&typeid=i","cat":284634},{"id":18598,"n":"Yaourts à la Grecque Délisse Mûre Framboise - 4x150g","p":1.99,"u":"3,32 €/KG","img":"https://fd8-photos.leclercdrive.fr/image.ashx?id=2699441&use=l&cat=p&typeid=i","cat":314999},{"id":18669,"n":"Snacks Tokapi 4 saveurs - 100g","p":0.87,"u":"8,70 €/KG","img":"https://fd8-photos.leclercdrive.fr/image.ashx?id=2884234&use=l&cat=p&typeid=i","cat":284449},{"id":18670,"n":"Tuiles Tokapi Bacon - 170g","p":1.39,"u":"8,18 €/KG","img":"https://fd8-photos.leclercdrive.fr/image.ashx?id=2657205&use=l&cat=p&typeid=i","cat":287899},{"id":18671,"n":"Tuiles Tokapi Paprika - 170g","p":1.35,"u":"7,94 €/KG","img":"https://fd8-photos.leclercdrive.fr/image.ashx?id=2632852&use=l&cat=p&typeid=i","cat":287899},{"id":18676,"n":"Allume-feu Silex cubes 18 sachets individuels","p":3.23,"img":"https://fd8-photos.leclercdrive.fr/image.ashx?id=2643584&use=l&cat=p&typeid=i","cat":300578},{"id":18749,"n":"Carpaccio au Basilic Férial - 200g","p":4.35,"u":"21,75 €/KG","img":"https://fd8-photos.leclercdrive.fr/image.ashx?id=2930549&use=l&cat=p&typeid=i","cat":284328},{"id":18754,"n":"Boulettes nature Férial x12 - 300g","p":4.09,"u":"13,63 €/KG","img":"https://fd8-photos.leclercdrive.fr/image.ashx?id=2816624&use=l&cat=p&typeid=i","cat":284332},{"id":18953,"n":"Thon entier Pêche Océan Naturel - 186g","p":2.5,"u":"13,44 €/KG","img":"https://fd8-photos.leclercdrive.fr/image.ashx?id=2942193&use=l&cat=p&typeid=i","cat":303867},{"id":18968,"n":"Gâteaux mini marbrés P'tit Déli Chocolat x7 - 189g","p":1.59,"u":"8,41 €/KG","img":"https://fd8-photos.leclercdrive.fr/image.ashx?id=1947360&use=l&cat=p&typeid=i","cat":284495},{"id":18983,"n":"Crème glacée Eskiss Noix de coco - 494g","p":2.82,"u":"5,71 €/KG","img":"https://fd8-photos.leclercdrive.fr/image.ashx?id=2982607&use=l&cat=p&typeid=i","cat":284263},{"id":18996,"n":"Confiture Bonne Maman 4 fruits rouges - 370g","p":2.36,"u":"6,38 €/KG","img":"https://fd8-photos.leclercdrive.fr/image.ashx?id=2547474&use=l&cat=p&typeid=i","cat":284480},{"id":18997,"n":"Confiture Bonne Maman Châtaigne 370g","p":2.01,"u":"5,43 €/KG","img":"https://fd8-photos.leclercdrive.fr/image.ashx?id=2474987&use=l&cat=p&typeid=i","cat":284480},{"id":19023,"n":"Sirop Frucci Citron - 1L","p":2.04,"u":"2,04 €/L","img":"https://fd8-photos.leclercdrive.fr/image.ashx?id=2955656&use=l&cat=p&typeid=i","cat":295020},{"id":19066,"n":"Vodka Poliakov 37,5%vol - 1L","p":15.94,"u":"15,94 €/L","img":"https://fd8-photos.leclercdrive.fr/image.ashx?id=2576916&use=l&cat=p&typeid=i","cat":284550},{"id":19098,"n":"Cookies gros éclats Granola Chocolat - 184g","p":1.8,"u":"9,78 €/KG","img":"https://fd8-photos.leclercdrive.fr/image.ashx?id=2996413&use=l&cat=p&typeid=i","cat":325066},{"id":19102,"n":"Croquettes chat Purina One Stérilisé-Saumon/Céréales-1,5kg","p":6.86,"u":"4,57 €/KG","img":"https://fd8-photos.leclercdrive.fr/image.ashx?id=2541268&use=l&cat=p&typeid=i","cat":284680},{"id":19109,"n":"Café moulu Bio Ethiquable  100% Arabica Equateur - 250g","p":5.04,"u":"20,16 €/KG","img":"https://fd8-photos.leclercdrive.fr/image.ashx?id=2875153&use=l&cat=p&typeid=i","cat":284750},{"id":19110,"n":"Boeuf Bourguignon Côté Table 300g","p":2.04,"u":"6,80 €/KG","img":"https://fd8-photos.leclercdrive.fr/image.ashx?id=2517679&use=l&cat=p&typeid=i","cat":284953},{"id":19112,"n":"Thé vert Bio Ethiquable Gingembre Citron vert x20 - 36g","p":2.81,"u":"78,06 €/KG","img":"https://fd8-photos.leclercdrive.fr/image.ashx?id=2870842&use=l&cat=p&typeid=i","cat":293233},{"id":19116,"n":"Céréales croustillants Bio bjorg  chocolat noir - 500g","p":3.35,"u":"6,70 €/KG","img":"https://fd8-photos.leclercdrive.fr/image.ashx?id=2972967&use=l&cat=p&typeid=i","cat":309512},{"id":19119,"n":"Pains au lait La Boulangère Bio x8 - 280g","p":2.05,"u":"7,32 €/KG","img":"https://fd8-photos.leclercdrive.fr/image.ashx?id=2972460&use=l&cat=p&typeid=i","cat":293505},{"id":19138,"n":"Semoule Couscous Bio Village Semi complet Bio - 500g","p":1.95,"u":"3,90 €/KG","img":"https://fd8-photos.leclercdrive.fr/image.ashx?id=2814217&use=l&cat=p&typeid=i","cat":284429},{"id":19146,"n":"Cappelletti bio Céréal Bio tofu et Chèvre express-220g","p":1.9,"u":"8,64 €/KG","img":"https://fd8-photos.leclercdrive.fr/image.ashx?id=2642372&use=l&cat=p&typeid=i","cat":287600},{"id":19152,"n":"Huile d'olive Bio Soleou Vierge extra fruttato - 75cl","p":9.78,"u":"13,04 €/L","img":"https://fd8-photos.leclercdrive.fr/image.ashx?id=2732614&use=l&cat=p&typeid=i","cat":284453},{"id":19199,"n":"Pain de mie La Boulangère à la  Farine complète Bio - 500g","p":2.0,"u":"4,00 €/KG","img":"https://fd8-photos.leclercdrive.fr/image.ashx?id=2912386&use=l&cat=p&typeid=i","cat":284477},{"id":19202,"n":"Galettes bio Bio Village 4 céréales x17 - 130g","p":0.99,"u":"7,62 €/KG","img":"https://fd8-photos.leclercdrive.fr/image.ashx?id=2816154&use=l&cat=p&typeid=i","cat":318651},{"id":19211,"n":"Lentilles Préparées Cassegrain Tendres et Fondants 265g","p":1.65,"u":"6,23 €/KG","img":"https://fd8-photos.leclercdrive.fr/image.ashx?id=2952460&use=l&cat=p&typeid=i","cat":312609},{"id":19231,"n":"Petit Pois Cassegrain Tendres et Fondants 140g","p":1.3,"u":"9,29 €/KG","img":"https://fd8-photos.leclercdrive.fr/image.ashx?id=2912974&use=l&cat=p&typeid=i","cat":312607},{"id":19232,"n":"Printanière Cassegrain Carotte, Petit Pois, Champignon - 265g","p":2.14,"u":"8,08 €/KG","img":"https://fd8-photos.leclercdrive.fr/image.ashx?id=2913001&use=l&cat=p&typeid=i","cat":312612},{"id":19239,"n":"Fruits au sirop St Mamet Pêches - 475g","p":2.75,"u":"5,79 €/KG","img":"https://fd8-photos.leclercdrive.fr/image.ashx?id=2630217&use=l&cat=p&typeid=i","cat":284507},{"id":19240,"n":"Fruits au sirop St Mamet Poires Williams - 465g","p":3.18,"u":"6,84 €/KG","img":"https://fd8-photos.leclercdrive.fr/image.ashx?id=2630223&use=l&cat=p&typeid=i","cat":284507},{"id":19255,"n":"Croquettes chat Purina One Light Adulte -Poulet/Blé -1,5kg","p":7.19,"u":"4,79 €/KG","img":"https://fd8-photos.leclercdrive.fr/image.ashx?id=2432010&use=l&cat=p&typeid=i","cat":284680},{"id":19256,"n":"Croquettes chat Purina One Adulte d'intérieur-Dinde -1,5kg","p":7.23,"u":"4,82 €/KG","img":"https://fd8-photos.leclercdrive.fr/image.ashx?id=2902271&use=l&cat=p&typeid=i","cat":284680},{"id":19257,"n":"Croquettes chat Purina One Sensible Adulte-Dinde/Riz-450g","p":2.62,"u":"5,82 €/KG","img":"https://fd8-photos.leclercdrive.fr/image.ashx?id=2459658&use=l&cat=p&typeid=i","cat":284680},{"id":19258,"n":"Croquettes chat Plénima Premium Stérilisé - 450g","p":1.75,"u":"3,89 €/KG","img":"https://fd8-photos.leclercdrive.fr/image.ashx?id=1943373&use=l&cat=p&typeid=i","cat":284680},{"id":19279,"n":"Sucre de canne Daddy En morceaux - 1kg","p":2.23,"u":"2,23 €/KG","img":"https://fd8-photos.leclercdrive.fr/image.ashx?id=2908576&use=l&cat=p&typeid=i","cat":284502},{"id":19284,"n":"Huile pépins de raisin Cauvin 1l","p":6.67,"u":"6,67 €/L","img":"https://fd8-photos.leclercdrive.fr/image.ashx?id=2479234&use=l&cat=p&typeid=i","cat":284453},{"id":19285,"n":"Sauce crudités Rustica Fines herbes - 50cl","p":0.88,"u":"1,76 €/L","img":"https://fd8-photos.leclercdrive.fr/image.ashx?id=1972916&use=l&cat=p&typeid=i","cat":284456},{"id":19293,"n":"Lait céréales bébé Blédiner 12m Carotte pois soir - 2x250ml","p":1.76,"u":"3,52 €/L","img":"https://fd8-photos.leclercdrive.fr/image.ashx?id=2949856&use=l&cat=p&typeid=i","cat":312239},{"id":19296,"n":"Gressins Tokapi Sésame - 125g","p":1.17,"u":"9,36 €/KG","img":"https://fd8-photos.leclercdrive.fr/image.ashx?id=1993574&use=l&cat=p&typeid=i","cat":297000},{"id":19297,"n":"Lait céréales bébé Blédiner 6m Potiron soir - 2x250ml","p":1.8,"u":"3,60 €/L","img":"https://fd8-photos.leclercdrive.fr/image.ashx?id=2960141&use=l&cat=p&typeid=i","cat":312239},{"id":19298,"n":"Gressins Tokapi  Huile d'olive romarin - 125g","p":1.41,"u":"11,28 €/KG","img":"https://fd8-photos.leclercdrive.fr/image.ashx?id=1993577&use=l&cat=p&typeid=i","cat":297000},{"id":19301,"n":"Céréales Tipiak Méditerranéennes 2x200g","p":1.97,"u":"4,93 €/KG","img":"https://fd8-photos.leclercdrive.fr/image.ashx?id=2766253&use=l&cat=p&typeid=i","cat":284429},{"id":19303,"n":"Mini penne Turini 500g","p":0.98,"u":"1,96 €/KG","img":"https://fd8-photos.leclercdrive.fr/image.ashx?id=3015063&use=l&cat=p&typeid=i","cat":284427},{"id":19304,"n":"Mini farfalle Turini 500g","p":1.26,"u":"2,52 €/KG","img":"https://fd8-photos.leclercdrive.fr/image.ashx?id=2607494&use=l&cat=p&typeid=i","cat":284427},{"id":19305,"n":"Pâtes Spaghetti Panzani 3 Minutes - 500G","p":1.2,"u":"2,40 €/KG","img":"https://fd8-photos.leclercdrive.fr/image.ashx?id=3008035&use=l&cat=p&typeid=i","cat":284427},{"id":19308,"n":"Epices pour guacamole Old el paso - 20g","p":1.12,"u":"56,00 €/KG","img":"https://fd8-photos.leclercdrive.fr/image.ashx?id=2858168&use=l&cat=p&typeid=i","cat":288993},{"id":19313,"n":"Tartelettes Bonne Maman A la framboise étui 135g","p":1.38,"u":"10,22 €/KG","img":"https://fd8-photos.leclercdrive.fr/image.ashx?id=2984383&use=l&cat=p&typeid=i","cat":284489},{"id":19319,"n":"Cookies Eco+ Pépites de chocolat - 200g","p":0.92,"u":"4,60 €/KG","img":"https://fd8-photos.leclercdrive.fr/image.ashx?id=2821875&use=l&cat=p&typeid=i","cat":325066},{"id":19353,"n":"Mao Croqui Haribo Sachet bonbons - 250g","p":1.38,"u":"5,52 €/KG","img":"https://fd8-photos.leclercdrive.fr/image.ashx?id=2805192&use=l&cat=p&typeid=i","cat":304250},{"id":19356,"n":"Infusion bio Jardin Bio Thym Menthe - x20 sachets - 30g","p":1.82,"u":"60,67 €/KG","img":"https://fd8-photos.leclercdrive.fr/image.ashx?id=2792654&use=l&cat=p&typeid=i","cat":293234},{"id":19364,"n":"Madeleines extra Ker Cadélac Coquilles moelleuses x24 - 600g","p":3.08,"u":"5,13 €/KG","img":"https://fd8-photos.leclercdrive.fr/image.ashx?id=2939511&use=l&cat=p&typeid=i","cat":284492},{"id":19366,"n":"Barres céréales Grany Chocolat - 125g","p":1.78,"u":"14,24 €/KG","img":"https://fd8-photos.leclercdrive.fr/image.ashx?id=2773613&use=l&cat=p&typeid=i","cat":285869},{"id":19386,"n":"Méli mélo céréales lég Tipiak 330g","p":2.24,"u":"6,79 €/KG","img":"https://fd8-photos.leclercdrive.fr/image.ashx?id=2563715&use=l&cat=p&typeid=i","cat":284429},{"id":19402,"n":"Chocolat Côte d'Or Noir pâte d'amandes 150g","p":3.12,"u":"20,80 €/KG","img":"https://fd8-photos.leclercdrive.fr/image.ashx?id=2985585&use=l&cat=p&typeid=i","cat":284956},{"id":19407,"n":"Tablette chocolat Milka Chocolat lait/daim - 2x100g","p":3.06,"u":"15,30 €/KG","img":"https://fd8-photos.leclercdrive.fr/image.ashx?id=3009149&use=l&cat=p&typeid=i","cat":284497},{"id":19408,"n":"Soupe Velouté Bio Village Bio Légumes verts - 1L","p":2.42,"u":"2,42 €/L","img":"https://fd8-photos.leclercdrive.fr/image.ashx?id=732097&use=l&cat=p&typeid=i","cat":284462},{"id":19411,"n":"Compote Allégée en sucres Eco+ Coupelle pomme - 4x100g","p":0.55,"u":"1,38 €/KG","img":"https://fd8-photos.leclercdrive.fr/image.ashx?id=1961398&use=l&cat=p&typeid=i","cat":284508},{"id":19416,"n":"Dessert fruitier Andros Pomme allégé 730g","p":1.28,"u":"1,75 €/KG","img":"https://fd8-photos.leclercdrive.fr/image.ashx?id=2369930&use=l&cat=p&typeid=i","cat":284508},{"id":19418,"n":"Pâtes serpentini Turini 500g","p":0.84,"u":"1,68 €/KG","img":"https://fd8-photos.leclercdrive.fr/image.ashx?id=2744231&use=l&cat=p&typeid=i","cat":284427},{"id":19420,"n":"Pâtes Torsades Turini Nature tomate épinard - 500g","p":1.1,"u":"2,20 €/KG","img":"https://fd8-photos.leclercdrive.fr/image.ashx?id=2607485&use=l&cat=p&typeid=i","cat":284427},{"id":19424,"n":"Spaghetti Turini Au blé complet - 500g","p":0.95,"u":"1,90 €/KG","img":"https://fd8-photos.leclercdrive.fr/image.ashx?id=2607497&use=l&cat=p&typeid=i","cat":284427},{"id":19426,"n":"Gâteaux L'Ourson Lulu LU Chocolat - 150g","p":1.3,"u":"8,67 €/KG","img":"https://fd8-photos.leclercdrive.fr/image.ashx?id=3014425&use=l&cat=p&typeid=i","cat":284495},{"id":19427,"n":"Pâtes penne Turini Blé complet - 500g","p":1.0,"u":"2,00 €/KG","img":"https://fd8-photos.leclercdrive.fr/image.ashx?id=2607500&use=l&cat=p&typeid=i","cat":284427},{"id":19432,"n":"Pains au chocolat Eco+ x10 - 450g","p":1.55,"u":"3,44 €/KG","img":"https://fd8-photos.leclercdrive.fr/image.ashx?id=2927833&use=l&cat=p&typeid=i","cat":296366},{"id":19433,"n":"Pain au lait Eco+ x10 - 400g","p":0.99,"u":"2,48 €/KG","img":"https://fd8-photos.leclercdrive.fr/image.ashx?id=2643578&use=l&cat=p&typeid=i","cat":293505},{"id":19435,"n":"Barres de céréales Special K Kellogg's Chocolat lait - 6x20g","p":2.17,"u":"18,08 €/KG","img":"https://fd8-photos.leclercdrive.fr/image.ashx?id=2306366&use=l&cat=p&typeid=i","cat":285869},{"id":19440,"n":"Flageolets d'aucy  Extra-fins - 530g","p":1.89,"u":"3,57 €/KG","img":"https://fd8-photos.leclercdrive.fr/image.ashx?id=2486152&use=l&cat=p&typeid=i","cat":312606},{"id":19443,"n":"Thé vert Bio Ethiquable Tonique Ceylan x20 - 36g","p":2.81,"u":"78,06 €/KG","img":"https://fd8-photos.leclercdrive.fr/image.ashx?id=2971676&use=l&cat=p&typeid=i","cat":293233},{"id":19455,"n":"Confiture bio Jardin Bio Allégée framboises - 320g","p":2.94,"u":"9,19 €/KG","img":"https://fd8-photos.leclercdrive.fr/image.ashx?id=2537580&use=l&cat=p&typeid=i","cat":284480},{"id":19463,"n":"Sticks dentaires Lydog Moyen chien - x7 - 180g","p":1.39,"u":"7,72 €/KG","img":"https://fd8-photos.leclercdrive.fr/image.ashx?id=1878598&use=l&cat=p&typeid=i","cat":294527},{"id":19471,"n":"Mélange Le Sélect Vico Graines variées - 100g","p":2.19,"u":"21,90 €/KG","img":"https://fd8-photos.leclercdrive.fr/image.ashx?id=2569839&use=l&cat=p&typeid=i","cat":284448},{"id":19473,"n":"Assiettes rondes Homeside Biodégradables 23cm x25","p":2.99,"img":"https://fd8-photos.leclercdrive.fr/image.ashx?id=1659687&use=l&cat=p&typeid=i","cat":334134},{"id":19487,"n":"Cassoulet Toulousain   Raynal Et Roquelaure - 840g","p":4.32,"u":"5,14 €/KG","img":"https://fd8-photos.leclercdrive.fr/image.ashx?id=2928387&use=l&cat=p&typeid=i","cat":284440},{"id":19491,"n":"Couscous tunisien Côté Table Kefta merguez - 300g","p":2.19,"u":"7,30 €/KG","img":"https://fd8-photos.leclercdrive.fr/image.ashx?id=2900097&use=l&cat=p&typeid=i","cat":284953},{"id":19505,"n":"Olives vertes Crespo Dénoyautées 160g","p":1.99,"u":"12,44 €/KG","img":"https://fd8-photos.leclercdrive.fr/image.ashx?id=2616895&use=l&cat=p&typeid=i","cat":284458},{"id":19518,"n":"Cahier de Brouillon Eco+ 96 pages","p":0.49,"img":"https://fd8-photos.leclercdrive.fr/image.ashx?id=2943133&use=l&cat=p&typeid=i","cat":284697},{"id":19535,"n":"Stick lèvres Inell Nourrissant - 2 pièces","p":1.99,"u":"1,00 €/P","img":"https://fd8-photos.leclercdrive.fr/image.ashx?id=2841622&use=l&cat=p&typeid=i","cat":285485},{"id":19542,"n":"Filets de saumon rose Findus Pacifique - MSC - x4 - 400g","p":11.34,"u":"28,35 €/KG","img":"https://fd8-photos.leclercdrive.fr/image.ashx?id=2735326&use=l&cat=p&typeid=i","cat":319786},{"id":19575,"n":"Lait démaquillant Inell Douceur 250ml","p":1.59,"u":"6,36 €/L","img":"https://fd8-photos.leclercdrive.fr/image.ashx?id=2691622&use=l&cat=p&typeid=i","cat":284603},{"id":19601,"n":"Gâteaux marbrés P'tit Déli x14 378g","p":2.97,"u":"7,86 €/KG","img":"https://fd8-photos.leclercdrive.fr/image.ashx?id=1947363&use=l&cat=p&typeid=i","cat":284495},{"id":19604,"n":"Gâteaux P'tit Déli A base de yaourt x7 - 189g","p":1.88,"u":"9,95 €/KG","img":"https://fd8-photos.leclercdrive.fr/image.ashx?id=2059086&use=l&cat=p&typeid=i","cat":294776},{"id":19611,"n":"Soupe Velouté Régal Soupe Tomates - 2x30cl","p":1.49,"u":"2,48 €/L","img":"https://fd8-photos.leclercdrive.fr/image.ashx?id=2819271&use=l&cat=p&typeid=i","cat":284462},{"id":19625,"n":"Mini goûters P'tit Déli Fraise 168g","p":1.13,"u":"6,73 €/KG","img":"https://fd8-photos.leclercdrive.fr/image.ashx?id=2310498&use=l&cat=p&typeid=i","cat":284489},{"id":19644,"n":"Assiettes rondes Homeside Dessert Biodégradables 18cm x25","p":2.23,"img":"https://fd8-photos.leclercdrive.fr/image.ashx?id=1659684&use=l&cat=p&typeid=i","cat":334134},{"id":19660,"n":"Cordons bleus Pic'Express Au poulet 4x100g","p":3.63,"u":"9,08 €/KG","img":"https://fd8-photos.leclercdrive.fr/image.ashx?id=2852949&use=l&cat=p&typeid=i","cat":319780},{"id":19684,"n":"tofu nature bio bjorg  - 2x200g","p":3.18,"u":"7,95 €/KG","img":"https://fd8-photos.leclercdrive.fr/image.ashx?id=2907979&use=l&cat=p&typeid=i","cat":284953},{"id":19699,"n":"Sucre pure canne blond Beghin Say - 1kg","p":3.04,"u":"3,04 €/KG","img":"https://fd8-photos.leclercdrive.fr/image.ashx?id=2977321&use=l&cat=p&typeid=i","cat":284502},{"id":19702,"n":"Sucre en poudre Béghin Say 750g","p":1.69,"u":"2,25 €/KG","img":"https://fd8-photos.leclercdrive.fr/image.ashx?id=2866352&use=l&cat=p&typeid=i","cat":284502},{"id":19704,"n":"Sardines NRT St-Gilles Label Rouge à l'huile - 115g","p":2.25,"u":"19,57 €/KG","img":"https://fd8-photos.leclercdrive.fr/image.ashx?id=2791090&use=l&cat=p&typeid=i","cat":305146},{"id":19715,"n":"Tarama oeufs de cabillaud Blini 100g","p":1.46,"u":"14,60 €/KG","img":"https://fd8-photos.leclercdrive.fr/image.ashx?id=2640479&use=l&cat=p&typeid=i","cat":316032},{"id":19719,"n":"Yaourts Lait entier Bio Village Bio Vanille - 4x125g","p":1.27,"u":"2,54 €/KG","img":"https://fd8-photos.leclercdrive.fr/image.ashx?id=2702336&use=l&cat=p&typeid=i","cat":286006},{"id":19723,"n":"Sacs congélation zip Elembal Grand x15","p":1.8,"u":"0,12 €/P","img":"https://fd8-photos.leclercdrive.fr/image.ashx?id=2751889&use=l&cat=p&typeid=i","cat":334134},{"id":19729,"n":"Biscuit P'tit Déli Palmiers Chocolat au lait 110g","p":1.25,"u":"11,36 €/KG","img":"https://fd8-photos.leclercdrive.fr/image.ashx?id=2573403&use=l&cat=p&typeid=i","cat":284488},{"id":19732,"n":"Les p'tites spirales P'tit Déli Chocolat  x6 - 150g","p":1.35,"u":"9,00 €/KG","img":"https://fd8-photos.leclercdrive.fr/image.ashx?id=2660422&use=l&cat=p&typeid=i","cat":284495},{"id":19743,"n":"Déodorant atomiseur Carré Homme Musc 200ml","p":1.35,"u":"6,75 €/L","img":"https://fd8-photos.leclercdrive.fr/image.ashx?id=2375998&use=l&cat=p&typeid=i","cat":284618},{"id":19744,"n":"Déodorant atomiseur Carré Homme Marine 200ml","p":1.35,"u":"6,75 €/L","img":"https://fd8-photos.leclercdrive.fr/image.ashx?id=2390707&use=l&cat=p&typeid=i","cat":284618},{"id":19750,"n":"Cotons Duo Démaquillants Inell Duo carré - Disques x50","p":1.24,"u":"0,02 €/P","img":"https://fd8-photos.leclercdrive.fr/image.ashx?id=1709937&use=l&cat=p&typeid=i","cat":285593},{"id":19758,"n":"Essuie-tout Bobine Uni Vert Compact - 500 feuilles x1","p":4.5,"img":"https://fd8-photos.leclercdrive.fr/image.ashx?id=2684826&use=l&cat=p&typeid=i","cat":284635},{"id":19788,"n":"Stick lèvres Inell Hydratant - 2 pièces","p":1.5,"u":"0,75 €/P","img":"https://fd8-photos.leclercdrive.fr/image.ashx?id=2776042&use=l&cat=p&typeid=i","cat":285485},{"id":19796,"n":"Papier aluminium Elembal 30m","p":2.76,"img":"https://fd8-photos.leclercdrive.fr/image.ashx?id=2940905&use=l&cat=p&typeid=i","cat":334134},{"id":19798,"n":"Dissolvant doux Inell Sans acétone - 150ml","p":1.42,"u":"9,47 €/L","img":"https://fd8-photos.leclercdrive.fr/image.ashx?id=2691640&use=l&cat=p&typeid=i","cat":325347},{"id":19814,"n":"Piles alcalines Foxter AA/LR6 1,5V - x8","p":1.69,"u":"0,21 €/P","img":"https://fd8-photos.leclercdrive.fr/image.ashx?id=2162174&use=l&cat=p&typeid=i","cat":300572},{"id":19815,"n":"Piles alcalines Foxter AAA/LR3 1,5V - x8","p":1.69,"img":"https://fd8-photos.leclercdrive.fr/image.ashx?id=2162153&use=l&cat=p&typeid=i","cat":300572},{"id":19856,"n":"Pâtes Barilla Coquillettes - 1kg","p":1.8,"u":"1,80 €/KG","img":"https://fd8-photos.leclercdrive.fr/image.ashx?id=2392230&use=l&cat=p&typeid=i","cat":284427},{"id":19874,"n":"Clafoutis La Laitière Aux cerises - 4x85g","p":2.62,"u":"7,71 €/KG","img":"https://fd8-photos.leclercdrive.fr/image.ashx?id=2628230&use=l&cat=p&typeid=i","cat":284419},{"id":19877,"n":"Mozzarella Spécial Cuisine Les Croisés - 400g","p":2.94,"u":"7,35 €/KG","img":"https://fd8-photos.leclercdrive.fr/image.ashx?id=2992531&use=l&cat=p&typeid=i","cat":314026},{"id":19881,"n":"Dés Salakis herbes de Provence Fromage brebis - 300g","p":3.34,"u":"11,13 €/KG","img":"https://fd8-photos.leclercdrive.fr/image.ashx?id=2729686&use=l&cat=p&typeid=i","cat":314026},{"id":19898,"n":"Oeufs frais Matines x12","p":2.91,"u":"0,24 €/P","img":"https://fd8-photos.leclercdrive.fr/image.ashx?id=2796231&use=l&cat=p&typeid=i","cat":284378},{"id":19901,"n":"Oeufs De Nos Villages Plein air, moyen  - x12","p":3.44,"u":"0,29 €/P","img":"https://fd8-photos.leclercdrive.fr/image.ashx?id=2153942&use=l&cat=p&typeid=i","cat":284378},{"id":19906,"n":"Yaourts brassés aux fruits Bio Bio village - 12x125g","p":4.49,"u":"2,99 €/KG","img":"https://fd8-photos.leclercdrive.fr/image.ashx?id=2841971&use=l&cat=p&typeid=i","cat":284410},{"id":19909,"n":"Yaourts Lait entier Bio Village Bio Vanille - 12x125g","p":3.27,"u":"2,18 €/KG","img":"https://fd8-photos.leclercdrive.fr/image.ashx?id=2032376&use=l&cat=p&typeid=i","cat":286006},{"id":19913,"n":"Mousse liégeoise Viennois  Chocolat - 4x90g","p":1.64,"u":"4,56 €/KG","img":"https://fd8-photos.leclercdrive.fr/image.ashx?id=2785172&use=l&cat=p&typeid=i","cat":285042},{"id":19924,"n":"Dessert fruitier pomme Bio Bio village - 4x100g","p":1.73,"u":"4,33 €/KG","img":"https://fd8-photos.leclercdrive.fr/image.ashx?id=2462427&use=l&cat=p&typeid=i","cat":284416},{"id":19933,"n":"Pizza Crousti-moelleuse Marie Royale - 3x400g","p":6.94,"u":"5,78 €/KG","img":"https://fd8-photos.leclercdrive.fr/image.ashx?id=2996800&use=l&cat=p&typeid=i","cat":284256},{"id":19935,"n":"Pizza Crousti-moelleuse Marie 4 fromages - 3x390g","p":6.6,"u":"5,64 €/KG","img":"https://fd8-photos.leclercdrive.fr/image.ashx?id=2996803&use=l&cat=p&typeid=i","cat":284256},{"id":19941,"n":"Pur jus d'orange Jafaden Avec pulpe - 1L","p":2.45,"u":"2,45 €/L","img":"https://fd8-photos.leclercdrive.fr/image.ashx?id=2395258&use=l&cat=p&typeid=i","cat":285435},{"id":19948,"n":"fromage blanc sous mousse gervita fraise melba - 4x100g","p":2.17,"u":"5,43 €/KG","img":"https://fd8-photos.leclercdrive.fr/image.ashx?id=2103400&use=l&cat=p&typeid=i","cat":284409},{"id":19950,"n":"Faisselle fromage frais Rians 0%mg - 1kg","p":3.09,"u":"3,09 €/KG","img":"https://fd8-photos.leclercdrive.fr/image.ashx?id=2659912&use=l&cat=p&typeid=i","cat":314998},{"id":19957,"n":"Purée brocolis Notre Jardin Nature 750g","p":1.69,"u":"2,25 €/KG","img":"https://fd8-photos.leclercdrive.fr/image.ashx?id=2856163&use=l&cat=p&typeid=i","cat":319805},{"id":19960,"n":"Purée carottes Notre Jardin Nature 750g","p":2.43,"u":"3,24 €/KG","img":"https://fd8-photos.leclercdrive.fr/image.ashx?id=2856166&use=l&cat=p&typeid=i","cat":319805},{"id":19991,"n":"Fromage frais Délisse Fruits panachés - 6x100g","p":2.56,"u":"4,27 €/KG","img":"https://fd8-photos.leclercdrive.fr/image.ashx?id=2913669&use=l&cat=p&typeid=i","cat":284414},{"id":20008,"n":"Compote Andros Pomme nature - 12x100g","p":3.15,"u":"2,63 €/KG","img":"https://fd8-photos.leclercdrive.fr/image.ashx?id=2989114&use=l&cat=p&typeid=i","cat":284416},{"id":20010,"n":"Yaourts lait entier nature Bio  Bio village - 12x125g","p":2.46,"u":"1,64 €/KG","img":"https://fd8-photos.leclercdrive.fr/image.ashx?id=2102992&use=l&cat=p&typeid=i","cat":284409},{"id":20013,"n":"Compote Charles & Alice Pommes Abricots - 4x100g","p":1.46,"u":"3,65 €/KG","img":"https://fd8-photos.leclercdrive.fr/image.ashx?id=2757350&use=l&cat=p&typeid=i","cat":284416},{"id":20015,"n":"Compote Charles & Alice Pommes Pêches - 4x100g","p":1.52,"u":"3,80 €/KG","img":"https://fd8-photos.leclercdrive.fr/image.ashx?id=2757680&use=l&cat=p&typeid=i","cat":284416},{"id":20032,"n":"Whisky Jack Daniel's Old N°7 1L","p":29.65,"u":"29,65 €/L","img":"https://fd8-photos.leclercdrive.fr/image.ashx?id=2805189&use=l&cat=p&typeid=i","cat":284547},{"id":20038,"n":"Crème aux œufs La Laitière lit de caramel - 4x100g","p":1.85,"u":"4,63 €/KG","img":"https://fd8-photos.leclercdrive.fr/image.ashx?id=2744593&use=l&cat=p&typeid=i","cat":284419},{"id":20044,"n":"Bière Leffe Ruby 5% - 75cl","p":2.98,"u":"3,97 €/L","img":"https://fd8-photos.leclercdrive.fr/image.ashx?id=1589629&use=l&cat=p&typeid=i","cat":334878},{"id":20050,"n":"Bière belge Duvel 8,5%vol. - 33cl","p":1.77,"u":"5,36 €/L","img":"https://fd8-photos.leclercdrive.fr/image.ashx?id=2389304&use=l&cat=p&typeid=i","cat":334872},{"id":20058,"n":"Madère Cruz 17%vol sous blister 20cl","p":2.97,"u":"14,85 €/L","img":"https://fd8-photos.leclercdrive.fr/image.ashx?id=2484044&use=l&cat=p&typeid=i","cat":284913},{"id":20075,"n":"Corned beef Hereford 340g","p":3.46,"u":"10,18 €/KG","img":"https://fd8-photos.leclercdrive.fr/image.ashx?id=2896946&use=l&cat=p&typeid=i","cat":305149},{"id":20099,"n":"Boules Démanquillantes Inell x100","p":1.4,"u":"0,01 €/P","img":"https://fd8-photos.leclercdrive.fr/image.ashx?id=2558802&use=l&cat=p&typeid=i","cat":285593},{"id":20109,"n":"Whisky Bourbon John Davon's 40%vol. - 70cl","p":13.15,"u":"18,79 €/L","img":"https://fd8-photos.leclercdrive.fr/image.ashx?id=2907177&use=l&cat=p&typeid=i","cat":284547},{"id":20138,"n":"Chips Pom'Lisse Nature - 200g","p":1.19,"u":"5,95 €/KG","img":"https://fd8-photos.leclercdrive.fr/image.ashx?id=2710783&use=l&cat=p&typeid=i","cat":284447},{"id":20146,"n":"Brique de brebis Les Croisés 150g","p":2.45,"u":"16,33 €/KG","img":"https://fd8-photos.leclercdrive.fr/image.ashx?id=3014359&use=l&cat=p&typeid=i","cat":314031},{"id":20172,"n":"Petits pots bébé P'TIT SOUPER Aubergine pâtes 8M+ - 2x200g","p":1.9,"u":"4,75 €/KG","img":"https://fd8-photos.leclercdrive.fr/image.ashx?id=2526511&use=l&cat=p&typeid=i","cat":312239},{"id":20175,"n":"Petits pots bébé P'TIT SOUPER  7 légumes 8M+ - 2x200g","p":1.68,"u":"4,20 €/KG","img":"https://fd8-photos.leclercdrive.fr/image.ashx?id=2526508&use=l&cat=p&typeid=i","cat":312239},{"id":20180,"n":"Crème Fraîche Elle&Vire Epaisse Légère - 12% MG - 33cl","p":1.67,"u":"5,06 €/L","img":"https://fd8-photos.leclercdrive.fr/image.ashx?id=2871949&use=l&cat=p&typeid=i","cat":284381},{"id":20183,"n":"Emmental français Entremont 45%mg - 250g","p":2.82,"u":"11,28 €/KG","img":"https://fd8-photos.leclercdrive.fr/image.ashx?id=2983138&use=l&cat=p&typeid=i","cat":314034},{"id":20213,"n":"Camembert Cœur de Lion  8 portions - 240g","p":2.85,"u":"11,88 €/KG","img":"https://fd8-photos.leclercdrive.fr/image.ashx?id=2767962&use=l&cat=p&typeid=i","cat":314033},{"id":20218,"n":"Mozzarella vache Casa Azzurra Boule - 125g","p":1.04,"u":"8,32 €/KG","img":"https://fd8-photos.leclercdrive.fr/image.ashx?id=2904302&use=l&cat=p&typeid=i","cat":314026},{"id":20222,"n":"Ricotta Casa Azzurra 250g","p":1.57,"u":"6,28 €/KG","img":"https://fd8-photos.leclercdrive.fr/image.ashx?id=1849630&use=l&cat=p&typeid=i","cat":314026},{"id":20239,"n":"Gâteaux fourrés P'tit Déli Chocolat x7 - 189g","p":2.18,"u":"11,53 €/KG","img":"https://fd8-photos.leclercdrive.fr/image.ashx?id=2554517&use=l&cat=p&typeid=i","cat":284495},{"id":20244,"n":"Compotes Pom'Potes Gourdes BIO  Pomme Nature - 12x90g","p":6.15,"u":"5,69 €/KG","img":"https://fd8-photos.leclercdrive.fr/image.ashx?id=2901608&use=l&cat=p&typeid=i","cat":284508},{"id":20258,"n":"Biscuit bio Céréal Bio  Chocolat Noir intense - 132g","p":1.57,"u":"11,89 €/KG","img":"https://fd8-photos.leclercdrive.fr/image.ashx?id=2574278&use=l&cat=p&typeid=i","cat":284487},{"id":20267,"n":"Compote bio Bio Village Coupelle pomme poire - 4x100g","p":2.29,"u":"5,73 €/KG","img":"https://fd8-photos.leclercdrive.fr/image.ashx?id=2442710&use=l&cat=p&typeid=i","cat":284508},{"id":20291,"n":"Déodorant bille Manava Vanille 50ml","p":1.29,"u":"25,80 €/L","img":"https://fd8-photos.leclercdrive.fr/image.ashx?id=2481213&use=l&cat=p&typeid=i","cat":284595},{"id":20299,"n":"AOC Saint Mont rouge  Marquis de Seillan - 75cl","p":5.98,"u":"7,97 €/L","img":"https://fd8-photos.leclercdrive.fr/image.ashx?id=2753982&use=l&cat=p&typeid=i","cat":289556},{"id":20300,"n":"Tarte Tomates Chèvre Courgette Côté Table - 400g","p":2.81,"u":"7,03 €/KG","img":"https://fd8-photos.leclercdrive.fr/image.ashx?id=2791767&use=l&cat=p&typeid=i","cat":284257},{"id":20307,"n":"Crème glacée Bio Bio Village Vanille - Bac 450g","p":2.86,"u":"6,36 €/KG","img":"https://fd8-photos.leclercdrive.fr/image.ashx?id=2902570&use=l&cat=p&typeid=i","cat":284263},{"id":20309,"n":"Jambon supérieur Tradilège -25% de sel - Découenné x4-160g","p":1.95,"u":"12,19 €/KG","img":"https://fd8-photos.leclercdrive.fr/image.ashx?id=2153186&use=l&cat=p&typeid=i","cat":316009},{"id":20362,"n":"Coeurs filets merlu Pêche Océan MSC 4 à 5 pièces 400g","p":5.3,"u":"13,25 €/KG","img":"https://fd8-photos.leclercdrive.fr/image.ashx?id=2953725&use=l&cat=p&typeid=i","cat":319786},{"id":20380,"n":"Jambon cru 6 tranches Aoste sans conservateur - 165g","p":4.85,"u":"29,39 €/KG","img":"https://fd8-photos.leclercdrive.fr/image.ashx?id=2950285&use=l&cat=p&typeid=i","cat":316007},{"id":20397,"n":"Tagliatelles Weight Watchers Poulet champignons 300g","p":3.31,"u":"11,03 €/KG","img":"https://fd8-photos.leclercdrive.fr/image.ashx?id=2960759&use=l&cat=p&typeid=i","cat":333665},{"id":20414,"n":"Essuie-tout blanc Mimosa Super absorbant - x2","p":2.75,"u":"1,38 €/P","img":"https://fd8-photos.leclercdrive.fr/image.ashx?id=2727371&use=l&cat=p&typeid=i","cat":284635},{"id":20423,"n":"Emincé poulet farfalles Marie Aux champignons 280g","p":3.9,"u":"13,93 €/KG","img":"https://fd8-photos.leclercdrive.fr/image.ashx?id=2317411&use=l&cat=p&typeid=i","cat":333665},{"id":20447,"n":"Chips Pom'lisse Nature - 350g","p":1.89,"u":"5,40 €/KG","img":"https://fd8-photos.leclercdrive.fr/image.ashx?id=2710786&use=l&cat=p&typeid=i","cat":284447},{"id":20452,"n":"Paëlla Valenciana Fleury Michon 400g","p":3.54,"u":"8,85 €/KG","img":"https://fd8-photos.leclercdrive.fr/image.ashx?id=2656739&use=l&cat=p&typeid=i","cat":333665},{"id":20455,"n":"Taboulé à la menthe Bonduelle 300g","p":1.49,"u":"4,97 €/KG","img":"https://fd8-photos.leclercdrive.fr/image.ashx?id=2907893&use=l&cat=p&typeid=i","cat":333657},{"id":20484,"n":"AOP Cabernet d'Anjou rosé Plessis-Duval - 75cl","p":4.6,"u":"6,13 €/L","img":"https://fd8-photos.leclercdrive.fr/image.ashx?id=2941035&use=l&cat=p&typeid=i","cat":289558},{"id":20501,"n":"Yaourts aux fruits Délisse Fruits Jaunes - 8x125g","p":2.29,"u":"2,29 €/KG","img":"https://fd8-photos.leclercdrive.fr/image.ashx?id=2533319&use=l&cat=p&typeid=i","cat":284410},{"id":20545,"n":"Haricots verts Bio Bio Village 600g","p":1.46,"u":"2,43 €/KG","img":"https://fd8-photos.leclercdrive.fr/image.ashx?id=2891812&use=l&cat=p&typeid=i","cat":319805},{"id":20554,"n":"Sardines Pêche Océan Huile de tournesol - 3x135g","p":2.83,"u":"6,99 €/KG","img":"https://fd8-photos.leclercdrive.fr/image.ashx?id=2692955&use=l&cat=p&typeid=i","cat":305146},{"id":20612,"n":"Thon Pêche Océan A la catalane - 2x135g","p":1.87,"u":"6,93 €/KG","img":"https://fd8-photos.leclercdrive.fr/image.ashx?id=2941432&use=l&cat=p&typeid=i","cat":303867},{"id":20646,"n":"Filtre à thé Britley x30","p":1.64,"u":"0,05 €/P","img":"https://fd8-photos.leclercdrive.fr/image.ashx?id=2755058&use=l&cat=p&typeid=i","cat":293233},{"id":20648,"n":"Maquereaux Pêche Océan Moutarde à l'ancienne - 169g","p":1.66,"u":"9,82 €/KG","img":"https://fd8-photos.leclercdrive.fr/image.ashx?id=2515676&use=l&cat=p&typeid=i","cat":303868},{"id":20665,"n":"Saucisson sec Bio Village bio 200g","p":4.55,"u":"22,75 €/KG","img":"https://fd8-photos.leclercdrive.fr/image.ashx?id=2330511&use=l&cat=p&typeid=i","cat":316006},{"id":20683,"n":"Pommes duchesse Pom'lisse 750g","p":1.29,"u":"1,72 €/KG","img":"https://fd8-photos.leclercdrive.fr/image.ashx?id=2851577&use=l&cat=p&typeid=i","cat":319792},{"id":20684,"n":"Cordon bleu de poulet Eco+ 800g","p":3.9,"u":"4,88 €/KG","img":"https://fd8-photos.leclercdrive.fr/image.ashx?id=2779871&use=l&cat=p&typeid=i","cat":319780},{"id":20685,"n":"Purée 4 légumes Notre Jardin 750g","p":2.24,"u":"2,99 €/KG","img":"https://fd8-photos.leclercdrive.fr/image.ashx?id=2856160&use=l&cat=p&typeid=i","cat":319805},{"id":20686,"n":"Haricots plats Notre Jardin 1kg","p":1.79,"u":"1,79 €/KG","img":"https://fd8-photos.leclercdrive.fr/image.ashx?id=2431122&use=l&cat=p&typeid=i","cat":319805},{"id":20688,"n":"Tagliatelles carbonara Marie 330g","p":3.1,"u":"9,39 €/KG","img":"https://fd8-photos.leclercdrive.fr/image.ashx?id=2980920&use=l&cat=p&typeid=i","cat":333665},{"id":20692,"n":"Filet de saumon Fleury Michon purée de brocolis - 300g","p":3.84,"u":"12,80 €/KG","img":"https://fd8-photos.leclercdrive.fr/image.ashx?id=3003278&use=l&cat=p&typeid=i","cat":333665},{"id":20697,"n":"Sandwich Suédois Sodebo Jambon Cheddar 135g","p":1.64,"u":"12,15 €/KG","img":"https://fd8-photos.leclercdrive.fr/image.ashx?id=2912095&use=l&cat=p&typeid=i","cat":333658},{"id":20700,"n":"Macaroni sauce tomate Marie Boulettes de viande 280g","p":2.84,"u":"10,14 €/KG","img":"https://fd8-photos.leclercdrive.fr/image.ashx?id=2980968&use=l&cat=p&typeid=i","cat":333665},{"id":20717,"n":"Sirop Frucci Cassis - 1L","p":3.11,"u":"3,11 €/L","img":"https://fd8-photos.leclercdrive.fr/image.ashx?id=2954079&use=l&cat=p&typeid=i","cat":295020},{"id":20718,"n":"Sirop Frucci Orgeat - 1L","p":4.18,"u":"4,18 €/L","img":"https://fd8-photos.leclercdrive.fr/image.ashx?id=2954085&use=l&cat=p&typeid=i","cat":295020},{"id":20721,"n":"Epinards Bonduelle Feuilles préservées - 750g","p":2.18,"u":"2,91 €/KG","img":"https://fd8-photos.leclercdrive.fr/image.ashx?id=2910028&use=l&cat=p&typeid=i","cat":319805},{"id":20724,"n":"Cheeseburger Charal 6x140g - 840g","p":8.73,"u":"10,39 €/KG","img":"https://fd8-photos.leclercdrive.fr/image.ashx?id=2741952&use=l&cat=p&typeid=i","cat":319822},{"id":20744,"n":"Philadelphia Nature - 150g","p":1.73,"u":"11,53 €/KG","img":"https://fd8-photos.leclercdrive.fr/image.ashx?id=1586142&use=l&cat=p&typeid=i","cat":314029},{"id":20753,"n":"Mouchoirs The Original Kleenex® Etuis mini x24","p":3.13,"u":"0,13 €/P","img":"https://fd8-photos.leclercdrive.fr/image.ashx?id=2840301&use=l&cat=p&typeid=i","cat":284638},{"id":20758,"n":"Riz cantonais Tables du Monde 900g","p":3.99,"u":"4,43 €/KG","img":"https://fd8-photos.leclercdrive.fr/image.ashx?id=2903953&use=l&cat=p&typeid=i","cat":284254},{"id":20760,"n":"Légumes vapeurs Notre Jardin 2x200g","p":2.47,"u":"6,18 €/KG","img":"https://fd8-photos.leclercdrive.fr/image.ashx?id=2900106&use=l&cat=p&typeid=i","cat":319805},{"id":20762,"n":"Légumes vapeurs Notre Jardin Méditerranéens 2x200g","p":1.8,"u":"4,50 €/KG","img":"https://fd8-photos.leclercdrive.fr/image.ashx?id=2916689&use=l&cat=p&typeid=i","cat":319805},{"id":20773,"n":"Anneaux d'encornets Pêche Océan 500g","p":6.55,"u":"13,10 €/KG","img":"https://fd8-photos.leclercdrive.fr/image.ashx?id=3012391&use=l&cat=p&typeid=i","cat":319787},{"id":20775,"n":"Carottes râpées Menu Fraîcheur  1kg","p":1.98,"u":"1,98 €/KG","img":"https://fd8-photos.leclercdrive.fr/image.ashx?id=2850814&use=l&cat=p&typeid=i","cat":333657},{"id":20776,"n":"Taboulé Menu Fraîcheur A l'orientale - 1kg","p":2.77,"u":"2,77 €/KG","img":"https://fd8-photos.leclercdrive.fr/image.ashx?id=2846559&use=l&cat=p&typeid=i","cat":333657},{"id":20789,"n":"Déodorant Carré Homme Anti-transpirant 200ml","p":1.35,"u":"6,75 €/L","img":"https://fd8-photos.leclercdrive.fr/image.ashx?id=2610693&use=l&cat=p&typeid=i","cat":284618},{"id":20792,"n":"Cire Institut Siliss Professionnelle - 400g","p":5.6,"u":"14,00 €/KG","img":"https://fd8-photos.leclercdrive.fr/image.ashx?id=2699684&use=l&cat=p&typeid=i","cat":325351},{"id":20811,"n":"Couronne de crevettes Delpierre ASC Sauce cocktail - 130g","p":5.92,"u":"45,54 €/KG","img":"https://fd8-photos.leclercdrive.fr/image.ashx?id=2958851&use=l&cat=p&typeid=i","cat":327284},{"id":20818,"n":"Tomate cocktail en grappe Panier du Primeur - 500g","p":2.49,"u":"4,98 €/KG","img":"https://fd8-photos.leclercdrive.fr/image.ashx?id=2649897&use=l&cat=p&typeid=i","cat":284352},{"id":20840,"n":"Yaourts Mamie Nova Panaché de fruits - 6x150g","p":3.39,"u":"3,77 €/KG","img":"https://fd8-photos.leclercdrive.fr/image.ashx?id=2886954&use=l&cat=p&typeid=i","cat":284410},{"id":20858,"n":"Saucisses de Toulouse Férial x4 - 500g","p":4.16,"u":"8,32 €/KG","img":"https://fd8-photos.leclercdrive.fr/image.ashx?id=3004669&use=l&cat=p&typeid=i","cat":284334},{"id":20862,"n":"Sauce Provençale Turini 190g","p":0.59,"u":"3,11 €/KG","img":"https://fd8-photos.leclercdrive.fr/image.ashx?id=2386152&use=l&cat=p&typeid=i","cat":287599},{"id":20863,"n":"Allumettes de bacon Herta Fumées 200g","p":2.2,"u":"11,00 €/KG","img":"https://fd8-photos.leclercdrive.fr/image.ashx?id=2876242&use=l&cat=p&typeid=i","cat":316011},{"id":20880,"n":"Le Parmentier de saumon Maison Briau - 750g","p":9.29,"u":"12,39 €/KG","img":"https://fd8-photos.leclercdrive.fr/image.ashx?id=2850605&use=l&cat=p&typeid=i","cat":333666},{"id":20951,"n":"Bière blonde Kronenbourg 4,2° - 40x25cl","p":20.09,"u":"2,01 €/L","img":"https://fd8-photos.leclercdrive.fr/image.ashx?id=2984853&use=l&cat=p&typeid=i","cat":334873},{"id":20986,"n":"Sauce Napolitaine Turini 190g","p":0.85,"u":"4,47 €/KG","img":"https://fd8-photos.leclercdrive.fr/image.ashx?id=2552430&use=l&cat=p&typeid=i","cat":287599},{"id":21017,"n":"Poisson Pané Findus  Colin d'Alaska - x10 - 510g","p":4.2,"u":"8,24 €/KG","img":"https://fd8-photos.leclercdrive.fr/image.ashx?id=2735332&use=l&cat=p&typeid=i","cat":319788},{"id":21027,"n":"Sauce bolognaise Turini 190g","p":0.85,"u":"4,47 €/KG","img":"https://fd8-photos.leclercdrive.fr/image.ashx?id=2634869&use=l&cat=p&typeid=i","cat":287599},{"id":21040,"n":"Whisky Monkey Shoulder 40%vol - 70cl","p":25.95,"u":"37,07 €/L","img":"https://fd8-photos.leclercdrive.fr/image.ashx?id=2917528&use=l&cat=p&typeid=i","cat":284547},{"id":21081,"n":"Bière blonde Rince Cochon 50cl","p":1.86,"u":"3,72 €/L","img":"https://fd8-photos.leclercdrive.fr/image.ashx?id=2021232&use=l&cat=p&typeid=i","cat":334853},{"id":21115,"n":"Lambrusco Rosato Vilaveroni 75cl","p":4.19,"u":"5,59 €/L","img":"https://fd8-photos.leclercdrive.fr/image.ashx?id=2333030&use=l&cat=p&typeid=i","cat":289558},{"id":21241,"n":"Spirales Insectivor Anti-moustiques - x10","p":1.73,"u":"0,17 €/P","img":"https://fd8-photos.leclercdrive.fr/image.ashx?id=2675682&use=l&cat=p&typeid=i","cat":298368},{"id":21244,"n":"Pièges anti-fourmis Insectivor x2","p":3.34,"u":"1,67 €/P","img":"https://fd8-photos.leclercdrive.fr/image.ashx?id=2302725&use=l&cat=p&typeid=i","cat":298368},{"id":21246,"n":"Pièges Insectivor Anti-mites alimentaires - x2","p":2.76,"u":"1,38 €/P","img":"https://fd8-photos.leclercdrive.fr/image.ashx?id=2884237&use=l&cat=p&typeid=i","cat":298368},{"id":21271,"n":"Crème de jour Diadermine Expert rides 3D - 50ml","p":9.08,"u":"181,60 €/L","img":"https://fd8-photos.leclercdrive.fr/image.ashx?id=2500488&use=l&cat=p&typeid=i","cat":325345},{"id":21326,"n":"Tapenade olives noires NRT 90g","p":1.84,"u":"20,44 €/KG","img":"https://fd8-photos.leclercdrive.fr/image.ashx?id=2873204&use=l&cat=p&typeid=i","cat":284451},{"id":21480,"n":"Moules farcies Ronde des Mers MSC - x24 - 250g","p":7.85,"u":"31,40 €/KG","img":"https://fd8-photos.leclercdrive.fr/image.ashx?id=2627637&use=l&cat=p&typeid=i","cat":319787},{"id":21485,"n":"Eau gazeuse La Pétillante Naturelle - 6x1L","p":2.34,"u":"0,39 €/L","img":"https://fd8-photos.leclercdrive.fr/image.ashx?id=2452966&use=l&cat=p&typeid=i","cat":284536},{"id":21557,"n":"Assaisonnements Beurre  Ail et Persil - 62% MG - 250g","p":2.99,"u":"11,96 €/KG","img":"https://fd8-photos.leclercdrive.fr/image.ashx?id=1730493&use=l&cat=p&typeid=i","cat":284379},{"id":21572,"n":"Baguette La Boulangère Viennoise fendue 340g","p":1.42,"u":"4,18 €/KG","img":"https://fd8-photos.leclercdrive.fr/image.ashx?id=2912392&use=l&cat=p&typeid=i","cat":284985},{"id":21574,"n":"Bonbons Lutti Menthise Fondant aux 2 menthes 250g","p":1.91,"u":"7,64 €/KG","img":"https://fd8-photos.leclercdrive.fr/image.ashx?id=2962167&use=l&cat=p&typeid=i","cat":304252},{"id":21580,"n":"Steak haché Isla Délice 100% boeuf Halal x10 800g","p":11.37,"u":"14,21 €/KG","img":"https://fd8-photos.leclercdrive.fr/image.ashx?id=2349233&use=l&cat=p&typeid=i","cat":319778},{"id":21581,"n":"Burger Isla Délice  Halal  - x10 800g","p":9.9,"u":"12,38 €/KG","img":"https://fd8-photos.leclercdrive.fr/image.ashx?id=1587519&use=l&cat=p&typeid=i","cat":319778},{"id":21588,"n":"Semoule Floraline 500g","p":2.04,"u":"4,08 €/KG","img":"https://fd8-photos.leclercdrive.fr/image.ashx?id=2968187&use=l&cat=p&typeid=i","cat":284429},{"id":21592,"n":"Filets de cabillaud Findus MSC - x10 - 510g","p":7.51,"u":"14,73 €/KG","img":"https://fd8-photos.leclercdrive.fr/image.ashx?id=2735329&use=l&cat=p&typeid=i","cat":319788},{"id":21606,"n":"Cornichons Maille extra fins 380g","p":3.2,"u":"8,42 €/KG","img":"https://fd8-photos.leclercdrive.fr/image.ashx?id=2945826&use=l&cat=p&typeid=i","cat":284458},{"id":21609,"n":"Cornichons Extra-Fins MAILLE 220g","p":2.29,"u":"10,41 €/KG","img":"https://fd8-photos.leclercdrive.fr/image.ashx?id=2945823&use=l&cat=p&typeid=i","cat":284458},{"id":21611,"n":"Lotion douceur Inell Tonique - 250ml","p":1.52,"u":"6,08 €/L","img":"https://fd8-photos.leclercdrive.fr/image.ashx?id=2707561&use=l&cat=p&typeid=i","cat":284603},{"id":21612,"n":"Liquide vaisselle Eco+ Citron 1L","p":0.7,"u":"0,70 €/L","img":"https://fd8-photos.leclercdrive.fr/image.ashx?id=2874368&use=l&cat=p&typeid=i","cat":284655},{"id":21655,"n":"Boîtes chiens Lydog Mitonnées Agneau poulet veau - 3x410g","p":3.9,"u":"3,17 €/KG","img":"https://fd8-photos.leclercdrive.fr/image.ashx?id=2710488&use=l&cat=p&typeid=i","cat":288578},{"id":21658,"n":"Boîte chiens Lydog Terrines Cabillaud saumon - 1.2kg","p":2.42,"u":"1,95 €/KG","img":"https://fd8-photos.leclercdrive.fr/image.ashx?id=2493667&use=l&cat=p&typeid=i","cat":288578},{"id":21662,"n":"Boîte chiens Lydog Bouchées Poulet légumes - 1,2kg","p":1.98,"u":"1,65 €/KG","img":"https://fd8-photos.leclercdrive.fr/image.ashx?id=2548100&use=l&cat=p&typeid=i","cat":288578},{"id":21676,"n":"Bûche de chèvre Ste Maure Sélection Soignon - 200g","p":2.84,"u":"14,20 €/KG","img":"https://fd8-photos.leclercdrive.fr/image.ashx?id=2799925&use=l&cat=p&typeid=i","cat":314031},{"id":21685,"n":"Nuggets de poulet Côté Croc x20 - 400g","p":3.0,"u":"7,50 €/KG","img":"https://fd8-photos.leclercdrive.fr/image.ashx?id=2837045&use=l&cat=p&typeid=i","cat":333684},{"id":21686,"n":"Saucisson sec Saint Azay Spécialité 200g","p":2.99,"u":"14,95 €/KG","img":"https://fd8-photos.leclercdrive.fr/image.ashx?id=2472053&use=l&cat=p&typeid=i","cat":316006},{"id":21687,"n":"Fromage Cheddar Burger Les Croisés 10 Tranches - 200g","p":1.25,"u":"6,25 €/KG","img":"https://fd8-photos.leclercdrive.fr/image.ashx?id=2946835&use=l&cat=p&typeid=i","cat":314028},{"id":21688,"n":"Fromage Emmental Croque Les Croisés 10 Tranches - 200g","p":1.19,"u":"5,95 €/KG","img":"https://fd8-photos.leclercdrive.fr/image.ashx?id=2893313&use=l&cat=p&typeid=i","cat":314028},{"id":21693,"n":"Picodon NRT AOP  Fromage de chèvre - 2x60g","p":3.56,"u":"29,67 €/KG","img":"https://fd8-photos.leclercdrive.fr/image.ashx?id=2590931&use=l&cat=p&typeid=i","cat":314031},{"id":21696,"n":"Fromage Gruyère NRT IGP 250g","p":3.99,"u":"15,96 €/KG","img":"https://fd8-photos.leclercdrive.fr/image.ashx?id=2466229&use=l&cat=p&typeid=i","cat":314034},{"id":21697,"n":"Fromage Raclette Savoie NRT  IGP - 400g","p":6.05,"u":"15,13 €/KG","img":"https://fd8-photos.leclercdrive.fr/image.ashx?id=1937939&use=l&cat=p&typeid=i","cat":314037},{"id":21699,"n":"Crème fraîche Eco  Epaisse - 30% MG - 50cl","p":1.89,"u":"3,78 €/L","img":"https://fd8-photos.leclercdrive.fr/image.ashx?id=738045&use=l&cat=p&typeid=i","cat":284381},{"id":21701,"n":"Glace Eco+ Vanille - 500g","p":1.25,"u":"2,50 €/KG","img":"https://fd8-photos.leclercdrive.fr/image.ashx?id=2711580&use=l&cat=p&typeid=i","cat":284263},{"id":21702,"n":"Haricots verts Eco+ Très fins - 1kg","p":1.39,"u":"1,39 €/KG","img":"https://fd8-photos.leclercdrive.fr/image.ashx?id=2847934&use=l&cat=p&typeid=i","cat":319805},{"id":21703,"n":"Fromage frais Eco+ Nature 20%MG - 1kg","p":1.79,"u":"1,79 €/KG","img":"https://fd8-photos.leclercdrive.fr/image.ashx?id=2699919&use=l&cat=p&typeid=i","cat":284409},{"id":21711,"n":"Brandade de morue Pêcheries Basques parmentière - 900g","p":6.72,"u":"7,47 €/KG","img":"https://fd8-photos.leclercdrive.fr/image.ashx?id=2608259&use=l&cat=p&typeid=i","cat":285094},{"id":21809,"n":"Boules chocolat Jacquot Praliné noir - 1kg","p":10.28,"u":"10,28 €/KG","img":"https://fd8-photos.leclercdrive.fr/image.ashx?id=2303303&use=l&cat=p&typeid=i","cat":327595},{"id":21877,"n":"Purée surgelée Pom'lisse Pommes de terre 750g","p":2.04,"u":"2,72 €/KG","img":"https://fd8-photos.leclercdrive.fr/image.ashx?id=2759777&use=l&cat=p&typeid=i","cat":319793},{"id":21911,"n":"Tomato Ketchup Heinz - 342g","p":1.46,"u":"4,27 €/KG","img":"https://fd8-photos.leclercdrive.fr/image.ashx?id=2955288&use=l&cat=p&typeid=i","cat":284455},{"id":22033,"n":"Gin Brighton's London Dry 37.5%vol - 70cl","p":9.99,"u":"14,27 €/L","img":"https://fd8-photos.leclercdrive.fr/image.ashx?id=2907183&use=l&cat=p&typeid=i","cat":284550},{"id":22040,"n":"Mini bûches glacées Eskiss Assortiment chocolat x6 - 310g","p":2.29,"u":"7,39 €/KG","img":"https://fd8-photos.leclercdrive.fr/image.ashx?id=2790955&use=l&cat=p&typeid=i","cat":284266},{"id":22065,"n":"Filets de maquereaux Saupiquet A la moutarde - 3x169g","p":5.99,"u":"11,81 €/KG","img":"https://fd8-photos.leclercdrive.fr/image.ashx?id=2826972&use=l&cat=p&typeid=i","cat":303868},{"id":22087,"n":"Sucettes Chupa Chups Mini Assortiment x30 180g","p":1.97,"u":"10,94 €/KG","img":"https://fd8-photos.leclercdrive.fr/image.ashx?id=2647606&use=l&cat=p&typeid=i","cat":304250},{"id":22112,"n":"Vodka Sobieski 37.5%vol - 70cl","p":11.13,"u":"15,90 €/L","img":"https://fd8-photos.leclercdrive.fr/image.ashx?id=2948474&use=l&cat=p&typeid=i","cat":284550},{"id":22115,"n":"Cidre brut Les Goelleries Bretagne 4.5%vol. - 1,5L","p":1.87,"u":"1,25 €/L","img":"https://fd8-photos.leclercdrive.fr/image.ashx?id=2842277&use=l&cat=p&typeid=i","cat":334880},{"id":22116,"n":"Pain de mie complet Epi d'Or Grandes tranches - 550g","p":1.22,"u":"2,22 €/KG","img":"https://fd8-photos.leclercdrive.fr/image.ashx?id=2861292&use=l&cat=p&typeid=i","cat":284477},{"id":22117,"n":"Pain de mie complet Epi d'Or Grandes tranches - 825g","p":1.78,"u":"2,16 €/KG","img":"https://fd8-photos.leclercdrive.fr/image.ashx?id=2860736&use=l&cat=p&typeid=i","cat":284477},{"id":22141,"n":"Riz Basmati Comptoir du grain Sélection Riz long - 5x90g","p":1.81,"u":"4,02 €/KG","img":"https://fd8-photos.leclercdrive.fr/image.ashx?id=2076685&use=l&cat=p&typeid=i","cat":284428},{"id":22207,"n":"Blanc de Poulet Tradilège -25% de sel - 4 Tranches - 160g","p":1.92,"u":"12,00 €/KG","img":"https://fd8-photos.leclercdrive.fr/image.ashx?id=2837090&use=l&cat=p&typeid=i","cat":316010},{"id":22208,"n":"Lait écrémé Bio Bio Village UHT - Bouteille : 6x1L","p":6.6,"u":"1,10 €/L","img":"https://fd8-photos.leclercdrive.fr/image.ashx?id=2970012&use=l&cat=p&typeid=i","cat":284949},{"id":22209,"n":"Lait entier UHT Bio Bio village Bouteille - 6x1L","p":8.94,"u":"1,49 €/L","img":"https://fd8-photos.leclercdrive.fr/image.ashx?id=2970021&use=l&cat=p&typeid=i","cat":285610},{"id":22212,"n":"Vin de l'Union Européenne rouge Vieux Papes - BIB 5L","p":11.76,"u":"2,35 €/L","img":"https://fd8-photos.leclercdrive.fr/image.ashx?id=2136139&use=l&cat=p&typeid=i","cat":289556},{"id":22348,"n":"Moule à cake Homeside Revêtement antiadhésif - 27cm","p":5.93,"img":"https://fd8-photos.leclercdrive.fr/image.ashx?id=2832634&use=l&cat=p&typeid=i","cat":298490},{"id":22349,"n":"Moule à manqué Homeside Revêtement antiadhésif - 26cm","p":5.99,"img":"https://fd8-photos.leclercdrive.fr/image.ashx?id=2856724&use=l&cat=p&typeid=i","cat":298490},{"id":22362,"n":"Tomate ronde 1kg","p":2.3,"u":"2,30 €/KG","img":"https://fd8-photos.leclercdrive.fr/image.ashx?id=1633139&use=l&cat=p&typeid=i","cat":284352},{"id":22373,"n":"Carré pour la vaisselle Mamison x5","p":1.35,"img":"https://fd8-photos.leclercdrive.fr/image.ashx?id=2622010&use=l&cat=p&typeid=i","cat":284667},{"id":22374,"n":"Chiffons secs Clair Dépouissiérants x20","p":1.97,"img":"https://fd8-photos.leclercdrive.fr/image.ashx?id=2819926&use=l&cat=p&typeid=i","cat":325364},{"id":22388,"n":"IGP Ile de Beauté vin rosé Terres Ocrées 11.5%vol - BIB 3L","p":12.99,"u":"4,33 €/L","img":"https://fd8-photos.leclercdrive.fr/image.ashx?id=2863036&use=l&cat=p&typeid=i","cat":289560},{"id":22423,"n":"Moutarde Fallot Grains vin blanc 210g","p":2.3,"u":"10,95 €/KG","img":"https://fd8-photos.leclercdrive.fr/image.ashx?id=2105359&use=l&cat=p&typeid=i","cat":288850},{"id":22424,"n":"Moutarde Fallot Cassis 210g","p":2.98,"u":"14,19 €/KG","img":"https://fd8-photos.leclercdrive.fr/image.ashx?id=2105371&use=l&cat=p&typeid=i","cat":288850},{"id":22427,"n":"Portions moutardes Fallot x4 Dijon,Verte, poivre vert,cassis","p":3.87,"u":"38,70 €/KG","img":"https://fd8-photos.leclercdrive.fr/image.ashx?id=2838604&use=l&cat=p&typeid=i","cat":288850},{"id":22477,"n":"Pignons de pin Couleurs Vives 125g","p":5.99,"u":"47,92 €/KG","img":"https://fd8-photos.leclercdrive.fr/image.ashx?id=2617201&use=l&cat=p&typeid=i","cat":284357},{"id":22487,"n":"IGP Pays d'Oc rosé Roche Mazet Grenache Cinsault - BIB 3L","p":10.6,"u":"3,53 €/L","img":"https://fd8-photos.leclercdrive.fr/image.ashx?id=2597118&use=l&cat=p&typeid=i","cat":289560},{"id":22488,"n":"IGP Pays d'Oc rouge Roche Mazet Cabernet Sauvignon 12.5% BIB 3L","p":10.6,"u":"3,53 €/L","img":"https://fd8-photos.leclercdrive.fr/image.ashx?id=2597121&use=l&cat=p&typeid=i","cat":289560},{"id":22489,"n":"IGP Pays d'oc blancRoche Mazet Sauvignon - BIB 3L","p":10.6,"u":"3,53 €/L","img":"https://fd8-photos.leclercdrive.fr/image.ashx?id=2597124&use=l&cat=p&typeid=i","cat":289557},{"id":22506,"n":"Yaourts aromatisés Délisse 4 saveurs - 8x125g","p":2.79,"u":"2,79 €/KG","img":"https://fd8-photos.leclercdrive.fr/image.ashx?id=2134527&use=l&cat=p&typeid=i","cat":286006},{"id":22512,"n":"Compote Douceur du Verger  Pomme Abricot - 4x100g","p":1.09,"u":"2,73 €/KG","img":"https://fd8-photos.leclercdrive.fr/image.ashx?id=1913442&use=l&cat=p&typeid=i","cat":284416},{"id":22515,"n":"Boisson énergisante X-tense Canette - 6x25cl","p":2.34,"u":"1,56 €/L","img":"https://fd8-photos.leclercdrive.fr/image.ashx?id=2956062&use=l&cat=p&typeid=i","cat":284533},{"id":22556,"n":"AOC Bergerac vin rouge Terrasses d'Autan - BIB 3L","p":9.49,"u":"3,16 €/L","img":"https://fd8-photos.leclercdrive.fr/image.ashx?id=2713646&use=l&cat=p&typeid=i","cat":289560},{"id":22565,"n":"Yaourt Malo Vanille lait entier 4x125g","p":1.98,"u":"3,96 €/KG","img":"https://fd8-photos.leclercdrive.fr/image.ashx?id=2908021&use=l&cat=p&typeid=i","cat":286006},{"id":22566,"n":"Yaourts Malo Nature - 4x125g","p":1.57,"u":"3,14 €/KG","img":"https://fd8-photos.leclercdrive.fr/image.ashx?id=2908018&use=l&cat=p&typeid=i","cat":284409},{"id":22569,"n":"Yaourts au lait entier Malo Citron - 4x125g","p":1.74,"u":"3,48 €/KG","img":"https://fd8-photos.leclercdrive.fr/image.ashx?id=2682240&use=l&cat=p&typeid=i","cat":286006},{"id":22588,"n":"IGP Pays d'Oc Chardonnay Blanc Vieux Carion 12% vol BIB 3L","p":8.99,"u":"3,00 €/L","img":"https://fd8-photos.leclercdrive.fr/image.ashx?id=2591397&use=l&cat=p&typeid=i","cat":289560},{"id":22653,"n":"Crème entière fluide UHT Bio Bio Village 30% MG - 25cl","p":1.85,"u":"7,40 €/L","img":"https://fd8-photos.leclercdrive.fr/image.ashx?id=2801795&use=l&cat=p&typeid=i","cat":284381},{"id":22654,"n":"Fromage St Nectaire NRT AOP  600g","p":8.67,"u":"14,45 €/KG","img":"https://fd8-photos.leclercdrive.fr/image.ashx?id=2550854&use=l&cat=p&typeid=i","cat":329184},{"id":22658,"n":"Fromage râpé fondue NRT Savoyarde - 400g","p":6.94,"u":"17,35 €/KG","img":"https://fd8-photos.leclercdrive.fr/image.ashx?id=2771076&use=l&cat=p&typeid=i","cat":314037},{"id":22659,"n":"Cancoillotte nature NRT IGP 250g","p":1.97,"u":"7,88 €/KG","img":"https://fd8-photos.leclercdrive.fr/image.ashx?id=2663845&use=l&cat=p&typeid=i","cat":314037},{"id":22660,"n":"Cancoillotte à l'ail NRT IGP 250g","p":1.97,"u":"7,88 €/KG","img":"https://fd8-photos.leclercdrive.fr/image.ashx?id=2663848&use=l&cat=p&typeid=i","cat":314037},{"id":22663,"n":"Taboulé Bonduelle A la menthe - 500g","p":2.49,"u":"4,98 €/KG","img":"https://fd8-photos.leclercdrive.fr/image.ashx?id=2902657&use=l&cat=p&typeid=i","cat":333657},{"id":22689,"n":"Confiture extra bio Bio Village Fraises - 370g","p":1.79,"u":"4,84 €/KG","img":"https://fd8-photos.leclercdrive.fr/image.ashx?id=2965626&use=l&cat=p&typeid=i","cat":284480},{"id":22690,"n":"Confiture extra bio Bio Village Abricots - 370g","p":1.79,"u":"4,84 €/KG","img":"https://fd8-photos.leclercdrive.fr/image.ashx?id=2965629&use=l&cat=p&typeid=i","cat":284480},{"id":22702,"n":"Chocolat Ethiquable Lait noix de coco - Bio 100g","p":3.22,"u":"32,20 €/KG","img":"https://fd8-photos.leclercdrive.fr/image.ashx?id=2870860&use=l&cat=p&typeid=i","cat":284497},{"id":22703,"n":"Chocolat au lait Bio Ethiquable  Riz soufflé - 100g","p":2.67,"u":"26,70 €/KG","img":"https://fd8-photos.leclercdrive.fr/image.ashx?id=2870869&use=l&cat=p&typeid=i","cat":284497},{"id":22704,"n":"Chocolat au lait Bio Ethiquable  Nature tendre fondant - 100g","p":2.27,"u":"22,70 €/KG","img":"https://fd8-photos.leclercdrive.fr/image.ashx?id=2870920&use=l&cat=p&typeid=i","cat":284497},{"id":22754,"n":"Bière blonde Leffe 6,6% - format promo 24x25cl","p":13.99,"u":"2,33 €/L","img":"https://fd8-photos.leclercdrive.fr/image.ashx?id=2111076&use=l&cat=p&typeid=i","cat":334852},{"id":22787,"n":"Saumon Ronde des Mers Petites tranches - 100g","p":3.69,"u":"36,90 €/KG","img":"https://fd8-photos.leclercdrive.fr/image.ashx?id=2966243&use=l&cat=p&typeid=i","cat":285188},{"id":22793,"n":"Pâté Hénaff 2x156g","p":4.35,"u":"13,94 €/KG","img":"https://fd8-photos.leclercdrive.fr/image.ashx?id=2362531&use=l&cat=p&typeid=i","cat":305149},{"id":22803,"n":"Brioche tranchée Epi d'Or Nature - 700g","p":2.22,"u":"3,17 €/KG","img":"https://fd8-photos.leclercdrive.fr/image.ashx?id=2860733&use=l&cat=p&typeid=i","cat":284478},{"id":22804,"n":"Boisson végétale Bio Village Soja nature bio - 1l","p":0.88,"u":"0,88 €/L","img":"https://fd8-photos.leclercdrive.fr/image.ashx?id=2372350&use=l&cat=p&typeid=i","cat":316067},{"id":22805,"n":"Boisson végétale Bio Village Soja vanille bio - 1l","p":1.42,"u":"1,42 €/L","img":"https://fd8-photos.leclercdrive.fr/image.ashx?id=2357707&use=l&cat=p&typeid=i","cat":316067},{"id":22835,"n":"Whisky single malt The Deveron 10 ans d'âge 40° - 70cl","p":26.42,"u":"37,74 €/L","img":"https://fd8-photos.leclercdrive.fr/image.ashx?id=2793710&use=l&cat=p&typeid=i","cat":284547},{"id":22838,"n":"Laitue Iceberg 1p","p":1.39,"img":"https://fd8-photos.leclercdrive.fr/image.ashx?id=1633649&use=l&cat=p&typeid=i","cat":284352},{"id":22887,"n":"Beurre Bio Grand Fermage Doux - 82% MG - 250g","p":3.59,"u":"14,36 €/KG","img":"https://fd8-photos.leclercdrive.fr/image.ashx?id=2951842&use=l&cat=p&typeid=i","cat":284379},{"id":22891,"n":"Eponges magiques Mamison x3","p":1.35,"u":"0,45 €/P","img":"https://fd8-photos.leclercdrive.fr/image.ashx?id=2978522&use=l&cat=p&typeid=i","cat":284667},{"id":22894,"n":"Nettoyant spray Clair Ultra dégraissant - 750ml","p":1.18,"u":"1,57 €/L","img":"https://fd8-photos.leclercdrive.fr/image.ashx?id=2840386&use=l&cat=p&typeid=i","cat":325357},{"id":22895,"n":"Nettoyant spray Clair javel Salle de bains 750ml","p":1.46,"u":"1,95 €/L","img":"https://fd8-photos.leclercdrive.fr/image.ashx?id=2840473&use=l&cat=p&typeid=i","cat":325357},{"id":22898,"n":"Nettoyant Silex vitres d'insert Barbecue ultra décapante 750ml","p":3.99,"u":"5,32 €/L","img":"https://fd8-photos.leclercdrive.fr/image.ashx?id=2657087&use=l&cat=p&typeid=i","cat":325363},{"id":22902,"n":"Savon de Marseille Epsil Textiles délicats 400g","p":1.72,"u":"4,30 €/KG","img":"https://fd8-photos.leclercdrive.fr/image.ashx?id=2034938&use=l&cat=p&typeid=i","cat":284651},{"id":22906,"n":"Gel à raser Carré Homme Sensitive - 75ml","p":1.16,"u":"15,47 €/L","img":"https://fd8-photos.leclercdrive.fr/image.ashx?id=2762952&use=l&cat=p&typeid=i","cat":284617},{"id":22911,"n":"Gants de ménage Mamison Taille S 1 paire","p":1.01,"img":"https://fd8-photos.leclercdrive.fr/image.ashx?id=2635676&use=l&cat=p&typeid=i","cat":284668},{"id":22913,"n":"Gel désinfectant mains Primoplast - 75ml","p":0.96,"u":"12,80 €/L","img":"https://fd8-photos.leclercdrive.fr/image.ashx?id=2856489&use=l&cat=p&typeid=i","cat":284630},{"id":22960,"n":"Gants de ménage Mamison Taille M 1 paire","p":1.01,"img":"https://fd8-photos.leclercdrive.fr/image.ashx?id=2635679&use=l&cat=p&typeid=i","cat":284668},{"id":22967,"n":"Tampon à récurer Mamison Surfaces fragiles xs","p":1.32,"u":"0,66 €/P","img":"https://fd8-photos.leclercdrive.fr/image.ashx?id=2669699&use=l&cat=p&typeid=i","cat":284667},{"id":22968,"n":"Eponges grattantes Mamison Surfaces délicates x2","p":1.49,"u":"0,75 €/P","img":"https://fd8-photos.leclercdrive.fr/image.ashx?id=2202392&use=l&cat=p&typeid=i","cat":284667},{"id":22976,"n":"Crème visage nourrissante Inell Peau sèche - 50ml","p":1.96,"u":"39,20 €/L","img":"https://fd8-photos.leclercdrive.fr/image.ashx?id=2771124&use=l&cat=p&typeid=i","cat":325345},{"id":22979,"n":"Gel nettoyant Inell visage Purifiant px norm. mixtes 150ml","p":2.58,"u":"17,20 €/L","img":"https://fd8-photos.leclercdrive.fr/image.ashx?id=1961443&use=l&cat=p&typeid=i","cat":284603},{"id":22996,"n":"Nettoyant détachant Clair Tapis moquettes 600ml","p":2.16,"u":"3,60 €/L","img":"https://fd8-photos.leclercdrive.fr/image.ashx?id=2242721&use=l&cat=p&typeid=i","cat":284907},{"id":23000,"n":"Smoothie innocent fraise banane 750ml","p":3.26,"u":"4,35 €/L","img":"https://fd8-photos.leclercdrive.fr/image.ashx?id=2891241&use=l&cat=p&typeid=i","cat":285435},{"id":23012,"n":"Huile d'Argan Floressance Pure Argan Bio - 50ml","p":8.15,"u":"163,00 €/L","img":"https://fd8-photos.leclercdrive.fr/image.ashx?id=2990688&use=l&cat=p&typeid=i","cat":325349},{"id":23031,"n":"Biscottes Heudebert  Céréales complètes - 280g","p":1.71,"u":"6,11 €/KG","img":"https://fd8-photos.leclercdrive.fr/image.ashx?id=2498371&use=l&cat=p&typeid=i","cat":284479},{"id":23040,"n":"Café moulu Méo L'original Bio - 500g","p":8.73,"u":"17,46 €/KG","img":"https://fd8-photos.leclercdrive.fr/image.ashx?id=2571287&use=l&cat=p&typeid=i","cat":284750},{"id":23046,"n":"infusion bio alter eco  rooibos - 40g","p":2.35,"u":"58,75 €/KG","img":"https://fd8-photos.leclercdrive.fr/image.ashx?id=2968361&use=l&cat=p&typeid=i","cat":293233},{"id":23122,"n":"Fromage enfant Ficello Emmental à effilocher x4 - 84g","p":2.21,"u":"26,31 €/KG","img":"https://fd8-photos.leclercdrive.fr/image.ashx?id=2409553&use=l&cat=p&typeid=i","cat":314030},{"id":23123,"n":"Fromage enfant Ficello Nature à effilocher x4 -84g","p":2.03,"u":"24,17 €/KG","img":"https://fd8-photos.leclercdrive.fr/image.ashx?id=2375373&use=l&cat=p&typeid=i","cat":314030},{"id":23131,"n":"Jambon sec Saint Azay 4 grandes tranches - 110g","p":3.25,"u":"29,55 €/KG","img":"https://fd8-photos.leclercdrive.fr/image.ashx?id=2921372&use=l&cat=p&typeid=i","cat":316007},{"id":23132,"n":"Pâte feuilletée Tablier Blanc Epaisse - 280g","p":1.55,"u":"5,54 €/KG","img":"https://fd8-photos.leclercdrive.fr/image.ashx?id=2635910&use=l&cat=p&typeid=i","cat":333681},{"id":23133,"n":"Pâte brisée Tablier Blanc Epaisse - 280g","p":1.65,"u":"5,89 €/KG","img":"https://fd8-photos.leclercdrive.fr/image.ashx?id=2635913&use=l&cat=p&typeid=i","cat":333681},{"id":23158,"n":"AOC Crémant de Bourgogne  Veuve Ambal Brut - 75cl","p":7.99,"u":"10,65 €/L","img":"https://fd8-photos.leclercdrive.fr/image.ashx?id=1737205&use=l&cat=p&typeid=i","cat":284545},{"id":23168,"n":"Beurre léger Les Croisés Doux - 40% MG - 250g","p":1.75,"u":"7,00 €/KG","img":"https://fd8-photos.leclercdrive.fr/image.ashx?id=2839909&use=l&cat=p&typeid=i","cat":284379},{"id":23169,"n":"Papier toilette Mimosa Blanc - Ultra Moelleux - x6","p":3.29,"u":"0,55 €/P","img":"https://fd8-photos.leclercdrive.fr/image.ashx?id=2777857&use=l&cat=p&typeid=i","cat":284634},{"id":23176,"n":"Pur jus de tomate Bio Village Bio - 1L","p":2.77,"u":"2,77 €/L","img":"https://fd8-photos.leclercdrive.fr/image.ashx?id=2954115&use=l&cat=p&typeid=i","cat":284523},{"id":23177,"n":"Pur jus Bio Village Bio Carotte - 1L","p":2.87,"u":"2,87 €/L","img":"https://fd8-photos.leclercdrive.fr/image.ashx?id=2901533&use=l&cat=p&typeid=i","cat":284523},{"id":23179,"n":"Pur jus 7 fruits Bio Village Bio - 1L","p":2.78,"u":"2,78 €/L","img":"https://fd8-photos.leclercdrive.fr/image.ashx?id=2901530&use=l&cat=p&typeid=i","cat":284917},{"id":23180,"n":"Rasoirs jetables Carré Homme 3 lames - x4","p":2.65,"img":"https://fd8-photos.leclercdrive.fr/image.ashx?id=2953236&use=l&cat=p&typeid=i","cat":284616},{"id":23181,"n":"Lames de rasoir Carré Homme 5 lames - x4","p":4.94,"img":"https://fd8-photos.leclercdrive.fr/image.ashx?id=2704660&use=l&cat=p&typeid=i","cat":284616},{"id":23182,"n":"Rasoirs jetables Siliss 3 lames - x4","p":1.99,"u":"0,50 €/P","img":"https://fd8-photos.leclercdrive.fr/image.ashx?id=2699438&use=l&cat=p&typeid=i","cat":325352},{"id":23188,"n":"Tomato Ketchup Heinz - 250g","p":1.12,"u":"4,48 €/KG","img":"https://fd8-photos.leclercdrive.fr/image.ashx?id=2943801&use=l&cat=p&typeid=i","cat":284455},{"id":23190,"n":"Mayonnaise AMORA Recette Fouettée - 398g","p":2.53,"u":"6,36 €/KG","img":"https://fd8-photos.leclercdrive.fr/image.ashx?id=2598684&use=l&cat=p&typeid=i","cat":298295},{"id":23212,"n":"Compote Douceur du Verger Coupelle pomme framboise-4x100g","p":1.63,"u":"4,08 €/KG","img":"https://fd8-photos.leclercdrive.fr/image.ashx?id=2663494&use=l&cat=p&typeid=i","cat":284508},{"id":23215,"n":"Biscuits Cookies P'tit Déli Chocolat raisin cranberrie 200g","p":1.44,"u":"7,20 €/KG","img":"https://fd8-photos.leclercdrive.fr/image.ashx?id=2529593&use=l&cat=p&typeid=i","cat":325066},{"id":23219,"n":"Sauce Pesto Turini Basilic - 185g","p":1.3,"u":"7,03 €/KG","img":"https://fd8-photos.leclercdrive.fr/image.ashx?id=2546248&use=l&cat=p&typeid=i","cat":287599},{"id":23220,"n":"Chips Pom'Lisse Légumes - 100g","p":1.99,"u":"19,90 €/KG","img":"https://fd8-photos.leclercdrive.fr/image.ashx?id=2919610&use=l&cat=p&typeid=i","cat":284447},{"id":23221,"n":"Sauce Tomates Turini Basilic - 420g","p":1.15,"u":"2,74 €/KG","img":"https://fd8-photos.leclercdrive.fr/image.ashx?id=2487458&use=l&cat=p&typeid=i","cat":287599},{"id":23226,"n":"Madeleines bio Bio Village Coquilles - 250g","p":1.88,"u":"7,52 €/KG","img":"https://fd8-photos.leclercdrive.fr/image.ashx?id=2711619&use=l&cat=p&typeid=i","cat":284492},{"id":23227,"n":"Chips Bio Village Bio - Nature - 125g","p":1.99,"u":"15,92 €/KG","img":"https://fd8-photos.leclercdrive.fr/image.ashx?id=2743834&use=l&cat=p&typeid=i","cat":284447},{"id":23244,"n":"Désodorisant frigo Bien Air Sans parfum 40g","p":1.83,"u":"45,75 €/KG","img":"https://fd8-photos.leclercdrive.fr/image.ashx?id=606570&use=l&cat=p&typeid=i","cat":311628},{"id":23249,"n":"Savon de Marseille Epsil Textiles délicats 4x200g","p":1.86,"u":"2,33 €/KG","img":"https://fd8-photos.leclercdrive.fr/image.ashx?id=2379591&use=l&cat=p&typeid=i","cat":284651},{"id":23252,"n":"Cubes allume-feu Silex Sans odeur 100% naturel x40","p":1.57,"u":"0,04 €/P","img":"https://fd8-photos.leclercdrive.fr/image.ashx?id=2669735&use=l&cat=p&typeid=i","cat":300578},{"id":23256,"n":"Ramequins aluminium Elembal x12","p":2.05,"u":"0,17 €/P","img":"https://fd8-photos.leclercdrive.fr/image.ashx?id=2582522&use=l&cat=p&typeid=i","cat":334134},{"id":23304,"n":"Feuilletés paniers Côté Table Saumon - 4x100g","p":4.45,"u":"11,13 €/KG","img":"https://fd8-photos.leclercdrive.fr/image.ashx?id=2549400&use=l&cat=p&typeid=i","cat":319776},{"id":23363,"n":"Lait bébé poudre Nidal Nestlé 1er âge - 0-6 mois - 800g","p":12.94,"u":"16,18 €/KG","img":"https://fd8-photos.leclercdrive.fr/image.ashx?id=2811638&use=l&cat=p&typeid=i","cat":284726},{"id":23371,"n":"Mozzarella Maxi Les Croisés - 250g","p":1.86,"u":"7,44 €/KG","img":"https://fd8-photos.leclercdrive.fr/image.ashx?id=2133617&use=l&cat=p&typeid=i","cat":314026},{"id":23372,"n":"Ricotta Les Croisés - 250g","p":1.29,"u":"5,16 €/KG","img":"https://fd8-photos.leclercdrive.fr/image.ashx?id=2133294&use=l&cat=p&typeid=i","cat":314026},{"id":23387,"n":"Gâteaux St Michel Savaroises Chocolat 8 sachets 220g","p":1.95,"u":"8,86 €/KG","img":"https://fd8-photos.leclercdrive.fr/image.ashx?id=2935693&use=l&cat=p&typeid=i","cat":284495},{"id":23411,"n":"Petits pains grillés Epi d'Or Froment - 400g","p":1.39,"u":"3,48 €/KG","img":"https://fd8-photos.leclercdrive.fr/image.ashx?id=2496413&use=l&cat=p&typeid=i","cat":284479},{"id":23412,"n":"Vermicelles Tables du Monde Haricot mungo - 100g","p":1.23,"u":"12,30 €/KG","img":"https://fd8-photos.leclercdrive.fr/image.ashx?id=2679723&use=l&cat=p&typeid=i","cat":288992},{"id":23430,"n":"Croquettes chat Tous mes amis Lapin/volailles - 2kg","p":3.99,"u":"2,00 €/KG","img":"https://fd8-photos.leclercdrive.fr/image.ashx?id=2301605&use=l&cat=p&typeid=i","cat":284680},{"id":23434,"n":"Cacahuètes Tokapi Sans sel ajouté - 200g","p":0.76,"u":"3,80 €/KG","img":"https://fd8-photos.leclercdrive.fr/image.ashx?id=2858833&use=l&cat=p&typeid=i","cat":284448},{"id":23437,"n":"Maïs Notre Jardin Croquant - 285g","p":0.85,"u":"2,98 €/KG","img":"https://fd8-photos.leclercdrive.fr/image.ashx?id=1993188&use=l&cat=p&typeid=i","cat":312611},{"id":23438,"n":"Soufflés RingsTokapi Oignon - 60g","p":0.77,"u":"12,83 €/KG","img":"https://fd8-photos.leclercdrive.fr/image.ashx?id=2898838&use=l&cat=p&typeid=i","cat":284449},{"id":23439,"n":"Crème dessert Délisse Choco Billes bicompartiment 4x117g","p":1.99,"u":"4,25 €/KG","img":"https://fd8-photos.leclercdrive.fr/image.ashx?id=2965482&use=l&cat=p&typeid=i","cat":285041},{"id":23449,"n":"Dessert fruitier pomme mangue Douceur du Verger s/sucre4x100g","p":1.23,"u":"3,08 €/KG","img":"https://fd8-photos.leclercdrive.fr/image.ashx?id=2530479&use=l&cat=p&typeid=i","cat":284416},{"id":23450,"n":"Yaourts aux fruits Délisse Fruits rouges - 8x125g","p":2.29,"u":"2,29 €/KG","img":"https://fd8-photos.leclercdrive.fr/image.ashx?id=2616736&use=l&cat=p&typeid=i","cat":284410},{"id":23452,"n":"Terrines chats Tous mes amis Viandes variées - 4x400g","p":3.74,"u":"2,34 €/KG","img":"https://fd8-photos.leclercdrive.fr/image.ashx?id=606862&use=l&cat=p&typeid=i","cat":285601},{"id":23459,"n":"Sauce Béchamel Rustica Déshydratée - 60g","p":0.49,"u":"8,17 €/KG","img":"https://fd8-photos.leclercdrive.fr/image.ashx?id=2188838&use=l&cat=p&typeid=i","cat":288381},{"id":23485,"n":"Terrines de st Jacques Guyader 120g","p":3.6,"u":"30,00 €/KG","img":"https://fd8-photos.leclercdrive.fr/image.ashx?id=2504725&use=l&cat=p&typeid=i","cat":285191},{"id":23486,"n":"Terrines saumon Guyader 120g","p":4.52,"u":"37,67 €/KG","img":"https://fd8-photos.leclercdrive.fr/image.ashx?id=2504722&use=l&cat=p&typeid=i","cat":285191},{"id":23499,"n":"Huile Bio Village mélange 4 huiles biologiques - 75 cl","p":3.99,"u":"5,32 €/L","img":"https://fd8-photos.leclercdrive.fr/image.ashx?id=2882349&use=l&cat=p&typeid=i","cat":284453},{"id":23500,"n":"Bouillon de légumes Bio Village Bio - 8x10g","p":1.69,"u":"21,13 €/KG","img":"https://fd8-photos.leclercdrive.fr/image.ashx?id=1943409&use=l&cat=p&typeid=i","cat":288379},{"id":23510,"n":"Carpaccio au Parmesan Férial - 200g","p":4.35,"u":"21,75 €/KG","img":"https://fd8-photos.leclercdrive.fr/image.ashx?id=2881259&use=l&cat=p&typeid=i","cat":284328},{"id":23520,"n":"Bloc de fromage Leerdammer L'Original - 500g","p":5.45,"u":"10,90 €/KG","img":"https://fd8-photos.leclercdrive.fr/image.ashx?id=2699035&use=l&cat=p&typeid=i","cat":314034},{"id":23522,"n":"Bûche de chèvre Les Croisés Format famililal 25%mg 300g","p":2.95,"u":"9,83 €/KG","img":"https://fd8-photos.leclercdrive.fr/image.ashx?id=2949415&use=l&cat=p&typeid=i","cat":314031},{"id":23543,"n":"Bière blonde Leffe 6,6% - 12x33cl","p":13.01,"u":"3,29 €/L","img":"https://fd8-photos.leclercdrive.fr/image.ashx?id=2811578&use=l&cat=p&typeid=i","cat":334852},{"id":23546,"n":"Poêlée savoyarde Marie Aux lardons fumés - 900g","p":4.77,"u":"5,30 €/KG","img":"https://fd8-photos.leclercdrive.fr/image.ashx?id=2996782&use=l&cat=p&typeid=i","cat":319823},{"id":23552,"n":"Lait bébé poudre Nidal Nestlé 2e âge -6-12 mois - 800g","p":10.67,"u":"13,34 €/KG","img":"https://fd8-photos.leclercdrive.fr/image.ashx?id=2805597&use=l&cat=p&typeid=i","cat":284727},{"id":23583,"n":"Crème Fraîche Elle&Vire Epaisse Entière - 30% MG - 33cl","p":1.87,"u":"5,67 €/L","img":"https://fd8-photos.leclercdrive.fr/image.ashx?id=3003333&use=l&cat=p&typeid=i","cat":284381},{"id":23594,"n":"Fromage raclette Les Croisés Saveur vin blanc - 26%mg - 250g","p":2.99,"u":"11,96 €/KG","img":"https://fd8-photos.leclercdrive.fr/image.ashx?id=2791791&use=l&cat=p&typeid=i","cat":314037},{"id":23595,"n":"Fromage raclette Les Croisés 3 poivres 26%mg 250g","p":2.99,"u":"11,96 €/KG","img":"https://fd8-photos.leclercdrive.fr/image.ashx?id=2791782&use=l&cat=p&typeid=i","cat":314037},{"id":23596,"n":"Fromage à Raclette RichesMonts  Classique 32 Tranches - 850g","p":10.52,"u":"12,38 €/KG","img":"https://fd8-photos.leclercdrive.fr/image.ashx?id=2953492&use=l&cat=p&typeid=i","cat":314037},{"id":23597,"n":"Fromage raclette Les Croisés Entier 29%mg 350g","p":3.97,"u":"11,34 €/KG","img":"https://fd8-photos.leclercdrive.fr/image.ashx?id=2791785&use=l&cat=p&typeid=i","cat":314037},{"id":23598,"n":"Fromage raclette Les Croisés Sans croûte - 28%mg - 400g","p":3.95,"u":"9,88 €/KG","img":"https://fd8-photos.leclercdrive.fr/image.ashx?id=2969752&use=l&cat=p&typeid=i","cat":314037},{"id":23618,"n":"Couscous Weight Watchers Oriental 300g","p":3.36,"u":"11,20 €/KG","img":"https://fd8-photos.leclercdrive.fr/image.ashx?id=2610915&use=l&cat=p&typeid=i","cat":333665},{"id":23628,"n":"Fond de volaille Rustica 110g","p":2.21,"u":"20,09 €/KG","img":"https://fd8-photos.leclercdrive.fr/image.ashx?id=2900103&use=l&cat=p&typeid=i","cat":288379},{"id":23630,"n":"Mouliné de carottes Régal Soupe Poireaux pommes de terre 1L","p":2.16,"u":"2,16 €/L","img":"https://fd8-photos.leclercdrive.fr/image.ashx?id=2607506&use=l&cat=p&typeid=i","cat":284462},{"id":23636,"n":"Bouillon de volaille Rustica Dégraissé - Tablettes 12x10g","p":0.79,"u":"6,58 €/KG","img":"https://fd8-photos.leclercdrive.fr/image.ashx?id=1880033&use=l&cat=p&typeid=i","cat":288379},{"id":23642,"n":"Huile spéciale fondue Rustica Aux aromates - 1L","p":3.45,"u":"3,45 €/L","img":"https://fd8-photos.leclercdrive.fr/image.ashx?id=2546245&use=l&cat=p&typeid=i","cat":284453},{"id":23694,"n":"Clémentines Caissette   2.3kg","p":5.99,"u":"2,60 €/KG","img":"https://fd8-photos.leclercdrive.fr/image.ashx?id=1629022&use=l&cat=p&typeid=i","cat":284356},{"id":23709,"n":"Riz à la Cantonaise Marie 900g","p":4.95,"u":"5,50 €/KG","img":"https://fd8-photos.leclercdrive.fr/image.ashx?id=2996791&use=l&cat=p&typeid=i","cat":284254},{"id":23712,"n":"Saumon fumé Eco+ Atlantique - 200g","p":4.67,"u":"23,35 €/KG","img":"https://fd8-photos.leclercdrive.fr/image.ashx?id=2856733&use=l&cat=p&typeid=i","cat":285188},{"id":23715,"n":"Samoussa Tables du Monde Au boeuf - x4 - 220g","p":3.29,"u":"14,95 €/KG","img":"https://fd8-photos.leclercdrive.fr/image.ashx?id=2807190&use=l&cat=p&typeid=i","cat":333673},{"id":23717,"n":"Nem au poulet Traditions d'Asie Sauce nuoc mam - x4 - 280g","p":2.83,"u":"10,11 €/KG","img":"https://fd8-photos.leclercdrive.fr/image.ashx?id=2985222&use=l&cat=p&typeid=i","cat":333673},{"id":23726,"n":"Aluminium Eco+ 30m","p":1.89,"u":"0,06 €/MT","img":"https://fd8-photos.leclercdrive.fr/image.ashx?id=2880216&use=l&cat=p&typeid=i","cat":334134},{"id":23727,"n":"Sacs poubelle 100L Eco+ x10","p":0.76,"u":"0,08 €/P","img":"https://fd8-photos.leclercdrive.fr/image.ashx?id=1904753&use=l&cat=p&typeid=i","cat":285168},{"id":23728,"n":"Huile de tournesol Eco+ 1L","p":1.63,"u":"1,63 €/L","img":"https://fd8-photos.leclercdrive.fr/image.ashx?id=2913636&use=l&cat=p&typeid=i","cat":284453},{"id":23729,"n":"Tomato Ketchup Eco+ 560g","p":0.88,"u":"1,57 €/KG","img":"https://fd8-photos.leclercdrive.fr/image.ashx?id=2954328&use=l&cat=p&typeid=i","cat":284455},{"id":23753,"n":"Alcool modifié Primoplast 70° 250ml","p":2.2,"u":"8,80 €/L","img":"https://fd8-photos.leclercdrive.fr/image.ashx?id=2856498&use=l&cat=p&typeid=i","cat":284630},{"id":23754,"n":"Eau oxygénée Primoplast 250ml","p":1.86,"u":"7,44 €/L","img":"https://fd8-photos.leclercdrive.fr/image.ashx?id=2832936&use=l&cat=p&typeid=i","cat":284630},{"id":23779,"n":"Camembert 21% MG Bio Bio Village - 250g","p":2.57,"u":"10,28 €/KG","img":"https://fd8-photos.leclercdrive.fr/image.ashx?id=2201492&use=l&cat=p&typeid=i","cat":314033},{"id":23788,"n":"Pizza Bio Bio Village 3 fromages - 380g","p":3.24,"u":"8,53 €/KG","img":"https://fd8-photos.leclercdrive.fr/image.ashx?id=2946202&use=l&cat=p&typeid=i","cat":284256},{"id":23791,"n":"Tartines craquantes Epi d'Or Au blé complet - 250g","p":1.29,"u":"5,16 €/KG","img":"https://fd8-photos.leclercdrive.fr/image.ashx?id=2843788&use=l&cat=p&typeid=i","cat":284479},{"id":23794,"n":"Pain grillé Epi d'Or Blé complet x24 - 500g","p":1.72,"u":"3,44 €/KG","img":"https://fd8-photos.leclercdrive.fr/image.ashx?id=2680545&use=l&cat=p&typeid=i","cat":284479},{"id":23797,"n":"Lentilles vertes Bio Village Bio 500g","p":2.15,"u":"4,30 €/KG","img":"https://fd8-photos.leclercdrive.fr/image.ashx?id=3002656&use=l&cat=p&typeid=i","cat":284430},{"id":23798,"n":"Riz Risotto Comptoir du Grain 500g","p":1.42,"u":"2,84 €/KG","img":"https://fd8-photos.leclercdrive.fr/image.ashx?id=2363283&use=l&cat=p&typeid=i","cat":284428},{"id":23799,"n":"Riz rond Comptoir du Grain Dessert - 1kg","p":1.94,"u":"1,94 €/KG","img":"https://fd8-photos.leclercdrive.fr/image.ashx?id=776471&use=l&cat=p&typeid=i","cat":284428},{"id":23936,"n":"Fromage blanc jockey Stracciatella - 4x120g","p":2.07,"u":"4,31 €/KG","img":"https://fd8-photos.leclercdrive.fr/image.ashx?id=2280011&use=l&cat=p&typeid=i","cat":314999},{"id":23958,"n":"Dentifrice Sanogyl Blancheur et soin 3x75ml","p":6.88,"u":"30,58 €/L","img":"https://fd8-photos.leclercdrive.fr/image.ashx?id=2177995&use=l&cat=p&typeid=i","cat":284612},{"id":23959,"n":"Dentifrice Sanogyl Soin gencives - 3x75ml","p":6.74,"u":"29,96 €/L","img":"https://fd8-photos.leclercdrive.fr/image.ashx?id=2178001&use=l&cat=p&typeid=i","cat":284612},{"id":23968,"n":"Roquefort AOP Les Croisés Tranché 150g","p":2.29,"u":"15,27 €/KG","img":"https://fd8-photos.leclercdrive.fr/image.ashx?id=2676537&use=l&cat=p&typeid=i","cat":314032},{"id":23972,"n":"Fusili Côté Snack Pâtes Bolognaise - 300g","p":1.89,"u":"6,30 €/KG","img":"https://fd8-photos.leclercdrive.fr/image.ashx?id=2650898&use=l&cat=p&typeid=i","cat":334983},{"id":24009,"n":"Crackers Tuc Fromage - 100g","p":0.81,"u":"8,10 €/KG","img":"https://fd8-photos.leclercdrive.fr/image.ashx?id=3002291&use=l&cat=p&typeid=i","cat":297000},{"id":24035,"n":"Echalotes semoule Rustica 36g","p":1.29,"u":"35,83 €/KG","img":"https://fd8-photos.leclercdrive.fr/image.ashx?id=2772951&use=l&cat=p&typeid=i","cat":298297},{"id":24043,"n":"Thé vert Britley Menthe x25 sachets - 40g","p":0.79,"u":"19,75 €/KG","img":"https://fd8-photos.leclercdrive.fr/image.ashx?id=2672930&use=l&cat=p&typeid=i","cat":293233},{"id":24047,"n":"Yaourts aromatisés Délisse Vanille - 4x125g","p":1.29,"u":"2,58 €/KG","img":"https://fd8-photos.leclercdrive.fr/image.ashx?id=2134524&use=l&cat=p&typeid=i","cat":286006},{"id":24049,"n":"Pâtée chats Tous mes amis Thon en sauce - 80g","p":0.99,"u":"12,38 €/KG","img":"https://fd8-photos.leclercdrive.fr/image.ashx?id=2450306&use=l&cat=p&typeid=i","cat":285601},{"id":24050,"n":"Pâtée chats Tous mes amis Poulet en sauce - 80g","p":0.99,"u":"12,38 €/KG","img":"https://fd8-photos.leclercdrive.fr/image.ashx?id=2450309&use=l&cat=p&typeid=i","cat":285601},{"id":24081,"n":"Mayonnaise Fins Gourmets MAILLE Bocal - 320g","p":2.49,"u":"7,78 €/KG","img":"https://fd8-photos.leclercdrive.fr/image.ashx?id=2812750&use=l&cat=p&typeid=i","cat":298295},{"id":24082,"n":"Mayonnaise Fine MAILLE Qualité Traiteur Bocal - 320g","p":2.46,"u":"7,69 €/KG","img":"https://fd8-photos.leclercdrive.fr/image.ashx?id=2908369&use=l&cat=p&typeid=i","cat":298295},{"id":24094,"n":"Jus de pommes pressées Andros 1,5L","p":3.78,"u":"2,52 €/L","img":"https://fd8-photos.leclercdrive.fr/image.ashx?id=2902981&use=l&cat=p&typeid=i","cat":285435},{"id":24095,"n":"Jus de clémentines préssées Andros - 1,5L","p":4.2,"u":"2,80 €/L","img":"https://fd8-photos.leclercdrive.fr/image.ashx?id=2902984&use=l&cat=p&typeid=i","cat":285435},{"id":24161,"n":"Boudin blanc Tradilège Truffé 1% x3 375g","p":3.99,"u":"10,64 €/KG","img":"https://fd8-photos.leclercdrive.fr/image.ashx?id=2080798&use=l&cat=p&typeid=i","cat":316012},{"id":24162,"n":"Vinaigre balsamique Bio Village Bio 50cl","p":3.49,"u":"6,98 €/L","img":"https://fd8-photos.leclercdrive.fr/image.ashx?id=2865206&use=l&cat=p&typeid=i","cat":298543},{"id":24163,"n":"Infusion Tiséa Tilleul Citron 25 sachets 34g","p":1.69,"u":"48,29 €/KG","img":"https://fd8-photos.leclercdrive.fr/image.ashx?id=2854240&use=l&cat=p&typeid=i","cat":293234},{"id":24164,"n":"Thé vert Briley 32.5g","p":0.79,"u":"24,69 €/KG","img":"https://fd8-photos.leclercdrive.fr/image.ashx?id=2645939&use=l&cat=p&typeid=i","cat":293233},{"id":24193,"n":"Bouchées à la reine Côté Table 2x 155g","p":3.69,"u":"23,81 €/KG","img":"https://fd8-photos.leclercdrive.fr/image.ashx?id=2109948&use=l&cat=p&typeid=i","cat":333671},{"id":24258,"n":"Philadelphia Nature - 300g","p":2.88,"u":"9,60 €/KG","img":"https://fd8-photos.leclercdrive.fr/image.ashx?id=2787863&use=l&cat=p&typeid=i","cat":314029},{"id":24293,"n":"Céréales Extra Kellogg's Chocolat Noir Noisettes - 500g","p":3.19,"u":"6,38 €/KG","img":"https://fd8-photos.leclercdrive.fr/image.ashx?id=2692284&use=l&cat=p&typeid=i","cat":309512},{"id":24296,"n":"Sauce apéritif Old El Paso Salsa doux - 312g","p":2.48,"u":"7,95 €/KG","img":"https://fd8-photos.leclercdrive.fr/image.ashx?id=2859944&use=l&cat=p&typeid=i","cat":288993},{"id":24350,"n":"Lingettes rince doigt Clair x24","p":1.96,"u":"0,08 €/P","img":"https://fd8-photos.leclercdrive.fr/image.ashx?id=2949418&use=l&cat=p&typeid=i","cat":325358},{"id":24363,"n":"Boisson lactée Délisse Chocolat - 6x20cl","p":2.17,"u":"1,81 €/L","img":"https://fd8-photos.leclercdrive.fr/image.ashx?id=3015245&use=l&cat=p&typeid=i","cat":295246},{"id":24390,"n":"Pétales de blé Eco+ Chocolat - 750g","p":2.03,"u":"2,71 €/KG","img":"https://fd8-photos.leclercdrive.fr/image.ashx?id=2927836&use=l&cat=p&typeid=i","cat":309513},{"id":24395,"n":"AOC Rasteau rouge Ortas Cave de Rasteau -75cl","p":7.5,"u":"10,00 €/L","img":"https://fd8-photos.leclercdrive.fr/image.ashx?id=1883876&use=l&cat=p&typeid=i","cat":289556},{"id":24403,"n":"Vodka Novotna Pure grain 37.5%vol - 1L","p":14.99,"u":"14,99 €/L","img":"https://fd8-photos.leclercdrive.fr/image.ashx?id=784848&use=l&cat=p&typeid=i","cat":284550},{"id":24410,"n":"Bonbons Copains Copines Tendres fruits - 360 g","p":2.05,"u":"5,69 €/KG","img":"https://fd8-photos.leclercdrive.fr/image.ashx?id=2934694&use=l&cat=p&typeid=i","cat":304250},{"id":24418,"n":"Sauces gourmandes Rustica Pour viande 4 saveurs - 4x90g","p":2.41,"u":"6,69 €/KG","img":"https://fd8-photos.leclercdrive.fr/image.ashx?id=1216170&use=l&cat=p&typeid=i","cat":318430},{"id":24474,"n":"Petites crevettes roses Pêche Océan - 125g","p":2.49,"u":"19,92 €/KG","img":"https://fd8-photos.leclercdrive.fr/image.ashx?id=2953635&use=l&cat=p&typeid=i","cat":284343},{"id":24495,"n":"Capsules Nescafé Dolce Gusto  Nesquik - x16","p":4.47,"u":"17,46 €/KG","img":"https://fd8-photos.leclercdrive.fr/image.ashx?id=2946634&use=l&cat=p&typeid=i","cat":293239},{"id":24500,"n":"Pain de mie nature Epi d'Or Sans croute - 500g","p":1.39,"u":"2,78 €/KG","img":"https://fd8-photos.leclercdrive.fr/image.ashx?id=2209282&use=l&cat=p&typeid=i","cat":284477},{"id":24642,"n":"Déodorant Rexona Confidence Stick anti-transpirant - 45ml","p":4.35,"u":"96,67 €/L","img":"https://fd8-photos.leclercdrive.fr/image.ashx?id=2738194&use=l&cat=p&typeid=i","cat":284595},{"id":24652,"n":"Déodorant Stick Rexona Anti- Transpirant CleanScent 96H 45ml","p":3.45,"u":"76,67 €/L","img":"https://fd8-photos.leclercdrive.fr/image.ashx?id=2895101&use=l&cat=p&typeid=i","cat":284595},{"id":24659,"n":"Secret de mousse la Laitière Chocolat au lait - 8x59g","p":2.94,"u":"6,23 €/KG","img":"https://fd8-photos.leclercdrive.fr/image.ashx?id=3007984&use=l&cat=p&typeid=i","cat":284417},{"id":24666,"n":"Roquefort AOP Société Fromage de brebis - 100g","p":2.72,"u":"27,20 €/KG","img":"https://fd8-photos.leclercdrive.fr/image.ashx?id=2729683&use=l&cat=p&typeid=i","cat":314032},{"id":24671,"n":"Crème Chantilly Bridelice Légère fouettée 20%mg - 250g","p":2.7,"u":"10,80 €/KG","img":"https://fd8-photos.leclercdrive.fr/image.ashx?id=2939313&use=l&cat=p&typeid=i","cat":284382},{"id":24672,"n":"Lait Matin Léger Lactel Sans lactose écrémé - 6x1l","p":11.29,"u":"1,88 €/L","img":"https://fd8-photos.leclercdrive.fr/image.ashx?id=2883546&use=l&cat=p&typeid=i","cat":317169},{"id":24674,"n":"Dentifrice Dentamyl 2en1 blancheur 75ml","p":1.3,"u":"17,33 €/L","img":"https://fd8-photos.leclercdrive.fr/image.ashx?id=2613834&use=l&cat=p&typeid=i","cat":284612},{"id":24694,"n":"Brosses à dent souple Dentamyl x4","p":0.99,"u":"0,25 €/P","img":"https://fd8-photos.leclercdrive.fr/image.ashx?id=2790946&use=l&cat=p&typeid=i","cat":284614},{"id":24729,"n":"Shampooing Pétrole Hahn Stop pellicules - 250ml","p":2.41,"u":"9,64 €/L","img":"https://fd8-photos.leclercdrive.fr/image.ashx?id=2293946&use=l&cat=p&typeid=i","cat":284606},{"id":24759,"n":"Mini nems Tables du Monde porc x5/poulet x5 +sauce - 220g","p":2.99,"u":"13,59 €/KG","img":"https://fd8-photos.leclercdrive.fr/image.ashx?id=2613276&use=l&cat=p&typeid=i","cat":333673},{"id":24790,"n":"Oeufs De Nos Villages Plein air - Gros - x6","p":1.79,"u":"0,30 €/P","img":"https://fd8-photos.leclercdrive.fr/image.ashx?id=2228927&use=l&cat=p&typeid=i","cat":284378},{"id":24847,"n":"Gâche tranchée ovale NRT Beurre - 450g","p":2.48,"u":"5,51 €/KG","img":"https://fd8-photos.leclercdrive.fr/image.ashx?id=2670443&use=l&cat=p&typeid=i","cat":284478},{"id":24906,"n":"Mozzarella mini billes  Les Croisés - 150g","p":1.7,"u":"11,33 €/KG","img":"https://fd8-photos.leclercdrive.fr/image.ashx?id=2463468&use=l&cat=p&typeid=i","cat":314026},{"id":24961,"n":"Soin de jour L'Oréal Paris Age Perfect anti-âge - 50ml","p":11.97,"pp":7.9,"u":"158,00 €/L","img":"https://fd8-photos.leclercdrive.fr/image.ashx?id=2868047&use=l&cat=p&typeid=i","cat":325345},{"id":24967,"n":"Fondue Savoyarde RichesMonts  3 fromages - 450g","p":5.76,"u":"12,80 €/KG","img":"https://fd8-photos.leclercdrive.fr/image.ashx?id=2986239&use=l&cat=p&typeid=i","cat":314037},{"id":24968,"n":"Fromage de chèvre Petit Billy 45%mg - 200g","p":2.74,"u":"13,70 €/KG","img":"https://fd8-photos.leclercdrive.fr/image.ashx?id=2543136&use=l&cat=p&typeid=i","cat":314031},{"id":24970,"n":"Crottin de chèvre Rians 23%mg - 2x60g","p":2.85,"u":"23,75 €/KG","img":"https://fd8-photos.leclercdrive.fr/image.ashx?id=2762094&use=l&cat=p&typeid=i","cat":314031},{"id":24971,"n":"Fromage Le Chèvre Soignon Boîte - 180g","p":2.92,"u":"16,22 €/KG","img":"https://fd8-photos.leclercdrive.fr/image.ashx?id=2676723&use=l&cat=p&typeid=i","cat":314031},{"id":24972,"n":"Chèvre à dorer Les Croisés x4 - 100g","p":1.77,"u":"17,70 €/KG","img":"https://fd8-photos.leclercdrive.fr/image.ashx?id=2460592&use=l&cat=p&typeid=i","cat":314027},{"id":24977,"n":"Pain hot dog Jacquet x4 -  240g","p":1.67,"u":"6,96 €/KG","img":"https://fd8-photos.leclercdrive.fr/image.ashx?id=2799293&use=l&cat=p&typeid=i","cat":284985},{"id":24982,"n":"Fromage à tartiner Philadelphia Light nature - 150g","p":2.26,"u":"15,07 €/KG","img":"https://fd8-photos.leclercdrive.fr/image.ashx?id=1626572&use=l&cat=p&typeid=i","cat":314029},{"id":25010,"n":"Barres Chocolatées KINDER Maxi Chocolat au Lait x10 - 210g","p":3.03,"u":"14,43 €/KG","img":"https://fd8-photos.leclercdrive.fr/image.ashx?id=2679609&use=l&cat=p&typeid=i","cat":284498},{"id":25027,"n":"Pots soir bébé bio Babybio Légumes riz - 6 mois - 2x200g","p":2.6,"u":"6,50 €/KG","img":"https://fd8-photos.leclercdrive.fr/image.ashx?id=2833474&use=l&cat=p&typeid=i","cat":312239},{"id":25028,"n":"Assiette Babybio Bio 12 mois Panais carotte polenta - 230g","p":1.8,"u":"7,83 €/KG","img":"https://fd8-photos.leclercdrive.fr/image.ashx?id=2875390&use=l&cat=p&typeid=i","cat":312239},{"id":25029,"n":"Assiette bébé bio Babybio Légumes agneau - 12 mois - 230g","p":2.1,"u":"9,13 €/KG","img":"https://fd8-photos.leclercdrive.fr/image.ashx?id=2855909&use=l&cat=p&typeid=i","cat":312237},{"id":25030,"n":"Petits pots Babynat Petits pois Cabillaud - 8mois 2x200g","p":2.86,"u":"7,15 €/KG","img":"https://fd8-photos.leclercdrive.fr/image.ashx?id=2825742&use=l&cat=p&typeid=i","cat":312236},{"id":25035,"n":"Salade Menu Fraîcheur Concombre au fromage blanc 300g","p":1.64,"u":"5,47 €/KG","img":"https://fd8-photos.leclercdrive.fr/image.ashx?id=2901443&use=l&cat=p&typeid=i","cat":333657},{"id":25049,"n":"Lames de rasoir Carré Homme 3 lames - x4","p":3.45,"u":"0,86 €/P","img":"https://fd8-photos.leclercdrive.fr/image.ashx?id=2704624&use=l&cat=p&typeid=i","cat":284616},{"id":25061,"n":"Cornichons Rustica Vinaigre - 360g","p":1.65,"u":"4,58 €/KG","img":"https://fd8-photos.leclercdrive.fr/image.ashx?id=2799763&use=l&cat=p&typeid=i","cat":284458},{"id":25064,"n":"Film étirable Alfapac Extensible auto-adhérent 50m","p":2.06,"img":"https://fd8-photos.leclercdrive.fr/image.ashx?id=2918271&use=l&cat=p&typeid=i","cat":334134},{"id":25067,"n":"Oeufs frais De Nos Régions Plein Air - Label Rouge - x12","p":3.58,"u":"0,30 €/P","img":"https://fd8-photos.leclercdrive.fr/image.ashx?id=2858105&use=l&cat=p&typeid=i","cat":284378},{"id":25068,"n":"Oeufs frais De Nos Régions Plein Air - Label rouge - x6","p":1.79,"u":"0,30 €/P","img":"https://fd8-photos.leclercdrive.fr/image.ashx?id=2858102&use=l&cat=p&typeid=i","cat":284378},{"id":25069,"n":"Fromage à Tartiner St Môret  Nature Léger - 9 portions 180g","p":2.5,"u":"13,89 €/KG","img":"https://fd8-photos.leclercdrive.fr/image.ashx?id=2755453&use=l&cat=p&typeid=i","cat":314029},{"id":25072,"n":"Mascarpone Casa Azzurra 500g","p":5.2,"u":"10,40 €/KG","img":"https://fd8-photos.leclercdrive.fr/image.ashx?id=2290269&use=l&cat=p&typeid=i","cat":314026},{"id":25079,"n":"Mozzarella bufala Casa Azzurra Boule - 125g","p":2.15,"u":"17,20 €/KG","img":"https://fd8-photos.leclercdrive.fr/image.ashx?id=2899533&use=l&cat=p&typeid=i","cat":314026},{"id":25080,"n":"Parmigiano Reggiano AOP Les Croisés - 200G","p":4.99,"u":"24,95 €/KG","img":"https://fd8-photos.leclercdrive.fr/image.ashx?id=2903959&use=l&cat=p&typeid=i","cat":314034},{"id":25085,"n":"Lait bio Bio Village Bouteille  Demi-écrémé UHT -  6x50cl","p":5.22,"u":"1,74 €/L","img":"https://fd8-photos.leclercdrive.fr/image.ashx?id=2970003&use=l&cat=p&typeid=i","cat":284377},{"id":25093,"n":"Yaourts brassés Délisse Fruits jaunes - 8x125 g","p":2.28,"u":"2,28 €/KG","img":"https://fd8-photos.leclercdrive.fr/image.ashx?id=2495536&use=l&cat=p&typeid=i","cat":284410},{"id":25095,"n":"Yaourts brassés Délisse Fruits rouges - 8X125g","p":2.27,"u":"2,27 €/KG","img":"https://fd8-photos.leclercdrive.fr/image.ashx?id=2494217&use=l&cat=p&typeid=i","cat":284410},{"id":25124,"n":"Pur jus Multifruits Bio Village Bio - 6x20cl","p":3.11,"u":"2,59 €/L","img":"https://fd8-photos.leclercdrive.fr/image.ashx?id=2843626&use=l&cat=p&typeid=i","cat":284524},{"id":25125,"n":"Pur jus d'orange Bio Village Bio - 6x20cl","p":2.99,"u":"2,49 €/L","img":"https://fd8-photos.leclercdrive.fr/image.ashx?id=2671016&use=l&cat=p&typeid=i","cat":284521},{"id":25164,"n":"Crème dessert Délisse Chocolat noir 4x125g","p":1.05,"u":"2,10 €/KG","img":"https://fd8-photos.leclercdrive.fr/image.ashx?id=2694283&use=l&cat=p&typeid=i","cat":285041},{"id":25171,"n":"Lardons fumés Tradilège Moins 25% de sel 2x75g","p":1.65,"u":"11,00 €/KG","img":"https://fd8-photos.leclercdrive.fr/image.ashx?id=2955267&use=l&cat=p&typeid=i","cat":316011},{"id":25172,"n":"Sacs poubelle 30L Alfapac Ultra résistant Coulissac - x20","p":3.16,"u":"0,16 €/P","img":"https://fd8-photos.leclercdrive.fr/image.ashx?id=2732359&use=l&cat=p&typeid=i","cat":285168},{"id":25178,"n":"Confiture Bonne Maman Prunes bocal - 370g","p":1.87,"u":"5,05 €/KG","img":"https://fd8-photos.leclercdrive.fr/image.ashx?id=2574008&use=l&cat=p&typeid=i","cat":284480},{"id":25203,"n":"Queues de crevettes Pêche Océan Décortiquées cuites 300g","p":6.58,"u":"21,93 €/KG","img":"https://fd8-photos.leclercdrive.fr/image.ashx?id=1976859&use=l&cat=p&typeid=i","cat":319787},{"id":25204,"n":"Petits pois d'aucy  Tendres et fondants - 560g","p":2.02,"u":"3,61 €/KG","img":"https://fd8-photos.leclercdrive.fr/image.ashx?id=2438126&use=l&cat=p&typeid=i","cat":312607},{"id":25205,"n":"Pois carottes D'aucy  Tendres et fondants -530g","p":1.74,"u":"3,28 €/KG","img":"https://fd8-photos.leclercdrive.fr/image.ashx?id=2426367&use=l&cat=p&typeid=i","cat":312607},{"id":25207,"n":"Cornichons Rustica Extra fins - 185g","p":1.28,"u":"6,92 €/KG","img":"https://fd8-photos.leclercdrive.fr/image.ashx?id=2799760&use=l&cat=p&typeid=i","cat":284458},{"id":25283,"n":"Barres céréales Grany Pommes - 125g","p":1.84,"u":"14,72 €/KG","img":"https://fd8-photos.leclercdrive.fr/image.ashx?id=3002093&use=l&cat=p&typeid=i","cat":285869},{"id":25337,"n":"Café moulu L'Or Absolu 100% Arabica - 2x250g","p":9.45,"u":"18,90 €/KG","img":"https://fd8-photos.leclercdrive.fr/image.ashx?id=2294935&use=l&cat=p&typeid=i","cat":284750},{"id":25342,"n":"Céréales Trésor Kellogg's Chocolat au lait - 1kg","p":6.0,"u":"6,00 €/KG","img":"https://fd8-photos.leclercdrive.fr/image.ashx?id=2598319&use=l&cat=p&typeid=i","cat":309513},{"id":25343,"n":"Céréales Trésor de Kellogg's Chocolat Noisettes - 1kg","p":6.33,"u":"6,33 €/KG","img":"https://fd8-photos.leclercdrive.fr/image.ashx?id=2598316&use=l&cat=p&typeid=i","cat":309513},{"id":25359,"n":"Tablette chocolat blanc Lindt Vanille - 100g","p":2.43,"u":"24,30 €/KG","img":"https://fd8-photos.leclercdrive.fr/image.ashx?id=2755318&use=l&cat=p&typeid=i","cat":284957},{"id":25361,"n":"Chocolat Pâtissier Nestlé Dessert : Caramel - 170g","p":3.09,"u":"18,18 €/KG","img":"https://fd8-photos.leclercdrive.fr/image.ashx?id=2902346&use=l&cat=p&typeid=i","cat":285562},{"id":25366,"n":"Tablette de chocolat noir Lindt 90% cacao - 100g","p":2.29,"u":"22,90 €/KG","img":"https://fd8-photos.leclercdrive.fr/image.ashx?id=2689502&use=l&cat=p&typeid=i","cat":284956},{"id":25370,"n":"Tablette chocolat Côte d'Or Chocolat lait/Noisettes - 200g","p":4.24,"u":"21,20 €/KG","img":"https://fd8-photos.leclercdrive.fr/image.ashx?id=2961218&use=l&cat=p&typeid=i","cat":284497},{"id":25385,"n":"Tablette chocolat Côte d'Or Chocolat lait/praliné - 200g","p":3.48,"u":"17,40 €/KG","img":"https://fd8-photos.leclercdrive.fr/image.ashx?id=2938076&use=l&cat=p&typeid=i","cat":284497},{"id":25393,"n":"Pâte à pizza Bio Bio village - 260g","p":1.82,"u":"7,00 €/KG","img":"https://fd8-photos.leclercdrive.fr/image.ashx?id=2879955&use=l&cat=p&typeid=i","cat":333681},{"id":25408,"n":"Dragolo Haribo Sachet bonbons - 300g","p":1.51,"u":"5,03 €/KG","img":"https://fd8-photos.leclercdrive.fr/image.ashx?id=2803574&use=l&cat=p&typeid=i","cat":304250},{"id":25421,"n":"Huile d'olive Cauvin Vierge extra 50cl","p":6.02,"u":"12,04 €/L","img":"https://fd8-photos.leclercdrive.fr/image.ashx?id=2676708&use=l&cat=p&typeid=i","cat":284453},{"id":25424,"n":"Pâtes Farfalle Panzani 1kg","p":2.06,"u":"2,06 €/KG","img":"https://fd8-photos.leclercdrive.fr/image.ashx?id=2876047&use=l&cat=p&typeid=i","cat":284427},{"id":25425,"n":"Biscuits apéritif Lay's 3D's Goût Cacahuetes - 85g","p":0.85,"u":"10,00 €/KG","img":"https://fd8-photos.leclercdrive.fr/image.ashx?id=2916824&use=l&cat=p&typeid=i","cat":284449},{"id":25445,"n":"Lait poudre Croissance Modilac  De 12 mois à 36 mois - 800g","p":13.34,"u":"16,68 €/KG","img":"https://fd8-photos.leclercdrive.fr/image.ashx?id=2873390&use=l&cat=p&typeid=i","cat":290219},{"id":25446,"n":"Lait croissance Nidal Nestlé Dès 12 mois - 800g","p":9.02,"u":"11,28 €/KG","img":"https://fd8-photos.leclercdrive.fr/image.ashx?id=2806405&use=l&cat=p&typeid=i","cat":290219},{"id":25485,"n":"Miel de fleurs Lune de Miel Spécialités 500g","p":4.32,"u":"8,64 €/KG","img":"https://fd8-photos.leclercdrive.fr/image.ashx?id=2972409&use=l&cat=p&typeid=i","cat":287643},{"id":25492,"n":"Confiture Bonne Maman Fraise & fraises des bois 370g","p":2.49,"u":"6,73 €/KG","img":"https://fd8-photos.leclercdrive.fr/image.ashx?id=2999841&use=l&cat=p&typeid=i","cat":284480},{"id":25499,"n":"Brosse à dents pro Dentamyl Blancheur x1","p":1.32,"img":"https://fd8-photos.leclercdrive.fr/image.ashx?id=2790916&use=l&cat=p&typeid=i","cat":284614},{"id":25516,"n":"Eau de source Cristaline 12x50cl","p":1.81,"u":"0,30 €/L","img":"https://fd8-photos.leclercdrive.fr/image.ashx?id=2872874&use=l&cat=p&typeid=i","cat":284535},{"id":25525,"n":"Boisson aux fruits Oasis Tropical - 4x50cl","p":4.47,"u":"2,24 €/L","img":"https://fd8-photos.leclercdrive.fr/image.ashx?id=3014446&use=l&cat=p&typeid=i","cat":295018},{"id":25527,"n":"Boisson aux fruits Oasis Multifruits - 2L","p":2.39,"u":"1,20 €/L","img":"https://fd8-photos.leclercdrive.fr/image.ashx?id=2688674&use=l&cat=p&typeid=i","cat":295018},{"id":25550,"n":"Soda Schweppes Indian Tonic Zero - 1,5L","p":1.72,"u":"1,15 €/L","img":"https://fd8-photos.leclercdrive.fr/image.ashx?id=2852393&use=l&cat=p&typeid=i","cat":284531},{"id":25554,"n":"Soda Schweppes Saveur Citron Zero - 1,5L","p":1.7,"u":"1,13 €/L","img":"https://fd8-photos.leclercdrive.fr/image.ashx?id=2852396&use=l&cat=p&typeid=i","cat":284532},{"id":25567,"n":"Jus d'orange Jafaden A base de concentré  - 2L","p":3.51,"u":"1,76 €/L","img":"https://fd8-photos.leclercdrive.fr/image.ashx?id=2751892&use=l&cat=p&typeid=i","cat":284521},{"id":25575,"n":"Limonade artisanale Lorina Bouteille - 1L","p":3.06,"u":"3,06 €/L","img":"https://fd8-photos.leclercdrive.fr/image.ashx?id=2735137&use=l&cat=p&typeid=i","cat":284531},{"id":25576,"n":"Limonade Cristal Lorina 1,25L","p":2.3,"u":"1,84 €/L","img":"https://fd8-photos.leclercdrive.fr/image.ashx?id=2575555&use=l&cat=p&typeid=i","cat":284531},{"id":25580,"n":"Thé glacé Lipton Ice Tea Pêche Le lot de 12x15cl canettes","p":4.25,"u":"28,33 €/L","img":"https://fd8-photos.leclercdrive.fr/image.ashx?id=2505459&use=l&cat=p&typeid=i","cat":295019},{"id":25586,"n":"Apéritif à base de vin Martini Rosato 14,4° - 100cl","p":8.65,"u":"8,65 €/L","img":"https://fd8-photos.leclercdrive.fr/image.ashx?id=2842537&use=l&cat=p&typeid=i","cat":284913},{"id":25587,"n":"Vin mousseux de France Kriter Blanc Brut - 75cl","p":4.85,"u":"6,47 €/L","img":"https://fd8-photos.leclercdrive.fr/image.ashx?id=2840868&use=l&cat=p&typeid=i","cat":284544},{"id":25589,"n":"Nectar Bio Pressade Orange pêche abricot - 1,5L","p":2.61,"u":"1,74 €/L","img":"https://fd8-photos.leclercdrive.fr/image.ashx?id=2732503&use=l&cat=p&typeid=i","cat":284521},{"id":25593,"n":"Boisson aux fruits Capri Sun Multivitaminé - 10x20cl","p":3.29,"u":"1,65 €/L","img":"https://fd8-photos.leclercdrive.fr/image.ashx?id=2447067&use=l&cat=p&typeid=i","cat":295018},{"id":25596,"n":"Nectar Bio Pressade Multifruits - 6x20cl","p":2.72,"u":"2,27 €/L","img":"https://fd8-photos.leclercdrive.fr/image.ashx?id=2732518&use=l&cat=p&typeid=i","cat":284524},{"id":25607,"n":"Eau minérale gazeuse Perrier  Naturelle  - 6x50cl","p":3.52,"u":"1,17 €/L","img":"https://fd8-photos.leclercdrive.fr/image.ashx?id=2493916&use=l&cat=p&typeid=i","cat":284536},{"id":25609,"n":"Saucisses aux lentilles  William Saurin- 840g","p":3.33,"u":"3,96 €/KG","img":"https://fd8-photos.leclercdrive.fr/image.ashx?id=2890070&use=l&cat=p&typeid=i","cat":284441},{"id":25614,"n":"Boisson Citronnade Pulco Citron - 1,5L","p":2.14,"u":"1,43 €/L","img":"https://fd8-photos.leclercdrive.fr/image.ashx?id=2941526&use=l&cat=p&typeid=i","cat":295018},{"id":25615,"n":"Concentré à diluer Pulco Agrumes - 70cl","p":2.83,"u":"4,04 €/L","img":"https://fd8-photos.leclercdrive.fr/image.ashx?id=2687851&use=l&cat=p&typeid=i","cat":295020},{"id":25619,"n":"Pastis Ricard Anisé 45% vol - 1,5L","p":29.86,"u":"19,91 €/L","img":"https://fd8-photos.leclercdrive.fr/image.ashx?id=2839115&use=l&cat=p&typeid=i","cat":284548},{"id":25627,"n":"Sirop Moulin de Valdonne Violette - 70cl","p":3.13,"u":"4,47 €/L","img":"https://fd8-photos.leclercdrive.fr/image.ashx?id=2756918&use=l&cat=p&typeid=i","cat":295020},{"id":25630,"n":"Taboulé Menu Fraîcheur Poulet - 500g","p":2.11,"u":"4,22 €/KG","img":"https://fd8-photos.leclercdrive.fr/image.ashx?id=2901449&use=l&cat=p&typeid=i","cat":333657},{"id":25632,"n":"Vodka Absolut 40% vol - 70cl","p":17.81,"u":"25,44 €/L","img":"https://fd8-photos.leclercdrive.fr/image.ashx?id=2887239&use=l&cat=p&typeid=i","cat":284550},{"id":25644,"n":"Faisselle Délisse 6%mg - 1kg","p":2.42,"u":"2,42 €/KG","img":"https://fd8-photos.leclercdrive.fr/image.ashx?id=753215&use=l&cat=p&typeid=i","cat":284409},{"id":25661,"n":"Rasoir Siliss 3 lames - +1 recharge","p":4.25,"img":"https://fd8-photos.leclercdrive.fr/image.ashx?id=2699411&use=l&cat=p&typeid=i","cat":325352},{"id":25663,"n":"Chips à l'ancienne Pom'Lisse Nature - 270g","p":1.85,"u":"6,85 €/KG","img":"https://fd8-photos.leclercdrive.fr/image.ashx?id=2724835&use=l&cat=p&typeid=i","cat":284447},{"id":25669,"n":"Pâtes de fruits rouges NRT   De Provence - 180g","p":3.55,"u":"19,72 €/KG","img":"https://fd8-photos.leclercdrive.fr/image.ashx?id=2771049&use=l&cat=p&typeid=i","cat":284499},{"id":25670,"n":"Pâtes de fruits jaunes NRT De Provence - 180g","p":3.55,"u":"19,72 €/KG","img":"https://fd8-photos.leclercdrive.fr/image.ashx?id=2771052&use=l&cat=p&typeid=i","cat":284499},{"id":25685,"n":"Bouillon Cube Maggi Boeuf - 180g","p":1.6,"u":"8,89 €/KG","img":"https://fd8-photos.leclercdrive.fr/image.ashx?id=2882896&use=l&cat=p&typeid=i","cat":288379},{"id":25686,"n":"Bouillon Cube Maggi Volaille - 180g","p":1.5,"u":"8,33 €/KG","img":"https://fd8-photos.leclercdrive.fr/image.ashx?id=2737003&use=l&cat=p&typeid=i","cat":288379},{"id":25689,"n":"AOC Coteaux Varois rosé Terres de Saint-Louis - 75cl","p":7.03,"u":"9,37 €/L","img":"https://fd8-photos.leclercdrive.fr/image.ashx?id=2105905&use=l&cat=p&typeid=i","cat":289558},{"id":25703,"n":"Rousquilles fondantes NRT 200g","p":2.15,"u":"10,75 €/KG","img":"https://fd8-photos.leclercdrive.fr/image.ashx?id=2663812&use=l&cat=p&typeid=i","cat":284487},{"id":25729,"n":"Vinaigrette balsamique Puget Tomate séchée - 33cl","p":2.39,"u":"7,24 €/L","img":"https://fd8-photos.leclercdrive.fr/image.ashx?id=2912143&use=l&cat=p&typeid=i","cat":284456},{"id":25738,"n":"Blanc de poulet Fleury Michon -25% de sel x4 - 160g","p":2.19,"u":"13,69 €/KG","img":"https://fd8-photos.leclercdrive.fr/image.ashx?id=2885974&use=l&cat=p&typeid=i","cat":316010},{"id":25739,"n":"Bûche de chèvre Les Croisés Fondante 22%mg - 180g","p":1.84,"u":"10,22 €/KG","img":"https://fd8-photos.leclercdrive.fr/image.ashx?id=2894725&use=l&cat=p&typeid=i","cat":314031},{"id":25741,"n":"Grana Padano AOP Les Croisés - 200g","p":3.35,"u":"16,75 €/KG","img":"https://fd8-photos.leclercdrive.fr/image.ashx?id=2954088&use=l&cat=p&typeid=i","cat":314034},{"id":25742,"n":"Macédoine Menu Fraîcheur  Légumes - 300g","p":1.59,"u":"5,30 €/KG","img":"https://fd8-photos.leclercdrive.fr/image.ashx?id=2901446&use=l&cat=p&typeid=i","cat":333657},{"id":25743,"n":"Mascarpone Les Croisés - 500g","p":3.08,"u":"6,16 €/KG","img":"https://fd8-photos.leclercdrive.fr/image.ashx?id=2123626&use=l&cat=p&typeid=i","cat":314026},{"id":25744,"n":"Nems au Poulet Tables du Monde  x4  - 280g","p":1.79,"u":"6,39 €/KG","img":"https://fd8-photos.leclercdrive.fr/image.ashx?id=2953338&use=l&cat=p&typeid=i","cat":333673},{"id":25746,"n":"Saucisse de volaille Tradilège  x10 350g","p":1.47,"u":"4,20 €/KG","img":"https://fd8-photos.leclercdrive.fr/image.ashx?id=2625110&use=l&cat=p&typeid=i","cat":316012},{"id":25748,"n":"Hachés au colin d'Alaska Pêche Océan - 200g","p":2.24,"u":"11,20 €/KG","img":"https://fd8-photos.leclercdrive.fr/image.ashx?id=2953623&use=l&cat=p&typeid=i","cat":284344},{"id":25749,"n":"Hachés au saumon Pêche Océan à la ciboulette - 200g","p":2.25,"u":"11,25 €/KG","img":"https://fd8-photos.leclercdrive.fr/image.ashx?id=2953632&use=l&cat=p&typeid=i","cat":284344},{"id":25759,"n":"Barquettes chats Gourmet Gold Double délice luxe mix - 12x85g","p":5.76,"u":"5,65 €/KG","img":"https://fd8-photos.leclercdrive.fr/image.ashx?id=2857096&use=l&cat=p&typeid=i","cat":285286},{"id":25762,"n":"Bâtonnets Dentastix Pedigree Grand chien x28 - 1080g","p":8.44,"u":"7,81 €/KG","img":"https://fd8-photos.leclercdrive.fr/image.ashx?id=2924776&use=l&cat=p&typeid=i","cat":294527},{"id":25764,"n":"Olives noires Tramier Dénoyautées - 150g","p":1.57,"u":"10,47 €/KG","img":"https://fd8-photos.leclercdrive.fr/image.ashx?id=2840814&use=l&cat=p&typeid=i","cat":284458},{"id":25765,"n":"Céréales Nestlé Mix Chocapic, Lion, Nesquik x6","p":2.27,"u":"11,95 €/KG","img":"https://fd8-photos.leclercdrive.fr/image.ashx?id=2981364&use=l&cat=p&typeid=i","cat":309513},{"id":25779,"n":"Yaourts Lait de chèvre Soignon Nature - 4x125g","p":2.24,"u":"4,48 €/KG","img":"https://fd8-photos.leclercdrive.fr/image.ashx?id=2518250&use=l&cat=p&typeid=i","cat":314998},{"id":25790,"n":"Sucre pure canne Bio Village En morceaux bio - 500g","p":2.09,"u":"4,18 €/KG","img":"https://fd8-photos.leclercdrive.fr/image.ashx?id=3010440&use=l&cat=p&typeid=i","cat":284502},{"id":25801,"n":"Lingettes Wc Syphon Désinfectantes x40","p":2.2,"img":"https://fd8-photos.leclercdrive.fr/image.ashx?id=2339409&use=l&cat=p&typeid=i","cat":325358},{"id":25805,"n":"Légumes pour pot au feu Panier du Primeur - 1kg","p":2.49,"u":"2,49 €/KG","img":"https://fd8-photos.leclercdrive.fr/image.ashx?id=2958717&use=l&cat=p&typeid=i","cat":284352},{"id":25806,"n":"Lingettes bébé H2O Biolane Epaisses - x72","p":1.87,"u":"0,03 €/P","img":"https://fd8-photos.leclercdrive.fr/image.ashx?id=2877910&use=l&cat=p&typeid=i","cat":284738},{"id":25811,"n":"Salade Coleslaw Menu Fraîcheur  500g","p":1.83,"u":"3,66 €/KG","img":"https://fd8-photos.leclercdrive.fr/image.ashx?id=2645930&use=l&cat=p&typeid=i","cat":333657},{"id":25817,"n":"Emincés de saumon fumé ASC Ronde des mers - 100g","p":4.49,"u":"44,90 €/KG","img":"https://fd8-photos.leclercdrive.fr/image.ashx?id=2953620&use=l&cat=p&typeid=i","cat":285188},{"id":25818,"n":"Émincés de saumon fumé ASC Ronde de mers - 100g","p":4.49,"u":"44,90 €/KG","img":"https://fd8-photos.leclercdrive.fr/image.ashx?id=2953617&use=l&cat=p&typeid=i","cat":285188},{"id":25819,"n":"Feuilletés Jambon Emmental Coté Table - 2x140g","p":2.99,"u":"10,68 €/KG","img":"https://fd8-photos.leclercdrive.fr/image.ashx?id=2846517&use=l&cat=p&typeid=i","cat":333671},{"id":25820,"n":"Flammekueche Coté Table 350g","p":1.88,"u":"5,37 €/KG","img":"https://fd8-photos.leclercdrive.fr/image.ashx?id=2064819&use=l&cat=p&typeid=i","cat":333680},{"id":25822,"n":"Fromage à tartiner Les Croisés Nature - 24%mg - 300g","p":1.84,"u":"6,13 €/KG","img":"https://fd8-photos.leclercdrive.fr/image.ashx?id=1630699&use=l&cat=p&typeid=i","cat":314029},{"id":25825,"n":"Fromage de brebis Les Croisés 210g","p":2.86,"u":"13,62 €/KG","img":"https://fd8-photos.leclercdrive.fr/image.ashx?id=2900112&use=l&cat=p&typeid=i","cat":329184},{"id":25836,"n":"Choucroute garnie  William Saurin - 800g","p":3.95,"u":"4,94 €/KG","img":"https://fd8-photos.leclercdrive.fr/image.ashx?id=2890058&use=l&cat=p&typeid=i","cat":284441},{"id":25839,"n":"Couscous parfumé Tipiak Prêt en 5 min  - 500g","p":2.02,"u":"4,04 €/KG","img":"https://fd8-photos.leclercdrive.fr/image.ashx?id=2946937&use=l&cat=p&typeid=i","cat":284429},{"id":25841,"n":"Couscous Tipiak  Prêt en 1 min 30 s - 500g","p":1.32,"u":"2,64 €/KG","img":"https://fd8-photos.leclercdrive.fr/image.ashx?id=2640431&use=l&cat=p&typeid=i","cat":284429},{"id":25848,"n":"Lait de coco Suzi Wan 500ml","p":2.65,"u":"5,30 €/L","img":"https://fd8-photos.leclercdrive.fr/image.ashx?id=2892934&use=l&cat=p&typeid=i","cat":288992},{"id":25856,"n":"Olives vertes La Ciota Farcies anchois - 120g","p":1.87,"u":"15,58 €/KG","img":"https://fd8-photos.leclercdrive.fr/image.ashx?id=2296575&use=l&cat=p&typeid=i","cat":284458},{"id":25860,"n":"Pain au chocolat La Boulangère Pur beurre - x8 - 400g","p":2.81,"u":"7,03 €/KG","img":"https://fd8-photos.leclercdrive.fr/image.ashx?id=2912182&use=l&cat=p&typeid=i","cat":296366},{"id":25865,"n":"Préparation taboulé Tipiak Menthe citron olive - 350g","p":1.94,"u":"5,54 €/KG","img":"https://fd8-photos.leclercdrive.fr/image.ashx?id=2973862&use=l&cat=p&typeid=i","cat":284429},{"id":25868,"n":"Flocons d'avoine Quaker Oats Classic - 800g","p":2.24,"u":"2,80 €/KG","img":"https://fd8-photos.leclercdrive.fr/image.ashx?id=2344498&use=l&cat=p&typeid=i","cat":309512},{"id":25879,"n":"Bâtonnets Dentastix Pedigree Petit chien x28 - 440g","p":5.6,"u":"12,73 €/KG","img":"https://fd8-photos.leclercdrive.fr/image.ashx?id=2877106&use=l&cat=p&typeid=i","cat":294527},{"id":25886,"n":"Carrés chocolat Côte d'Or Chocolat noir Noisettes -10x20g","p":5.39,"u":"26,95 €/KG","img":"https://fd8-photos.leclercdrive.fr/image.ashx?id=2826654&use=l&cat=p&typeid=i","cat":284956},{"id":25914,"n":"Tablette chocolat Côte d'Or Chocolat noir praliné - 200g","p":3.48,"u":"17,40 €/KG","img":"https://fd8-photos.leclercdrive.fr/image.ashx?id=2941943&use=l&cat=p&typeid=i","cat":284956},{"id":26027,"n":"Gel douche Eco  Senteur vanille - 500ml","p":0.65,"u":"1,30 €/L","img":"https://fd8-photos.leclercdrive.fr/image.ashx?id=2079795&use=l&cat=p&typeid=i","cat":284594},{"id":26035,"n":"Bain de bouche Dentamyl Fraîcheur menthe - 500ml","p":1.89,"u":"3,78 €/L","img":"https://fd8-photos.leclercdrive.fr/image.ashx?id=2526604&use=l&cat=p&typeid=i","cat":284613},{"id":26038,"n":"Recharge savon mains Manava Crème Lait et miel - 250ml","p":0.57,"u":"2,28 €/L","img":"https://fd8-photos.leclercdrive.fr/image.ashx?id=2935489&use=l&cat=p&typeid=i","cat":284597},{"id":26040,"n":"Recharge savon mains Manava Gel spécial cuisine - 250ml","p":0.66,"u":"2,64 €/L","img":"https://fd8-photos.leclercdrive.fr/image.ashx?id=2935492&use=l&cat=p&typeid=i","cat":284597},{"id":26042,"n":"Dentifrice Sanogyl Soin global + blancheur 75ml","p":4.09,"u":"54,53 €/L","img":"https://fd8-photos.leclercdrive.fr/image.ashx?id=2792555&use=l&cat=p&typeid=i","cat":284612},{"id":26087,"n":"Fromage blanc sous mousse  gervita nature - 8x100g","p":3.55,"u":"4,44 €/KG","img":"https://fd8-photos.leclercdrive.fr/image.ashx?id=2265768&use=l&cat=p&typeid=i","cat":284409},{"id":26112,"n":"5 baies Sainte Lucie Moulin -  40g","p":3.47,"u":"86,75 €/KG","img":"https://fd8-photos.leclercdrive.fr/image.ashx?id=2774460&use=l&cat=p&typeid=i","cat":284457},{"id":26119,"n":"Extrait naturel Sainte Lucie Vanille blister 20ml","p":3.67,"u":"183,50 €/L","img":"https://fd8-photos.leclercdrive.fr/image.ashx?id=2774963&use=l&cat=p&typeid=i","cat":284504},{"id":26122,"n":"Décor anniversaire Sainte Lucie 1 bougie + 10 chiffres + socle","p":3.43,"img":"https://fd8-photos.leclercdrive.fr/image.ashx?id=2774364&use=l&cat=p&typeid=i","cat":284504},{"id":26123,"n":"Décor rond Sainte Lucie Heureux anniversaire blister x1","p":3.02,"img":"https://fd8-photos.leclercdrive.fr/image.ashx?id=2776124&use=l&cat=p&typeid=i","cat":284504},{"id":26133,"n":"Pistaches vertes Sainte Lucie Emondées Reine de Saba 50g","p":4.88,"u":"97,60 €/KG","img":"https://fd8-photos.leclercdrive.fr/image.ashx?id=2118764&use=l&cat=p&typeid=i","cat":284448},{"id":26136,"n":"Pépites choco bio Sainte Lucie Noir pur beurre de cacao 125g","p":3.27,"u":"26,16 €/KG","img":"https://fd8-photos.leclercdrive.fr/image.ashx?id=2731522&use=l&cat=p&typeid=i","cat":284504},{"id":26137,"n":"Piment d'Espelette AOP Sainte Lucie - 50g","p":9.46,"u":"189,20 €/KG","img":"https://fd8-photos.leclercdrive.fr/image.ashx?id=2974342&use=l&cat=p&typeid=i","cat":298297},{"id":26138,"n":"Persillade Sainte Lucie 30g","p":3.77,"u":"125,67 €/KG","img":"https://fd8-photos.leclercdrive.fr/image.ashx?id=2774430&use=l&cat=p&typeid=i","cat":298297},{"id":26140,"n":"Poivre noir Sainte Lucie Moulin - 50g","p":3.44,"u":"68,80 €/KG","img":"https://fd8-photos.leclercdrive.fr/image.ashx?id=2774463&use=l&cat=p&typeid=i","cat":284457},{"id":26141,"n":"Poivre noir grains Sainte Lucie 245g","p":9.03,"u":"36,86 €/KG","img":"https://fd8-photos.leclercdrive.fr/image.ashx?id=2379706&use=l&cat=p&typeid=i","cat":284457},{"id":26146,"n":"Sucre vanillé bio Sainte Lucie  Sachets - 5x7.5g","p":2.33,"u":"0,62 €/KG","img":"https://fd8-photos.leclercdrive.fr/image.ashx?id=2731519&use=l&cat=p&typeid=i","cat":284504},{"id":26150,"n":"Spéculoos Sainte Lucie Concassés 125g","p":2.3,"u":"18,40 €/KG","img":"https://fd8-photos.leclercdrive.fr/image.ashx?id=2144092&use=l&cat=p&typeid=i","cat":284504},{"id":26151,"n":"Sucre Eco+  En poudre - 1kg","p":0.95,"u":"0,95 €/KG","img":"https://fd8-photos.leclercdrive.fr/image.ashx?id=2702277&use=l&cat=p&typeid=i","cat":284502},{"id":26152,"n":"Salade Mexicaine Eco+ Au thon - 280g","p":1.12,"u":"4,00 €/KG","img":"https://fd8-photos.leclercdrive.fr/image.ashx?id=2884201&use=l&cat=p&typeid=i","cat":284437},{"id":26161,"n":"Yaourt nature brassé bifidus Activia - 8x125g","p":2.74,"u":"2,74 €/KG","img":"https://fd8-photos.leclercdrive.fr/image.ashx?id=2741691&use=l&cat=p&typeid=i","cat":315000},{"id":26183,"n":"Adoucissant Hyperdou Rêve de fraîcheur - 3x250ml","p":1.23,"u":"1,64 €/L","img":"https://fd8-photos.leclercdrive.fr/image.ashx?id=2643318&use=l&cat=p&typeid=i","cat":284650},{"id":26184,"n":"Adoucissant Hyperdou Senteur de provence - 3x250ml","p":1.2,"u":"1,60 €/L","img":"https://fd8-photos.leclercdrive.fr/image.ashx?id=2675685&use=l&cat=p&typeid=i","cat":284650},{"id":26185,"n":"Lingettes désinfectante Sanytol Multi-usage Eucalyptus - x72","p":1.44,"u":"0,03 €/P","img":"https://fd8-photos.leclercdrive.fr/image.ashx?id=2899353&use=l&cat=p&typeid=i","cat":325358},{"id":26220,"n":"Sucre Eco+ Cristal  - 5kg","p":5.02,"u":"1,00 €/KG","img":"https://fd8-photos.leclercdrive.fr/image.ashx?id=3010413&use=l&cat=p&typeid=i","cat":284502},{"id":26223,"n":"Sauce Sacla'Italia Arrabbiata - 190g","p":2.0,"u":"10,53 €/KG","img":"https://fd8-photos.leclercdrive.fr/image.ashx?id=2971413&use=l&cat=p&typeid=i","cat":287599},{"id":26258,"n":"Madeleines coquilles P'tit déli Sachet 600g","p":2.39,"u":"3,98 €/KG","img":"https://fd8-photos.leclercdrive.fr/image.ashx?id=2540948&use=l&cat=p&typeid=i","cat":284492},{"id":26271,"n":"Rôti de porc Tradilège 6 tranches VPF 180g","p":2.38,"u":"13,22 €/KG","img":"https://fd8-photos.leclercdrive.fr/image.ashx?id=2675786&use=l&cat=p&typeid=i","cat":316009},{"id":26287,"n":"Sauce Sacla'Italia Caviar de tomate à l'ail - 190g","p":2.03,"u":"10,68 €/KG","img":"https://fd8-photos.leclercdrive.fr/image.ashx?id=2160225&use=l&cat=p&typeid=i","cat":287599},{"id":26308,"n":"Boisson énergisante Red Bull 355ml","p":1.6,"u":"4,51 €/L","img":"https://fd8-photos.leclercdrive.fr/image.ashx?id=3011980&use=l&cat=p&typeid=i","cat":284533},{"id":26309,"n":"Boîte chat Whiskas  Gelée mer & campagne - 8x400g","p":9.04,"u":"2,90 €/KG","img":"https://fd8-photos.leclercdrive.fr/image.ashx?id=2759628&use=l&cat=p&typeid=i","cat":285601},{"id":26310,"n":"Cornichons Kühne Aigre doux - 360g","p":2.29,"u":"6,36 €/KG","img":"https://fd8-photos.leclercdrive.fr/image.ashx?id=2550925&use=l&cat=p&typeid=i","cat":284458},{"id":26319,"n":"Noix de cajou Tokapi Sans sel ajouté - 125g","p":1.79,"u":"14,32 €/KG","img":"https://fd8-photos.leclercdrive.fr/image.ashx?id=2794000&use=l&cat=p&typeid=i","cat":284448},{"id":26320,"n":"Oignons frits snack Kühne Boîte -  100g","p":1.36,"u":"13,60 €/KG","img":"https://fd8-photos.leclercdrive.fr/image.ashx?id=2447079&use=l&cat=p&typeid=i","cat":298297},{"id":26324,"n":"Noisette Sainte Lucie Méditerranée décortiquée 125g","p":4.19,"u":"33,52 €/KG","img":"https://fd8-photos.leclercdrive.fr/image.ashx?id=2776112&use=l&cat=p&typeid=i","cat":284448},{"id":26325,"n":"Noisettes Sainte Lucie En poudre 125g","p":3.5,"u":"28,00 €/KG","img":"https://fd8-photos.leclercdrive.fr/image.ashx?id=2122046&use=l&cat=p&typeid=i","cat":284504},{"id":26328,"n":"Arôme amande amère Sainte Lucie Blister - 20ml","p":1.34,"u":"67,00 €/L","img":"https://fd8-photos.leclercdrive.fr/image.ashx?id=2774313&use=l&cat=p&typeid=i","cat":284504},{"id":26329,"n":"Arôme Sainte Lucie Fleur d'oranger flacon 250ml","p":2.02,"u":"8,08 €/L","img":"https://fd8-photos.leclercdrive.fr/image.ashx?id=2774316&use=l&cat=p&typeid=i","cat":284504},{"id":26330,"n":"Amandes California Sainte Lucie Blanches effilées sachet 125g","p":3.42,"u":"27,36 €/KG","img":"https://fd8-photos.leclercdrive.fr/image.ashx?id=2776109&use=l&cat=p&typeid=i","cat":284504},{"id":26332,"n":"Gélifiant naturel Sainte Lucie Végétal Agar Agar 4 sachets x2g","p":2.47,"u":"123,50 €/KG","img":"https://fd8-photos.leclercdrive.fr/image.ashx?id=2774325&use=l&cat=p&typeid=i","cat":284504},{"id":26335,"n":"Bougies anniversaire Ste Lucie Plusieurs coloris blister x20","p":2.4,"img":"https://fd8-photos.leclercdrive.fr/image.ashx?id=2774361&use=l&cat=p&typeid=i","cat":284504},{"id":26339,"n":"Cumin moulu Sainte Lucie 40g","p":2.71,"u":"67,75 €/KG","img":"https://fd8-photos.leclercdrive.fr/image.ashx?id=2974315&use=l&cat=p&typeid=i","cat":298297},{"id":26343,"n":"Piment doux Sainte Lucie Moulus - 50g","p":2.38,"u":"47,60 €/KG","img":"https://fd8-photos.leclercdrive.fr/image.ashx?id=2774388&use=l&cat=p&typeid=i","cat":298297},{"id":26348,"n":"Piments de cayenne Sainte Lucie Moulu - 40g","p":2.37,"u":"59,25 €/KG","img":"https://fd8-photos.leclercdrive.fr/image.ashx?id=2774400&use=l&cat=p&typeid=i","cat":298297},{"id":26351,"n":"Poivre blanc Sainte Lucie En grains étui - 100g","p":5.77,"u":"57,70 €/KG","img":"https://fd8-photos.leclercdrive.fr/image.ashx?id=1892858&use=l&cat=p&typeid=i","cat":284457},{"id":26362,"n":"Ail semoule Sainte Lucie 60g","p":2.23,"u":"37,17 €/KG","img":"https://fd8-photos.leclercdrive.fr/image.ashx?id=1892852&use=l&cat=p&typeid=i","cat":298297},{"id":26363,"n":"5 baies Sainte Lucie Flacon - 45g","p":3.2,"u":"71,11 €/KG","img":"https://fd8-photos.leclercdrive.fr/image.ashx?id=2974324&use=l&cat=p&typeid=i","cat":284457},{"id":26366,"n":"Caramel liquide Sainte Lucie Nature flacon 250ml","p":2.78,"u":"11,12 €/L","img":"https://fd8-photos.leclercdrive.fr/image.ashx?id=2776106&use=l&cat=p&typeid=i","cat":284504},{"id":26369,"n":"Demi feuilles de gélatine  Sainte Lucie","p":1.41,"img":"https://fd8-photos.leclercdrive.fr/image.ashx?id=2859024&use=l&cat=p&typeid=i","cat":284504},{"id":26372,"n":"Noix de coco Sainte Lucie Des Tropiques râpée sachet 125g","p":2.05,"u":"16,40 €/KG","img":"https://fd8-photos.leclercdrive.fr/image.ashx?id=2776115&use=l&cat=p&typeid=i","cat":284504},{"id":26375,"n":"Pâte d'amandes Sainte Lucie Tricolore pain - 200g","p":2.66,"u":"13,30 €/KG","img":"https://fd8-photos.leclercdrive.fr/image.ashx?id=2774352&use=l&cat=p&typeid=i","cat":284504},{"id":26378,"n":"Curcuma moulu Sainte Lucie 55g","p":2.44,"u":"44,36 €/KG","img":"https://fd8-photos.leclercdrive.fr/image.ashx?id=2774391&use=l&cat=p&typeid=i","cat":298297},{"id":26379,"n":"Echalote semoule Sainte Lucie 40g","p":1.85,"u":"46,25 €/KG","img":"https://fd8-photos.leclercdrive.fr/image.ashx?id=2974318&use=l&cat=p&typeid=i","cat":298297},{"id":26381,"n":"Vermicelles Multicolores Sainte Lucie - 65g","p":2.06,"u":"31,69 €/KG","img":"https://fd8-photos.leclercdrive.fr/image.ashx?id=2774340&use=l&cat=p&typeid=i","cat":284504},{"id":26385,"n":"Aneth feuilles Sainte Lucie 15g","p":1.75,"u":"116,67 €/KG","img":"https://fd8-photos.leclercdrive.fr/image.ashx?id=2774382&use=l&cat=p&typeid=i","cat":298297},{"id":26386,"n":"Basilic feuilles Sainte Lucie Coupées - 15g","p":1.68,"u":"112,00 €/KG","img":"https://fd8-photos.leclercdrive.fr/image.ashx?id=2774376&use=l&cat=p&typeid=i","cat":298297},{"id":26389,"n":"Poivre blanc moulu Sainte Lucie Saveurs preservées flacon 45g","p":2.76,"u":"61,33 €/KG","img":"https://fd8-photos.leclercdrive.fr/image.ashx?id=2414121&use=l&cat=p&typeid=i","cat":284457},{"id":26390,"n":"Poivre noir grains Sainte Lucie Saveurs préservées flacon 50g","p":2.83,"u":"56,60 €/KG","img":"https://fd8-photos.leclercdrive.fr/image.ashx?id=2974327&use=l&cat=p&typeid=i","cat":284457},{"id":26391,"n":"Poivre noir moulu Sainte Lucie Saveurs préservées - 50g","p":2.26,"u":"45,20 €/KG","img":"https://fd8-photos.leclercdrive.fr/image.ashx?id=2974330&use=l&cat=p&typeid=i","cat":284457},{"id":26392,"n":"Poivre gris moulu Sainte Lucie Flacon 50g","p":2.2,"u":"44,00 €/KG","img":"https://fd8-photos.leclercdrive.fr/image.ashx?id=2176776&use=l&cat=p&typeid=i","cat":284457},{"id":26394,"n":"Poivre noir grains Sainte Lucie Etui - 100g","p":4.97,"u":"49,70 €/KG","img":"https://fd8-photos.leclercdrive.fr/image.ashx?id=2774442&use=l&cat=p&typeid=i","cat":284457},{"id":26395,"n":"Sucre vanillé Sainte Lucie Bourbon 5 sachets - 38g","p":1.5,"u":"39,47 €/KG","img":"https://fd8-photos.leclercdrive.fr/image.ashx?id=2774286&use=l&cat=p&typeid=i","cat":284504},{"id":26402,"n":"Thym feuilles Sainte Lucie Aromatiques - 18g","p":1.66,"u":"92,22 €/KG","img":"https://fd8-photos.leclercdrive.fr/image.ashx?id=2774966&use=l&cat=p&typeid=i","cat":298297},{"id":26403,"n":"Safran poudre Sainte Lucie 3 doses 0.1g- flacon 0.30g","p":4.47,"u":"149,00 €/KG","img":"https://fd8-photos.leclercdrive.fr/image.ashx?id=2182918&use=l&cat=p&typeid=i","cat":298297},{"id":26407,"n":"Raisins secs bruns Sainte Lucie De Smyrne - 125g","p":1.44,"u":"11,52 €/KG","img":"https://fd8-photos.leclercdrive.fr/image.ashx?id=2774337&use=l&cat=p&typeid=i","cat":323809},{"id":26408,"n":"Raisins blonds Sainte Lucie Sultanine - 125g","p":1.99,"u":"15,92 €/KG","img":"https://fd8-photos.leclercdrive.fr/image.ashx?id=2142638&use=l&cat=p&typeid=i","cat":284357},{"id":26447,"n":"Pralin doré haché Sainte Lucie Sachet 75g","p":1.84,"u":"24,53 €/KG","img":"https://fd8-photos.leclercdrive.fr/image.ashx?id=2774355&use=l&cat=p&typeid=i","cat":284504},{"id":26458,"n":"Armagnac Duc de Borzac VSOP - 40%vol. - 70cl","p":27.12,"u":"38,74 €/L","img":"https://fd8-photos.leclercdrive.fr/image.ashx?id=1648332&use=l&cat=p&typeid=i","cat":286032},{"id":26464,"n":"Steak haché 5% MG Bio Village Bio 2x100g","p":4.59,"u":"22,95 €/KG","img":"https://fd8-photos.leclercdrive.fr/image.ashx?id=2951338&use=l&cat=p&typeid=i","cat":284332},{"id":26465,"n":"Steak haché 15% MG Bio Village Bio 2x100g","p":4.19,"u":"20,95 €/KG","img":"https://fd8-photos.leclercdrive.fr/image.ashx?id=2951341&use=l&cat=p&typeid=i","cat":284332},{"id":26484,"n":"Croquette chat stérilisé Ultima  Poulet - 3kg","p":11.59,"u":"3,86 €/KG","img":"https://fd8-photos.leclercdrive.fr/image.ashx?id=2918886&use=l&cat=p&typeid=i","cat":284680},{"id":26493,"n":"Pizza Merveillosa Turini Mozzarella - 335g","p":2.15,"u":"6,42 €/KG","img":"https://fd8-photos.leclercdrive.fr/image.ashx?id=2816573&use=l&cat=p&typeid=i","cat":284256},{"id":26494,"n":"Pizza Merveillosa Turini Thon - 355g","p":2.26,"u":"6,37 €/KG","img":"https://fd8-photos.leclercdrive.fr/image.ashx?id=2815238&use=l&cat=p&typeid=i","cat":284256},{"id":26562,"n":"Lait sans lactose Délisse UHT Bouteille -  6x1L","p":7.5,"u":"1,25 €/L","img":"https://fd8-photos.leclercdrive.fr/image.ashx?id=2366292&use=l&cat=p&typeid=i","cat":317169},{"id":26565,"n":"Lait Croissance Bio Village bio 10 à 36 mois - 6x1L","p":9.99,"u":"1,67 €/L","img":"https://fd8-photos.leclercdrive.fr/image.ashx?id=2802032&use=l&cat=p&typeid=i","cat":284728},{"id":26569,"n":"Filet de poulet blanc Le Gaulois 720g","p":10.3,"u":"14,31 €/KG","img":"https://fd8-photos.leclercdrive.fr/image.ashx?id=3003212&use=l&cat=p&typeid=i","cat":284336},{"id":26586,"n":"Fromage blanc Déli'light Vanille 0%MG - 8x100g","p":2.66,"u":"3,33 €/KG","img":"https://fd8-photos.leclercdrive.fr/image.ashx?id=2043352&use=l&cat=p&typeid=i","cat":315000},{"id":26611,"n":"Sel moulu Le Guérandais Tradition - 250g","p":1.7,"u":"6,80 €/KG","img":"https://fd8-photos.leclercdrive.fr/image.ashx?id=1954622&use=l&cat=p&typeid=i","cat":284457},{"id":26646,"n":"AOP Champagne Brut Nicolas Feuillatte Grande Réserve 75cl","p":23.2,"u":"30,93 €/L","img":"https://fd8-photos.leclercdrive.fr/image.ashx?id=2733184&use=l&cat=p&typeid=i","cat":284542},{"id":26647,"n":"Chair à saucisses porc Férial 400g","p":3.49,"u":"8,73 €/KG","img":"https://fd8-photos.leclercdrive.fr/image.ashx?id=2953308&use=l&cat=p&typeid=i","cat":284332},{"id":26649,"n":"Cacahuètes Benenuts-Twinuts Nature Sel - 150g","p":1.08,"u":"7,20 €/KG","img":"https://fd8-photos.leclercdrive.fr/image.ashx?id=2967735&use=l&cat=p&typeid=i","cat":284448},{"id":26659,"n":"Fonds d'artichauts Notre Jardin 210g","p":2.75,"u":"13,10 €/KG","img":"https://fd8-photos.leclercdrive.fr/image.ashx?id=2607921&use=l&cat=p&typeid=i","cat":312611},{"id":26663,"n":"Farine de sarrasin Treblec 1kg","p":2.73,"u":"2,73 €/KG","img":"https://fd8-photos.leclercdrive.fr/image.ashx?id=2734843&use=l&cat=p&typeid=i","cat":284503},{"id":26687,"n":"Escargots praliné/lait Jacquot x24 300g","p":5.0,"u":"16,67 €/KG","img":"https://fd8-photos.leclercdrive.fr/image.ashx?id=2303279&use=l&cat=p&typeid=i","cat":327595},{"id":26708,"n":"Cacahuètes Benenuts-Twinuts Bacon Grillé - 150g","p":1.11,"u":"7,40 €/KG","img":"https://fd8-photos.leclercdrive.fr/image.ashx?id=2967738&use=l&cat=p&typeid=i","cat":284448},{"id":26713,"n":"Brownie Brossard Chocolat pépites 285g","p":2.73,"u":"9,58 €/KG","img":"https://fd8-photos.leclercdrive.fr/image.ashx?id=2977492&use=l&cat=p&typeid=i","cat":294776},{"id":26722,"n":"Ratatouille Cuisinée Cassegrain à la Provençale 660g","p":3.66,"u":"5,55 €/KG","img":"https://fd8-photos.leclercdrive.fr/image.ashx?id=2902660&use=l&cat=p&typeid=i","cat":312612},{"id":26732,"n":"Jeunes pousses Bonduelle  - 145g","p":2.23,"u":"15,38 €/KG","img":"https://fd8-photos.leclercdrive.fr/image.ashx?id=2556900&use=l&cat=p&typeid=i","cat":284353},{"id":26733,"n":"Dessert végétal au soja Sojasun Nature - 12x100g","p":3.13,"u":"2,61 €/KG","img":"https://fd8-photos.leclercdrive.fr/image.ashx?id=2355665&use=l&cat=p&typeid=i","cat":316071},{"id":26765,"n":"Mayonnaise Rustica A la moutarde de Dijon - 470g","p":1.6,"u":"3,40 €/KG","img":"https://fd8-photos.leclercdrive.fr/image.ashx?id=2954361&use=l&cat=p&typeid=i","cat":298295},{"id":26797,"n":"Compote Douceur du Verger Coupelle pomme fraise - 4x100g","p":1.15,"u":"2,88 €/KG","img":"https://fd8-photos.leclercdrive.fr/image.ashx?id=2663503&use=l&cat=p&typeid=i","cat":284508},{"id":26818,"n":"Boisson base vin rosée Very Pamp Pamplemousse - 75cl","p":2.99,"u":"3,99 €/L","img":"https://fd8-photos.leclercdrive.fr/image.ashx?id=2446629&use=l&cat=p&typeid=i","cat":304569},{"id":26820,"n":"IGP Pays d'Oc rouge Roche Mazet Merlot - BIB 3L","p":10.6,"u":"3,53 €/L","img":"https://fd8-photos.leclercdrive.fr/image.ashx?id=2597387&use=l&cat=p&typeid=i","cat":289560},{"id":26840,"n":"Spray Détachant Vanish  Avant-lavage - 750ml","p":4.35,"u":"5,80 €/L","img":"https://fd8-photos.leclercdrive.fr/image.ashx?id=2963913&use=l&cat=p&typeid=i","cat":284651},{"id":26877,"n":"Crackers Mini pizza Tokapi 85g","p":0.69,"u":"8,12 €/KG","img":"https://fd8-photos.leclercdrive.fr/image.ashx?id=2351232&use=l&cat=p&typeid=i","cat":297000},{"id":26926,"n":"Couches bébé Mots d'Enfants -T3 Ultra confort - 4/9kg - x162","p":19.7,"u":"0,12 €/P","img":"https://fd8-photos.leclercdrive.fr/image.ashx?id=2573987&use=l&cat=p&typeid=i","cat":284737},{"id":26945,"n":"Bâtonnets Trium Noix de coco x4 - 292g","p":2.69,"u":"9,21 €/KG","img":"https://fd8-photos.leclercdrive.fr/image.ashx?id=2767501&use=l&cat=p&typeid=i","cat":284265},{"id":26978,"n":"Chewing-gum menthol Airwaves Eucalyptus s/sucre 5x10","p":2.2,"img":"https://fd8-photos.leclercdrive.fr/image.ashx?id=2355902&use=l&cat=p&typeid=i","cat":304251},{"id":26979,"n":"Chewing-gum Airwaves Cool cassis s/sucre 5x10","p":2.21,"img":"https://fd8-photos.leclercdrive.fr/image.ashx?id=2355905&use=l&cat=p&typeid=i","cat":304251},{"id":26980,"n":"Chewing-gum Airwaves Black menthol sans sucre 5x10","p":2.29,"img":"https://fd8-photos.leclercdrive.fr/image.ashx?id=2355908&use=l&cat=p&typeid=i","cat":304251},{"id":26998,"n":"Sachet repas chats Gourmet Les filettines en sauce -12x85g","p":5.51,"u":"5,40 €/KG","img":"https://fd8-photos.leclercdrive.fr/image.ashx?id=2902277&use=l&cat=p&typeid=i","cat":285286},{"id":27069,"n":"Sorbet Oasis Multifruits x10 - 400g","p":2.84,"u":"7,10 €/KG","img":"https://fd8-photos.leclercdrive.fr/image.ashx?id=2831924&use=l&cat=p&typeid=i","cat":285250},{"id":27070,"n":"Bâtonnets Oasis Tropical x10 - 400g","p":2.48,"u":"6,20 €/KG","img":"https://fd8-photos.leclercdrive.fr/image.ashx?id=2877829&use=l&cat=p&typeid=i","cat":285250},{"id":27086,"n":"Crème légère fluide UHT Bio Bio Village 15%mg - 3x20cl","p":3.65,"u":"6,08 €/L","img":"https://fd8-photos.leclercdrive.fr/image.ashx?id=2694434&use=l&cat=p&typeid=i","cat":284381},{"id":27087,"n":"Crème entière fluide UHT Bio Bio Village 30% MG - 3x20cl","p":3.96,"u":"6,60 €/L","img":"https://fd8-photos.leclercdrive.fr/image.ashx?id=2496899&use=l&cat=p&typeid=i","cat":284381},{"id":27088,"n":"Glace à l'eau Stick Smicy 5 parfums x20 - 845g","p":2.74,"u":"3,24 €/KG","img":"https://fd8-photos.leclercdrive.fr/image.ashx?id=2073057&use=l&cat=p&typeid=i","cat":285250},{"id":27091,"n":"Mayonnaise Rustica A la moutarde de Dijon - 235g","p":1.14,"u":"4,85 €/KG","img":"https://fd8-photos.leclercdrive.fr/image.ashx?id=2954358&use=l&cat=p&typeid=i","cat":298295},{"id":27093,"n":"Compote Douceur du Verger Coupelle pomme abricot - 4x100g","p":1.19,"u":"2,98 €/KG","img":"https://fd8-photos.leclercdrive.fr/image.ashx?id=2663500&use=l&cat=p&typeid=i","cat":284508},{"id":27096,"n":"Mayonnaise allégée Rustica 450g","p":1.13,"u":"2,51 €/KG","img":"https://fd8-photos.leclercdrive.fr/image.ashx?id=1026709&use=l&cat=p&typeid=i","cat":298295},{"id":27098,"n":"Café moulu Plantation Brésil - 250g","p":3.71,"u":"14,84 €/KG","img":"https://fd8-photos.leclercdrive.fr/image.ashx?id=2607512&use=l&cat=p&typeid=i","cat":284750},{"id":27106,"n":"Couches bébé Mots d'Enfants Mini - T2 : 3/6kg - x35 changes","p":5.18,"u":"0,15 €/P","img":"https://fd8-photos.leclercdrive.fr/image.ashx?id=2904568&use=l&cat=p&typeid=i","cat":284737},{"id":27108,"n":"Steak haché 5%mg Férial façon bouchère - 250g","p":4.49,"u":"17,96 €/KG","img":"https://fd8-photos.leclercdrive.fr/image.ashx?id=2903989&use=l&cat=p&typeid=i","cat":284332},{"id":27109,"n":"Steak haché 15mg Férial Façon bouchère - 250g","p":3.99,"u":"15,96 €/KG","img":"https://fd8-photos.leclercdrive.fr/image.ashx?id=2903992&use=l&cat=p&typeid=i","cat":284332},{"id":27114,"n":"Lait céréales Blédidej 12 mois Chocolat - 4x250ml","p":3.52,"u":"3,52 €/L","img":"https://fd8-photos.leclercdrive.fr/image.ashx?id=2921058&use=l&cat=p&typeid=i","cat":312226},{"id":27158,"n":"Mini Barre Chocolat Lait KitKat x21 barres - 350g","p":4.51,"u":"12,89 €/KG","img":"https://fd8-photos.leclercdrive.fr/image.ashx?id=2762611&use=l&cat=p&typeid=i","cat":284498},{"id":27172,"n":"Boisson lactée allégé Candy'UP Chocolat - 6x20cl","p":2.77,"u":"2,31 €/L","img":"https://fd8-photos.leclercdrive.fr/image.ashx?id=2492148&use=l&cat=p&typeid=i","cat":295246},{"id":27174,"n":"Bière blonde Tripel Karmeliet 8,4% - 75cl","p":4.65,"u":"6,20 €/L","img":"https://fd8-photos.leclercdrive.fr/image.ashx?id=2861180&use=l&cat=p&typeid=i","cat":334872},{"id":27178,"n":"Friandises Fun Tastix Fido Jambon fromage - 150g","p":1.59,"u":"10,60 €/KG","img":"https://fd8-photos.leclercdrive.fr/image.ashx?id=2681212&use=l&cat=p&typeid=i","cat":294527},{"id":27229,"n":"Couches bébé Mots d'Enfants Ecologique - T4 : 7/18kg - x32","p":8.99,"u":"0,28 €/P","img":"https://fd8-photos.leclercdrive.fr/image.ashx?id=2904562&use=l&cat=p&typeid=i","cat":284737},{"id":27366,"n":"Viande haché 5% MG Bio Village Bio 350g","p":7.99,"u":"22,83 €/KG","img":"https://fd8-photos.leclercdrive.fr/image.ashx?id=2942256&use=l&cat=p&typeid=i","cat":284332},{"id":27372,"n":"Adoucissant Hyperdou Douceur pêche - 3x250ml","p":1.24,"u":"1,65 €/L","img":"https://fd8-photos.leclercdrive.fr/image.ashx?id=2657208&use=l&cat=p&typeid=i","cat":284650},{"id":27374,"n":"Délices au caramel Lightbody Sel de guérande 320g","p":4.5,"u":"14,06 €/KG","img":"https://fd8-photos.leclercdrive.fr/image.ashx?id=2673878&use=l&cat=p&typeid=i","cat":284360},{"id":27377,"n":"Cordons bleus Isla Délice Halal - x4 400g","p":3.49,"u":"8,73 €/KG","img":"https://fd8-photos.leclercdrive.fr/image.ashx?id=2249689&use=l&cat=p&typeid=i","cat":319780},{"id":27381,"n":"Boulettes de boeuf Isla Délice Halal - x27 - 810g","p":7.92,"u":"9,78 €/KG","img":"https://fd8-photos.leclercdrive.fr/image.ashx?id=1925102&use=l&cat=p&typeid=i","cat":319779},{"id":27382,"n":"Nuggets Isla Délice Halal - 400g","p":3.5,"u":"8,75 €/KG","img":"https://fd8-photos.leclercdrive.fr/image.ashx?id=2256104&use=l&cat=p&typeid=i","cat":319780},{"id":27432,"n":"Sac de tournesol Pictou 3kg","p":4.7,"u":"1,57 €/KG","img":"https://fd8-photos.leclercdrive.fr/image.ashx?id=2231792&use=l&cat=p&typeid=i","cat":284678},{"id":27434,"n":"Coupelles Pêches DDV Sirop léger - 4x70 g","p":2.49,"u":"8,89 €/KG","img":"https://fd8-photos.leclercdrive.fr/image.ashx?id=2100784&use=l&cat=p&typeid=i","cat":284507},{"id":27454,"n":"Maïs Notre Jardin Croquant - 3x140g","p":1.83,"u":"4,36 €/KG","img":"https://fd8-photos.leclercdrive.fr/image.ashx?id=2988051&use=l&cat=p&typeid=i","cat":312611},{"id":27487,"n":"Dés Salakis basilic Fromage brebis - 300g","p":3.5,"u":"11,67 €/KG","img":"https://fd8-photos.leclercdrive.fr/image.ashx?id=2729695&use=l&cat=p&typeid=i","cat":314026},{"id":27523,"n":"Colin d'Alaska Pêche Océan À la parisienne - MSC - 400g","p":2.79,"u":"6,98 €/KG","img":"https://fd8-photos.leclercdrive.fr/image.ashx?id=2930120&use=l&cat=p&typeid=i","cat":319786},{"id":27524,"n":"Colin d'Alaska Côté Table A la provençale - MSC - 400g","p":2.79,"u":"6,98 €/KG","img":"https://fd8-photos.leclercdrive.fr/image.ashx?id=2930123&use=l&cat=p&typeid=i","cat":319786},{"id":27531,"n":"Assortiment exotique Tables du Monde 470g","p":4.79,"u":"10,19 €/KG","img":"https://fd8-photos.leclercdrive.fr/image.ashx?id=1735978&use=l&cat=p&typeid=i","cat":333673},{"id":27566,"n":"Ruban adhésif d'emballage Siléa Largeur 50mm x 66 mètres","p":2.84,"img":"https://fd8-photos.leclercdrive.fr/image.ashx?id=2162345&use=l&cat=p&typeid=i","cat":300576},{"id":27721,"n":"Emmental Les Croisés En tranches - 200g","p":1.94,"u":"9,70 €/KG","img":"https://fd8-photos.leclercdrive.fr/image.ashx?id=2436317&use=l&cat=p&typeid=i","cat":314028},{"id":27798,"n":"Bière ambrée corse Pietra 6° - 75cl","p":3.89,"u":"5,19 €/L","img":"https://fd8-photos.leclercdrive.fr/image.ashx?id=2992921&use=l&cat=p&typeid=i","cat":334872},{"id":27834,"n":"Pizza Crousti-moelleuse Marie 4 fromages - 510g","p":3.85,"u":"7,55 €/KG","img":"https://fd8-photos.leclercdrive.fr/image.ashx?id=2996749&use=l&cat=p&typeid=i","cat":284256},{"id":27836,"n":"Pizza Crousti-moelleuse Marie Poulet kebab - 530g","p":4.03,"u":"7,60 €/KG","img":"https://fd8-photos.leclercdrive.fr/image.ashx?id=2996752&use=l&cat=p&typeid=i","cat":284256},{"id":27925,"n":"AOP Réserve du Président rosé Sciaccrellu - 75cl","p":5.6,"u":"7,47 €/L","img":"https://fd8-photos.leclercdrive.fr/image.ashx?id=2093463&use=l&cat=p&typeid=i","cat":289558},{"id":27941,"n":"Cotons Duo Démaquillants Inell Disques x110","p":0.97,"img":"https://fd8-photos.leclercdrive.fr/image.ashx?id=1709588&use=l&cat=p&typeid=i","cat":285593},{"id":27961,"n":"Poulet basquaise Marie Riz à la tomate - 900g","p":4.88,"u":"5,42 €/KG","img":"https://fd8-photos.leclercdrive.fr/image.ashx?id=2996779&use=l&cat=p&typeid=i","cat":284254},{"id":27976,"n":"Eau minérale naturelle Vittel 8x33cl","p":2.49,"u":"0,94 €/L","img":"https://fd8-photos.leclercdrive.fr/image.ashx?id=3000423&use=l&cat=p&typeid=i","cat":284535},{"id":27977,"n":"Eau minérale naturelle Vittel 6x50cl","p":2.43,"u":"0,81 €/L","img":"https://fd8-photos.leclercdrive.fr/image.ashx?id=2999850&use=l&cat=p&typeid=i","cat":284535},{"id":28021,"n":"Dentifrice enfant Dentamyl Gel fraise - 75ml","p":1.25,"u":"16,67 €/L","img":"https://fd8-photos.leclercdrive.fr/image.ashx?id=2613831&use=l&cat=p&typeid=i","cat":288898},{"id":28023,"n":"Duo céréales Comptoir du Grain  Quinoa et Boulgour - 400g","p":2.05,"u":"5,13 €/KG","img":"https://fd8-photos.leclercdrive.fr/image.ashx?id=3012830&use=l&cat=p&typeid=i","cat":284429},{"id":28028,"n":"Recharge power tabs Rubson Lot de 4","p":21.9,"u":"5,48 €/P","img":"https://fd8-photos.leclercdrive.fr/image.ashx?id=1971365&use=l&cat=p&typeid=i","cat":300576},{"id":28076,"n":"AOP Madiran rouge Terroirs de Tilhet - 75cl","p":5.25,"pp":3.46,"u":"4,61 €/L","img":"https://fd8-photos.leclercdrive.fr/image.ashx?id=2996830&use=l&cat=p&typeid=i","cat":289556},{"id":28078,"n":"Coton bébé Mots d'Enfants Duo maxi carrés - x80","p":1.79,"u":"0,02 €/P","img":"https://fd8-photos.leclercdrive.fr/image.ashx?id=3014206&use=l&cat=p&typeid=i","cat":284739},{"id":28083,"n":"Maïs Notre Jardin Tendre  - 2x300g","p":1.88,"u":"3,13 €/KG","img":"https://fd8-photos.leclercdrive.fr/image.ashx?id=3005661&use=l&cat=p&typeid=i","cat":312611},{"id":28099,"n":"Eau minérale gazeuse St Diery Naturelle - 6x1,25L","p":2.16,"u":"0,29 €/L","img":"https://fd8-photos.leclercdrive.fr/image.ashx?id=2863075&use=l&cat=p&typeid=i","cat":284536},{"id":28104,"n":"IGP Pays d'Oc Merlot vin rosé Vieux Carion 12.5% vol -75 cl","p":2.25,"u":"3,00 €/L","img":"https://fd8-photos.leclercdrive.fr/image.ashx?id=2903962&use=l&cat=p&typeid=i","cat":289558},{"id":28203,"n":"Fromage : Le Carré Les Croisés 23%mg - 230g","p":1.92,"u":"8,35 €/KG","img":"https://fd8-photos.leclercdrive.fr/image.ashx?id=2974801&use=l&cat=p&typeid=i","cat":314033},{"id":28209,"n":"Noix de cajou grillées Tokapi Salées - 125g","p":1.48,"u":"11,84 €/KG","img":"https://fd8-photos.leclercdrive.fr/image.ashx?id=2839821&use=l&cat=p&typeid=i","cat":284448},{"id":28211,"n":"Pistaches Tokapi Grillées et salées - 125g","p":1.85,"u":"14,80 €/KG","img":"https://fd8-photos.leclercdrive.fr/image.ashx?id=2795550&use=l&cat=p&typeid=i","cat":284448},{"id":28216,"n":"Café en grains Bio Village Bio 100% arabica - 250g","p":4.51,"u":"18,04 €/KG","img":"https://fd8-photos.leclercdrive.fr/image.ashx?id=1470434&use=l&cat=p&typeid=i","cat":293237},{"id":28217,"n":"Pain d'épices bio Bio Village Miel - Pré-tranché - 300g","p":1.65,"u":"5,50 €/KG","img":"https://fd8-photos.leclercdrive.fr/image.ashx?id=2355419&use=l&cat=p&typeid=i","cat":284493},{"id":28226,"n":"Cotons Duo Démaquillants Inell Duo ovale - Disques x70","p":1.56,"img":"https://fd8-photos.leclercdrive.fr/image.ashx?id=1709940&use=l&cat=p&typeid=i","cat":285593},{"id":28227,"n":"Tablette bio Bio Village Chocolat au lait - 100g","p":1.76,"u":"17,60 €/KG","img":"https://fd8-photos.leclercdrive.fr/image.ashx?id=2791057&use=l&cat=p&typeid=i","cat":284497},{"id":28228,"n":"Chocolat Pâtissier Bio Village Bio - Noir  52% cacao - 200g","p":2.75,"u":"13,75 €/KG","img":"https://fd8-photos.leclercdrive.fr/image.ashx?id=2802305&use=l&cat=p&typeid=i","cat":285562},{"id":28241,"n":"Savon mains en crème Manava Lait et miel - 300ml","p":1.05,"u":"3,50 €/L","img":"https://fd8-photos.leclercdrive.fr/image.ashx?id=2935486&use=l&cat=p&typeid=i","cat":284597},{"id":28308,"n":"Paëlla Royale Côté Table Poulet, moule et chorizo 940g","p":3.69,"u":"3,93 €/KG","img":"https://fd8-photos.leclercdrive.fr/image.ashx?id=2977873&use=l&cat=p&typeid=i","cat":325094},{"id":28311,"n":"Liqueur Grand Marnier Orange & Cognac - 40%vol - 70cl","p":22.96,"u":"32,80 €/L","img":"https://fd8-photos.leclercdrive.fr/image.ashx?id=3007909&use=l&cat=p&typeid=i","cat":286032},{"id":28343,"n":"Cardons Olabe 400g","p":1.74,"u":"4,35 €/KG","img":"https://fd8-photos.leclercdrive.fr/image.ashx?id=2609842&use=l&cat=p&typeid=i","cat":312608},{"id":28344,"n":"Olives vertes La Ciota Farcies poivrons - 120g","p":1.61,"u":"13,42 €/KG","img":"https://fd8-photos.leclercdrive.fr/image.ashx?id=2296584&use=l&cat=p&typeid=i","cat":284458},{"id":28348,"n":"Lentilles blondes poly Sabarot 1kg","p":3.73,"u":"3,73 €/KG","img":"https://fd8-photos.leclercdrive.fr/image.ashx?id=2784746&use=l&cat=p&typeid=i","cat":284430},{"id":28356,"n":"Saucisson à cuire Randy De Lyon 400g","p":5.69,"u":"14,23 €/KG","img":"https://fd8-photos.leclercdrive.fr/image.ashx?id=2733496&use=l&cat=p&typeid=i","cat":316006},{"id":28368,"n":"Tablette de chocolat Equador Noir fleur de sel 100g","p":1.42,"u":"14,20 €/KG","img":"https://fd8-photos.leclercdrive.fr/image.ashx?id=2660565&use=l&cat=p&typeid=i","cat":284956},{"id":28384,"n":"Patate douce Sachet 1kg","p":1.9,"u":"1,90 €/KG","img":"https://fd8-photos.leclercdrive.fr/image.ashx?id=1632578&use=l&cat=p&typeid=i","cat":284352},{"id":28386,"n":"Brioche de Lyon saucisson NRT 400g","p":4.99,"u":"12,48 €/KG","img":"https://fd8-photos.leclercdrive.fr/image.ashx?id=2743849&use=l&cat=p&typeid=i","cat":333671},{"id":28415,"n":"Colin d'Alaska Pêche Océan À la moutarde - MSC - 400g","p":2.99,"u":"7,48 €/KG","img":"https://fd8-photos.leclercdrive.fr/image.ashx?id=2930117&use=l&cat=p&typeid=i","cat":319786},{"id":28419,"n":"Lingettes anti-transfert Texil Tous textiles x25","p":2.32,"u":"0,09 €/P","img":"https://fd8-photos.leclercdrive.fr/image.ashx?id=2964571&use=l&cat=p&typeid=i","cat":290450},{"id":28422,"n":"Choucroute d'Alsace NRT 920g","p":6.87,"u":"7,47 €/KG","img":"https://fd8-photos.leclercdrive.fr/image.ashx?id=2723243&use=l&cat=p&typeid=i","cat":333666},{"id":28423,"n":"Choucroute d'Alsace NRT 370g","p":3.04,"u":"8,22 €/KG","img":"https://fd8-photos.leclercdrive.fr/image.ashx?id=2723246&use=l&cat=p&typeid=i","cat":333665},{"id":28432,"n":"Jus d'ananas Eco + Brique 1L","p":1.57,"u":"1,57 €/L","img":"https://fd8-photos.leclercdrive.fr/image.ashx?id=2595074&use=l&cat=p&typeid=i","cat":284916},{"id":28444,"n":"Fleur de sel de Camargue Le Saunier de Camargue - 125g","p":2.52,"u":"20,16 €/KG","img":"https://fd8-photos.leclercdrive.fr/image.ashx?id=2819343&use=l&cat=p&typeid=i","cat":284457},{"id":28516,"n":"Chocolat Noir Lindt Excellence  pointe de piment rouge - 100g","p":2.38,"u":"23,80 €/KG","img":"https://fd8-photos.leclercdrive.fr/image.ashx?id=2209200&use=l&cat=p&typeid=i","cat":284956},{"id":28562,"n":"Oranges à déguster Panier du Primeur Filet 2kg","p":3.19,"u":"1,60 €/KG","img":"https://fd8-photos.leclercdrive.fr/image.ashx?id=2414567&use=l&cat=p&typeid=i","cat":284356},{"id":28594,"n":"Soupe instantanée Royco  Crème d'asperges - 4x200ml","p":1.64,"u":"2,05 €/L","img":"https://fd8-photos.leclercdrive.fr/image.ashx?id=2650982&use=l&cat=p&typeid=i","cat":293527},{"id":28710,"n":"Lingettes Mots d'Enfants Bio Bébé - x72 lingettes","p":2.53,"u":"0,04 €/P","img":"https://fd8-photos.leclercdrive.fr/image.ashx?id=2856504&use=l&cat=p&typeid=i","cat":284738},{"id":28715,"n":"Gel Toilette Intime Fraîcheur Intima Natural Aloe Vera 200ml","p":2.8,"u":"14,00 €/L","img":"https://fd8-photos.leclercdrive.fr/image.ashx?id=2959862&use=l&cat=p&typeid=i","cat":284627},{"id":28724,"n":"Nettoyant écologique Uni Vert Spécial Vitres - 750ml","p":1.79,"u":"2,39 €/L","img":"https://fd8-photos.leclercdrive.fr/image.ashx?id=2370993&use=l&cat=p&typeid=i","cat":325363},{"id":28725,"n":"Nettoyant écologique Uni Vert Spécial Vitres - 750ml","p":1.47,"u":"1,96 €/L","img":"https://fd8-photos.leclercdrive.fr/image.ashx?id=2372341&use=l&cat=p&typeid=i","cat":325363},{"id":28727,"n":"Tablettes anti-calcaire Calgon  4 en 1 - x48","p":9.73,"u":"15,59 €/KG","img":"https://fd8-photos.leclercdrive.fr/image.ashx?id=2954881&use=l&cat=p&typeid=i","cat":284653},{"id":28730,"n":"Bain moussant Manava Vanille et ambre 500ml","p":2.14,"u":"4,28 €/L","img":"https://fd8-photos.leclercdrive.fr/image.ashx?id=2618326&use=l&cat=p&typeid=i","cat":284594},{"id":28753,"n":"Café Soluble Nescafé Cappuccino Café Viennois - 306g","p":4.72,"u":"15,42 €/KG","img":"https://fd8-photos.leclercdrive.fr/image.ashx?id=2874087&use=l&cat=p&typeid=i","cat":284843},{"id":28803,"n":"After Eight Chocolat Noël Nuit de Londres - 400g","p":6.61,"u":"16,53 €/KG","img":"https://fd8-photos.leclercdrive.fr/image.ashx?id=2918373&use=l&cat=p&typeid=i","cat":327595},{"id":28809,"n":"Pain burger géant Epi d'Or Nature x4 - 330g","p":0.87,"u":"2,64 €/KG","img":"https://fd8-photos.leclercdrive.fr/image.ashx?id=1861089&use=l&cat=p&typeid=i","cat":325067},{"id":28827,"n":"Chili con carne Côté Table Au piment de Cayenne - 820g","p":3.24,"u":"3,95 €/KG","img":"https://fd8-photos.leclercdrive.fr/image.ashx?id=2977156&use=l&cat=p&typeid=i","cat":325094},{"id":28828,"n":"Pâtes fraîches Turini Gnocchi 380g","p":1.09,"u":"2,87 €/KG","img":"https://fd8-photos.leclercdrive.fr/image.ashx?id=2254526&use=l&cat=p&typeid=i","cat":333682},{"id":28831,"n":"Cookies Méga pépites P'tit Déli Choco amandes caramelisées 184g","p":1.51,"u":"8,21 €/KG","img":"https://fd8-photos.leclercdrive.fr/image.ashx?id=2116128&use=l&cat=p&typeid=i","cat":325066},{"id":28832,"n":"Cookies Méga pépites P'tit Déli Chocolat 184g","p":1.51,"u":"8,21 €/KG","img":"https://fd8-photos.leclercdrive.fr/image.ashx?id=2722814&use=l&cat=p&typeid=i","cat":325066},{"id":28856,"n":"Pain burger Epi d'Or Géant complet x4 - 330g","p":0.97,"u":"2,94 €/KG","img":"https://fd8-photos.leclercdrive.fr/image.ashx?id=2042561&use=l&cat=p&typeid=i","cat":325067},{"id":28860,"n":"Pain de mie Epi d'or Complet - Spécial mie - 500g","p":1.47,"u":"2,94 €/KG","img":"https://fd8-photos.leclercdrive.fr/image.ashx?id=2807291&use=l&cat=p&typeid=i","cat":284477},{"id":28864,"n":"Cassoulet au confit canard NRT - 300g","p":2.97,"u":"9,90 €/KG","img":"https://fd8-photos.leclercdrive.fr/image.ashx?id=2996143&use=l&cat=p&typeid=i","cat":284953},{"id":28866,"n":"Coq au vin et ses torsades NRT 300g","p":2.61,"u":"8,70 €/KG","img":"https://fd8-photos.leclercdrive.fr/image.ashx?id=2723240&use=l&cat=p&typeid=i","cat":284953},{"id":28867,"n":"Foie gras canard IGP perigord NRT Entier - 125g","p":12.5,"u":"100,00 €/KG","img":"https://fd8-photos.leclercdrive.fr/image.ashx?id=2753514&use=l&cat=p&typeid=i","cat":305148},{"id":28869,"n":"Parmentier canard Sud Ouest NRT - 300g","p":2.99,"u":"9,97 €/KG","img":"https://fd8-photos.leclercdrive.fr/image.ashx?id=2925210&use=l&cat=p&typeid=i","cat":284953},{"id":28872,"n":"Saucisses de Toulouse lentilles NRT - 300g","p":2.36,"u":"7,87 €/KG","img":"https://fd8-photos.leclercdrive.fr/image.ashx?id=2723234&use=l&cat=p&typeid=i","cat":284953},{"id":28900,"n":"Clémentines fines de Corse IGP  1kg","p":4.99,"u":"4,99 €/KG","img":"https://fd8-photos.leclercdrive.fr/image.ashx?id=1629034&use=l&cat=p&typeid=i","cat":284356},{"id":28938,"n":"Velouté bio Bio Village Légumes variés  - 1L","p":2.06,"u":"2,06 €/L","img":"https://fd8-photos.leclercdrive.fr/image.ashx?id=2133954&use=l&cat=p&typeid=i","cat":284462},{"id":28941,"n":"Potage gourmand Régal Soupe Légumes et fromage fondu - 1L","p":2.42,"u":"2,42 €/L","img":"https://fd8-photos.leclercdrive.fr/image.ashx?id=2607524&use=l&cat=p&typeid=i","cat":284462},{"id":28946,"n":"Pommes Granny Smith  1kg","p":2.6,"u":"2,60 €/KG","img":"https://fd8-photos.leclercdrive.fr/image.ashx?id=1636482&use=l&cat=p&typeid=i","cat":284356},{"id":28966,"n":"Liqueur Malibu Coco 18% vol - 70cl","p":10.31,"u":"14,73 €/L","img":"https://fd8-photos.leclercdrive.fr/image.ashx?id=2993481&use=l&cat=p&typeid=i","cat":284551},{"id":28970,"n":"Oeufs de lompe Ronde des Mers MSC - 2x100g","p":4.49,"u":"22,45 €/KG","img":"https://fd8-photos.leclercdrive.fr/image.ashx?id=2456144&use=l&cat=p&typeid=i","cat":285191},{"id":28974,"n":"Saumon fumé MSC Sauvage Ronde des Mers x4T - 120g","p":6.65,"u":"55,42 €/KG","img":"https://fd8-photos.leclercdrive.fr/image.ashx?id=2837692&use=l&cat=p&typeid=i","cat":285188},{"id":28996,"n":"Mayonnaise de Dijon AMORA 235g","p":1.96,"u":"8,34 €/KG","img":"https://fd8-photos.leclercdrive.fr/image.ashx?id=2946649&use=l&cat=p&typeid=i","cat":298295},{"id":28999,"n":"Mayonnaise de Dijon Amora Sans conservateur  - 415g","p":2.24,"u":"5,40 €/KG","img":"https://fd8-photos.leclercdrive.fr/image.ashx?id=2964207&use=l&cat=p&typeid=i","cat":298295},{"id":29000,"n":"Mayonnaise de Dijon Amora 710g","p":3.26,"u":"4,59 €/KG","img":"https://fd8-photos.leclercdrive.fr/image.ashx?id=2598672&use=l&cat=p&typeid=i","cat":298295},{"id":29006,"n":"Escargots préparés Eco+ Recette bourguignonne - 89g","p":2.99,"u":"33,60 €/KG","img":"https://fd8-photos.leclercdrive.fr/image.ashx?id=2794758&use=l&cat=p&typeid=i","cat":319775},{"id":29009,"n":"Bûche glacée Eskiss Façon dame blanche - 530g","p":4.37,"u":"8,25 €/KG","img":"https://fd8-photos.leclercdrive.fr/image.ashx?id=2791293&use=l&cat=p&typeid=i","cat":284266},{"id":29011,"n":"Foie gras canard IGP Landes Nos Régions ont du Talent 200g","p":16.95,"u":"84,75 €/KG","img":"https://fd8-photos.leclercdrive.fr/image.ashx?id=2743873&use=l&cat=p&typeid=i","cat":316008},{"id":29013,"n":"Foie gras canard IGP Périgord Entier NRT - 125g","p":12.5,"u":"100,00 €/KG","img":"https://fd8-photos.leclercdrive.fr/image.ashx?id=2743876&use=l&cat=p&typeid=i","cat":316008},{"id":29014,"n":"Bloc de foie gras de canard Pierre de Chaumeyrac 300g","p":19.75,"u":"65,83 €/KG","img":"https://fd8-photos.leclercdrive.fr/image.ashx?id=2783014&use=l&cat=p&typeid=i","cat":316008},{"id":29032,"n":"Chips Bret's Poulet braisé - 125g","p":1.17,"u":"9,36 €/KG","img":"https://fd8-photos.leclercdrive.fr/image.ashx?id=1927788&use=l&cat=p&typeid=i","cat":284447},{"id":29044,"n":"Cerneaux de noix Tablier Blanc 50g","p":1.3,"u":"26,00 €/KG","img":"https://fd8-photos.leclercdrive.fr/image.ashx?id=2460607&use=l&cat=p&typeid=i","cat":323809},{"id":29047,"n":"Pignons de pin Tablier Blanc 50g","p":2.39,"u":"47,80 €/KG","img":"https://fd8-photos.leclercdrive.fr/image.ashx?id=2867907&use=l&cat=p&typeid=i","cat":323809},{"id":29048,"n":"Pralin Tablier Blanc 100g","p":1.56,"u":"15,60 €/KG","img":"https://fd8-photos.leclercdrive.fr/image.ashx?id=2460604&use=l&cat=p&typeid=i","cat":284504},{"id":29095,"n":"Yaourts brassés Délisse Vanille - 8x125g","p":2.65,"u":"2,65 €/KG","img":"https://fd8-photos.leclercdrive.fr/image.ashx?id=2372338&use=l&cat=p&typeid=i","cat":284410},{"id":29117,"n":"Bonbons sans sucres Confiséo Menthe - 150g","p":1.98,"u":"13,20 €/KG","img":"https://fd8-photos.leclercdrive.fr/image.ashx?id=2934697&use=l&cat=p&typeid=i","cat":304252},{"id":29119,"n":"Potage gourmand Régal Soupe 8 légumes à la crème - 1L","p":1.69,"u":"1,69 €/L","img":"https://fd8-photos.leclercdrive.fr/image.ashx?id=2607521&use=l&cat=p&typeid=i","cat":284462},{"id":29133,"n":"Sacs poubelle Haute 50L Elembal Poignées coulissantes - x15","p":1.94,"u":"0,13 €/P","img":"https://fd8-photos.leclercdrive.fr/image.ashx?id=2958726&use=l&cat=p&typeid=i","cat":285168},{"id":29134,"n":"Mousse coiffante Vitanove Effet boucles - 200ml","p":1.48,"u":"7,40 €/L","img":"https://fd8-photos.leclercdrive.fr/image.ashx?id=2490040&use=l&cat=p&typeid=i","cat":284609},{"id":29144,"n":"Roquefort AOP Baragnaudes Fromage de brebis - 150g","p":4.24,"u":"28,27 €/KG","img":"https://fd8-photos.leclercdrive.fr/image.ashx?id=2729692&use=l&cat=p&typeid=i","cat":314032},{"id":29151,"n":"Plaisir au chocolat Lenôtre Macaron et Mousse - 405g","p":10.99,"u":"27,14 €/KG","img":"https://fd8-photos.leclercdrive.fr/image.ashx?id=2807744&use=l&cat=p&typeid=i","cat":284266},{"id":29174,"n":"Lait de douche Manava Pêche de vigne - 250ml","p":0.94,"u":"3,76 €/L","img":"https://fd8-photos.leclercdrive.fr/image.ashx?id=1636779&use=l&cat=p&typeid=i","cat":284594},{"id":29182,"n":"AOC Bordeaux rouge Yvecourt - 75cl","p":3.99,"u":"5,32 €/L","img":"https://fd8-photos.leclercdrive.fr/image.ashx?id=2529297&use=l&cat=p&typeid=i","cat":289556},{"id":29189,"n":"Bûche de chèvre Bio Bio Village 180g","p":2.66,"u":"14,78 €/KG","img":"https://fd8-photos.leclercdrive.fr/image.ashx?id=2070437&use=l&cat=p&typeid=i","cat":314031},{"id":29334,"n":"Biscuits miel sésame GERBLE  crousti'son - 4x5 200g","p":1.71,"u":"8,55 €/KG","img":"https://fd8-photos.leclercdrive.fr/image.ashx?id=2662280&use=l&cat=p&typeid=i","cat":318651},{"id":29336,"n":"Barre noisette chocolat Isostar  Céréal Max - 165g","p":2.81,"u":"17,03 €/KG","img":"https://fd8-photos.leclercdrive.fr/image.ashx?id=2676666&use=l&cat=p&typeid=i","cat":318652},{"id":29337,"n":"Biscuit miel châtaigne Gerblé   - 200g","p":2.07,"u":"10,35 €/KG","img":"https://fd8-photos.leclercdrive.fr/image.ashx?id=2664010&use=l&cat=p&typeid=i","cat":318651},{"id":29358,"n":"Pur jus pamplemousse Jafaden Rose - 1L","p":1.67,"u":"1,67 €/L","img":"https://fd8-photos.leclercdrive.fr/image.ashx?id=2869269&use=l&cat=p&typeid=i","cat":284914},{"id":29360,"n":"AOP Cabernet d'Anjou vin rosé Les Caractères - BIB 5L","p":21.49,"u":"4,30 €/L","img":"https://fd8-photos.leclercdrive.fr/image.ashx?id=2913672&use=l&cat=p&typeid=i","cat":289560},{"id":29361,"n":"Sacs poubelle haute 30L Elembal Poignées coulissantes - x25","p":3.23,"u":"0,13 €/P","img":"https://fd8-photos.leclercdrive.fr/image.ashx?id=2958723&use=l&cat=p&typeid=i","cat":285168},{"id":29370,"n":"AOP Crémant de Loire brut Les Caractères - 75cl","p":4.99,"u":"6,65 €/L","img":"https://fd8-photos.leclercdrive.fr/image.ashx?id=2898844&use=l&cat=p&typeid=i","cat":284545},{"id":29378,"n":"AOP Côtes du Rhône rouge Bio Rives & Terrasses - 3L","p":13.99,"u":"4,66 €/L","img":"https://fd8-photos.leclercdrive.fr/image.ashx?id=2742626&use=l&cat=p&typeid=i","cat":289560},{"id":29389,"n":"AOC Coteaux d'Aix-en-Provence vin rosé Terres Ocrées - BIB 3L","p":15.99,"u":"5,33 €/L","img":"https://fd8-photos.leclercdrive.fr/image.ashx?id=2918460&use=l&cat=p&typeid=i","cat":289560},{"id":29419,"n":"Tortillas chips Tokapi Nature - 150g","p":0.55,"u":"3,67 €/KG","img":"https://fd8-photos.leclercdrive.fr/image.ashx?id=2647955&use=l&cat=p&typeid=i","cat":287899},{"id":29447,"n":"Truite fumée Ronde des mers France 6 tranches - 150g","p":4.95,"u":"33,00 €/KG","img":"https://fd8-photos.leclercdrive.fr/image.ashx?id=2833105&use=l&cat=p&typeid=i","cat":285188},{"id":29493,"n":"Tomato Ketchup Bio Heinz - 580g","p":2.56,"u":"4,41 €/KG","img":"https://fd8-photos.leclercdrive.fr/image.ashx?id=2927726&use=l&cat=p&typeid=i","cat":284455},{"id":29535,"n":"Croûtons Epi d'Or Ail - 2x90g","p":1.19,"u":"6,61 €/KG","img":"https://fd8-photos.leclercdrive.fr/image.ashx?id=2606049&use=l&cat=p&typeid=i","cat":284464},{"id":29701,"n":"Bonbons Confiséo Menthe fraîcheur - 360g","p":1.87,"u":"5,19 €/KG","img":"https://fd8-photos.leclercdrive.fr/image.ashx?id=2934682&use=l&cat=p&typeid=i","cat":304252},{"id":29724,"n":"Escalope de dinde Le Gaulois Milanaise x2 - 240g","p":5.05,"u":"21,04 €/KG","img":"https://fd8-photos.leclercdrive.fr/image.ashx?id=2259652&use=l&cat=p&typeid=i","cat":284337},{"id":29747,"n":"Clémentines à feuilles  Barquette 1kg","p":2.9,"u":"2,90 €/KG","img":"https://fd8-photos.leclercdrive.fr/image.ashx?id=1629043&use=l&cat=p&typeid=i","cat":284356},{"id":29753,"n":"Eau gazeuse La Pétillante Citron vert sans sucre - 1L","p":0.4,"u":"0,40 €/L","img":"https://fd8-photos.leclercdrive.fr/image.ashx?id=2669738&use=l&cat=p&typeid=i","cat":284536},{"id":29754,"n":"Eau gazeuse La Pétillante Citron sans sucre - 1L","p":0.4,"u":"0,40 €/L","img":"https://fd8-photos.leclercdrive.fr/image.ashx?id=2590442&use=l&cat=p&typeid=i","cat":284536},{"id":29758,"n":"Tequila San José 35%vol - 70cl","p":15.22,"u":"21,74 €/L","img":"https://fd8-photos.leclercdrive.fr/image.ashx?id=2243143&use=l&cat=p&typeid=i","cat":284550},{"id":29761,"n":"Taboulé Pierre Martinet Au poulet 500g","p":2.34,"u":"4,68 €/KG","img":"https://fd8-photos.leclercdrive.fr/image.ashx?id=2990526&use=l&cat=p&typeid=i","cat":333657},{"id":29764,"n":"Galettes blé noir Bio village Bio x4 - 200g","p":1.83,"u":"9,15 €/KG","img":"https://fd8-photos.leclercdrive.fr/image.ashx?id=2907258&use=l&cat=p&typeid=i","cat":333672},{"id":29765,"n":"Eau gazeuse aromatisée Badoit citron sans sucres - 1l","p":0.88,"u":"0,88 €/L","img":"https://fd8-photos.leclercdrive.fr/image.ashx?id=2730634&use=l&cat=p&typeid=i","cat":284537},{"id":29767,"n":"Eau gazeuse aromatisée Badoit citron vert sans sucres- 1L","p":0.86,"u":"0,86 €/L","img":"https://fd8-photos.leclercdrive.fr/image.ashx?id=3011044&use=l&cat=p&typeid=i","cat":284537},{"id":29768,"n":"Bière blonde 1664 5,5° - 50cl canette","p":1.23,"u":"2,46 €/L","img":"https://fd8-photos.leclercdrive.fr/image.ashx?id=2887563&use=l&cat=p&typeid=i","cat":334853},{"id":29773,"n":"Eau minérale naturelle Mag Source de magnésium - 6x1L","p":2.28,"u":"0,38 €/L","img":"https://fd8-photos.leclercdrive.fr/image.ashx?id=2423520&use=l&cat=p&typeid=i","cat":284535},{"id":29794,"n":"Triangolo Fromage enfants vache Les Croisés 24 portions - 400g","p":2.67,"u":"6,68 €/KG","img":"https://fd8-photos.leclercdrive.fr/image.ashx?id=2791779&use=l&cat=p&typeid=i","cat":314030},{"id":29795,"n":"Fromage à tartiner Les Croisés Ail et fines herbes 24%mg 250g","p":2.09,"u":"8,36 €/KG","img":"https://fd8-photos.leclercdrive.fr/image.ashx?id=2476143&use=l&cat=p&typeid=i","cat":314029},{"id":29816,"n":"Bicarbonate alimentaire La Baleine - 800g","p":2.24,"u":"2,80 €/KG","img":"https://fd8-photos.leclercdrive.fr/image.ashx?id=2468335&use=l&cat=p&typeid=i","cat":284457},{"id":29824,"n":"Liqueur Lagoa Goût coco 17%vol - 70cl","p":8.8,"u":"12,57 €/L","img":"https://fd8-photos.leclercdrive.fr/image.ashx?id=2958332&use=l&cat=p&typeid=i","cat":284551},{"id":29828,"n":"Tarte Côté Table Chèvre épinards - 350g","p":2.9,"u":"8,29 €/KG","img":"https://fd8-photos.leclercdrive.fr/image.ashx?id=2858830&use=l&cat=p&typeid=i","cat":333680},{"id":29840,"n":"Bouillon cubes herbes Knorr Huile d'olive Puget x15 -150g","p":1.38,"u":"9,20 €/KG","img":"https://fd8-photos.leclercdrive.fr/image.ashx?id=2890601&use=l&cat=p&typeid=i","cat":288379},{"id":29841,"n":"Bouillon de Poule KNORR 15 Tablettes - 150g","p":1.19,"u":"7,93 €/KG","img":"https://fd8-photos.leclercdrive.fr/image.ashx?id=2906043&use=l&cat=p&typeid=i","cat":288379},{"id":29854,"n":"Beurre de Bretagne Les Croisés Doux - 82% MG - 250g","p":2.61,"u":"10,44 €/KG","img":"https://fd8-photos.leclercdrive.fr/image.ashx?id=2943641&use=l&cat=p&typeid=i","cat":284379},{"id":29855,"n":"Beurre de Bretagne Les Croisés Demi-sel - 80% MG - 250g","p":2.61,"u":"10,44 €/KG","img":"https://fd8-photos.leclercdrive.fr/image.ashx?id=2943644&use=l&cat=p&typeid=i","cat":284379},{"id":29856,"n":"Beurre Extra fin Les Croisés Doux - 82 % MG - 125g","p":1.49,"u":"11,92 €/KG","img":"https://fd8-photos.leclercdrive.fr/image.ashx?id=2791272&use=l&cat=p&typeid=i","cat":284379},{"id":29861,"n":"Boisson lactée Délisse Fraise - 6x20cl","p":2.13,"u":"1,78 €/L","img":"https://fd8-photos.leclercdrive.fr/image.ashx?id=2174693&use=l&cat=p&typeid=i","cat":295246},{"id":29862,"n":"Champignons Bio Bio Village Emincés - 600g","p":2.99,"u":"4,98 €/KG","img":"https://fd8-photos.leclercdrive.fr/image.ashx?id=2891815&use=l&cat=p&typeid=i","cat":319805},{"id":29864,"n":"Crème fraîche entière Délisse Fleurette - 30% MG - 40cl","p":1.72,"u":"4,30 €/L","img":"https://fd8-photos.leclercdrive.fr/image.ashx?id=3002575&use=l&cat=p&typeid=i","cat":284381},{"id":29865,"n":"Crème fraîche légère Délisse Fleurette - 12% MG - 40cl","p":1.62,"u":"4,05 €/L","img":"https://fd8-photos.leclercdrive.fr/image.ashx?id=3002578&use=l&cat=p&typeid=i","cat":284381},{"id":29866,"n":"Crème légère fluide UHT Délisse Brique 12%mg - 1L","p":3.39,"u":"3,39 €/L","img":"https://fd8-photos.leclercdrive.fr/image.ashx?id=3002584&use=l&cat=p&typeid=i","cat":284381},{"id":29870,"n":"Crème d'Isigny AOP NRT 40%MG - 20cl","p":1.79,"u":"8,95 €/L","img":"https://fd8-photos.leclercdrive.fr/image.ashx?id=2184859&use=l&cat=p&typeid=i","cat":284381},{"id":29872,"n":"Crème semi-épaisse légère UHT Délisse 18%mg - 2x25cl","p":2.34,"u":"4,68 €/L","img":"https://fd8-photos.leclercdrive.fr/image.ashx?id=3002593&use=l&cat=p&typeid=i","cat":284381},{"id":29874,"n":"Emincés poireaux Notre Jardin A la crème 750g","p":2.55,"u":"3,40 €/KG","img":"https://fd8-photos.leclercdrive.fr/image.ashx?id=2873144&use=l&cat=p&typeid=i","cat":319805},{"id":29896,"n":"Peppermint Whist Club 17%vol. - 70cl","p":6.99,"u":"9,99 €/L","img":"https://fd8-photos.leclercdrive.fr/image.ashx?id=1730735&use=l&cat=p&typeid=i","cat":286032},{"id":29900,"n":"Bière belge Rince Cochon Blonde - 8.5%vol. - 33cl","p":1.92,"u":"5,82 €/L","img":"https://fd8-photos.leclercdrive.fr/image.ashx?id=2694695&use=l&cat=p&typeid=i","cat":334872},{"id":29927,"n":"Bière belge Rince Cochon Blonde - 8.5%vol. - 75cl","p":3.44,"u":"4,59 €/L","img":"https://fd8-photos.leclercdrive.fr/image.ashx?id=1741463&use=l&cat=p&typeid=i","cat":334872},{"id":29978,"n":"La Fermière Yaourt brassé crème de Marrons - 2x160g","p":2.24,"u":"7,00 €/KG","img":"https://fd8-photos.leclercdrive.fr/image.ashx?id=3004927&use=l&cat=p&typeid=i","cat":314999},{"id":29980,"n":"Rôti de poulet Fleury Michon Halal x6 - 180g","p":3.53,"u":"19,61 €/KG","img":"https://fd8-photos.leclercdrive.fr/image.ashx?id=2998934&use=l&cat=p&typeid=i","cat":316013},{"id":30012,"n":"Crêpes Daniel Dessaint Moelleuses sucrées x8 - 400g","p":2.47,"u":"6,18 €/KG","img":"https://fd8-photos.leclercdrive.fr/image.ashx?id=2972475&use=l&cat=p&typeid=i","cat":284494},{"id":30014,"n":"Crêpes Daniel Dessaint Moelleuses natures x8 - 400g","p":2.49,"u":"6,23 €/KG","img":"https://fd8-photos.leclercdrive.fr/image.ashx?id=2972472&use=l&cat=p&typeid=i","cat":284494},{"id":30019,"n":"Lait de ma région demi-écrémé Brique Candia  - 6x1L","p":7.31,"u":"1,22 €/L","img":"https://fd8-photos.leclercdrive.fr/image.ashx?id=2359594&use=l&cat=p&typeid=i","cat":284377},{"id":30029,"n":"Poêlée champignons Notre Jardin Forestière - 400g","p":4.66,"u":"11,65 €/KG","img":"https://fd8-photos.leclercdrive.fr/image.ashx?id=2771372&use=l&cat=p&typeid=i","cat":319823},{"id":30042,"n":"Lait frais demi-écrémé Délisse Bouteille - 1L","p":1.12,"u":"1,12 €/L","img":"https://fd8-photos.leclercdrive.fr/image.ashx?id=2970581&use=l&cat=p&typeid=i","cat":285609},{"id":30043,"n":"Lait frais Délisse Entier Bouteille - 1L","p":1.33,"u":"1,33 €/L","img":"https://fd8-photos.leclercdrive.fr/image.ashx?id=2970584&use=l&cat=p&typeid=i","cat":285609},{"id":30046,"n":"Lait bio Bio Village Bouteille  Demi-écrémé UHT -  50cl","p":0.87,"u":"1,74 €/L","img":"https://fd8-photos.leclercdrive.fr/image.ashx?id=2981906&use=l&cat=p&typeid=i","cat":284377},{"id":30051,"n":"Mini gratins Côté Table Choux fleurs - x4 480g","p":3.19,"u":"6,65 €/KG","img":"https://fd8-photos.leclercdrive.fr/image.ashx?id=2029370&use=l&cat=p&typeid=i","cat":319802},{"id":30053,"n":"Nuggets de poulet Pic'Express x18 400g","p":4.15,"u":"10,38 €/KG","img":"https://fd8-photos.leclercdrive.fr/image.ashx?id=2823747&use=l&cat=p&typeid=i","cat":319780},{"id":30055,"n":"Légumes pour potage Bio Bio Village - 600g","p":1.99,"u":"3,32 €/KG","img":"https://fd8-photos.leclercdrive.fr/image.ashx?id=2891818&use=l&cat=p&typeid=i","cat":319805},{"id":30056,"n":"Ratatouille Bio Bio Village Cuisinée - 600g","p":3.49,"u":"5,82 €/KG","img":"https://fd8-photos.leclercdrive.fr/image.ashx?id=2891821&use=l&cat=p&typeid=i","cat":319823},{"id":30059,"n":"Trio de fleurette Notre Jardin 1kg","p":2.48,"u":"2,48 €/KG","img":"https://fd8-photos.leclercdrive.fr/image.ashx?id=2873141&use=l&cat=p&typeid=i","cat":319805},{"id":30067,"n":"Assaisonnement En Poudre KNORR Secret d’Arômes Tube - 60g","p":1.32,"u":"22,00 €/KG","img":"https://fd8-photos.leclercdrive.fr/image.ashx?id=3014401&use=l&cat=p&typeid=i","cat":298297},{"id":30069,"n":"Roux minute Maïzena Béchamel - 250g","p":1.96,"u":"7,84 €/KG","img":"https://fd8-photos.leclercdrive.fr/image.ashx?id=2769603&use=l&cat=p&typeid=i","cat":288382},{"id":30084,"n":"Bacon Saint Azay 100g","p":1.62,"u":"16,20 €/KG","img":"https://fd8-photos.leclercdrive.fr/image.ashx?id=2943653&use=l&cat=p&typeid=i","cat":316007},{"id":30089,"n":"Blanc de poulet Tradilège 6 tranches - 180g","p":1.51,"u":"8,39 €/KG","img":"https://fd8-photos.leclercdrive.fr/image.ashx?id=2943677&use=l&cat=p&typeid=i","cat":316010},{"id":30091,"n":"Blanc de dinde Tradilège 6 tranches 180g","p":1.96,"u":"10,89 €/KG","img":"https://fd8-photos.leclercdrive.fr/image.ashx?id=2925744&use=l&cat=p&typeid=i","cat":316010},{"id":30099,"n":"Duo pâté / mousse Tradilège Canard 2x50g","p":1.15,"u":"11,50 €/KG","img":"https://fd8-photos.leclercdrive.fr/image.ashx?id=2683583&use=l&cat=p&typeid=i","cat":316008},{"id":30108,"n":"Poitrine Nature Tradilège Tranches fines - 2x7T - 200g","p":2.55,"u":"12,75 €/KG","img":"https://fd8-photos.leclercdrive.fr/image.ashx?id=2852270&use=l&cat=p&typeid=i","cat":316011},{"id":30110,"n":"Pommes de terre NRT à la Sarladaise - 600g","p":2.99,"u":"4,98 €/KG","img":"https://fd8-photos.leclercdrive.fr/image.ashx?id=2699816&use=l&cat=p&typeid=i","cat":319823},{"id":30116,"n":"Sparadrap Mercurochrome Tissu aéré 5m x 2.5cm","p":2.71,"u":"79,71 €/KG","img":"https://fd8-photos.leclercdrive.fr/image.ashx?id=2731477&use=l&cat=p&typeid=i","cat":284630},{"id":30124,"n":"Soupe Régal Soupe Tomate et vermicelles - 1L","p":1.8,"u":"1,80 €/L","img":"https://fd8-photos.leclercdrive.fr/image.ashx?id=2607518&use=l&cat=p&typeid=i","cat":284462},{"id":30128,"n":"Céréales Chocapic Nestlé Chocolat - 1kg","p":5.43,"u":"5,43 €/KG","img":"https://fd8-photos.leclercdrive.fr/image.ashx?id=2977729&use=l&cat=p&typeid=i","cat":309513},{"id":30144,"n":"Croquettes chiens adulte Ultima Medium/maxi - poulet 7.5kg","p":21.05,"u":"2,81 €/KG","img":"https://fd8-photos.leclercdrive.fr/image.ashx?id=2872033&use=l&cat=p&typeid=i","cat":284672},{"id":30150,"n":"Eau aromatisée Volvic Juicy Agrumes -1,5L","p":1.37,"u":"0,91 €/L","img":"https://fd8-photos.leclercdrive.fr/image.ashx?id=2961987&use=l&cat=p&typeid=i","cat":284537},{"id":30185,"n":"Haché moelleux oignon Férial x10 - 1kg","p":7.49,"u":"7,49 €/KG","img":"https://fd8-photos.leclercdrive.fr/image.ashx?id=2704517&use=l&cat=p&typeid=i","cat":319778},{"id":30186,"n":"Haché moelleux Férial x10 - 1kg","p":9.73,"u":"9,73 €/KG","img":"https://fd8-photos.leclercdrive.fr/image.ashx?id=2966514&use=l&cat=p&typeid=i","cat":319778},{"id":30188,"n":"Steak haché bio - Bio Village  15%mg x4 - 400g","p":8.25,"u":"20,63 €/KG","img":"https://fd8-photos.leclercdrive.fr/image.ashx?id=2840422&use=l&cat=p&typeid=i","cat":319778},{"id":30189,"n":"Tortillas chips Tokapi Chili - 150g","p":0.99,"u":"6,60 €/KG","img":"https://fd8-photos.leclercdrive.fr/image.ashx?id=2647958&use=l&cat=p&typeid=i","cat":287899},{"id":30200,"n":"Tielles sétoises Coudène 440g","p":5.94,"u":"13,50 €/KG","img":"https://fd8-photos.leclercdrive.fr/image.ashx?id=2406581&use=l&cat=p&typeid=i","cat":285340},{"id":30212,"n":"Soufflés l'Original Curly Cacahuète - 100g","p":0.88,"u":"8,80 €/KG","img":"https://fd8-photos.leclercdrive.fr/image.ashx?id=2693635&use=l&cat=p&typeid=i","cat":284449},{"id":30213,"n":"Soufflés l'Original Curly Cacahuète - 2x100g","p":1.74,"u":"8,70 €/KG","img":"https://fd8-photos.leclercdrive.fr/image.ashx?id=2962887&use=l&cat=p&typeid=i","cat":284449},{"id":30235,"n":"Bonbons Tic Tac  Menthe x100 - 49g","p":1.6,"u":"32,65 €/KG","img":"https://fd8-photos.leclercdrive.fr/image.ashx?id=2729470&use=l&cat=p&typeid=i","cat":304256},{"id":30236,"n":"Ciboulette Jardin du Printemps Barquette 20g","p":1.63,"u":"81,50 €/KG","img":"https://fd8-photos.leclercdrive.fr/image.ashx?id=2090102&use=l&cat=p&typeid=i","cat":293607},{"id":30239,"n":"Menthe Jardin du Printemps Barquette 20g","p":1.11,"u":"55,50 €/KG","img":"https://fd8-photos.leclercdrive.fr/image.ashx?id=2322232&use=l&cat=p&typeid=i","cat":293607},{"id":30240,"n":"Coriandre Jardin du Printemps Barquette 20g","p":1.96,"u":"98,00 €/KG","img":"https://fd8-photos.leclercdrive.fr/image.ashx?id=2321376&use=l&cat=p&typeid=i","cat":293607},{"id":30256,"n":"Pâte à tartiner Nutella 825g","p":5.77,"u":"6,99 €/KG","img":"https://fd8-photos.leclercdrive.fr/image.ashx?id=2961813&use=l&cat=p&typeid=i","cat":284481},{"id":30273,"n":"IGP Pays d'OC rouge Les Ormes De Cambras Sauvignon 12% BIB 5L","p":15.68,"u":"3,14 €/L","img":"https://fd8-photos.leclercdrive.fr/image.ashx?id=2445115&use=l&cat=p&typeid=i","cat":289560},{"id":30349,"n":"Nettoyant écologique Uni Vert Salle de bain - 750ml","p":2.06,"u":"2,75 €/L","img":"https://fd8-photos.leclercdrive.fr/image.ashx?id=2059089&use=l&cat=p&typeid=i","cat":325357},{"id":30350,"n":"Nettoyant écologique Uni Vert Cuisine - 750ml","p":2.02,"u":"2,69 €/L","img":"https://fd8-photos.leclercdrive.fr/image.ashx?id=2192676&use=l&cat=p&typeid=i","cat":325357},{"id":30360,"n":"Bonbons Tic Tac 100 pastilles citron vert et orange - 49g","p":1.6,"u":"32,65 €/KG","img":"https://fd8-photos.leclercdrive.fr/image.ashx?id=2736280&use=l&cat=p&typeid=i","cat":304256},{"id":30362,"n":"Fleur de maïs Maïzena 400g","p":1.41,"u":"3,53 €/KG","img":"https://fd8-photos.leclercdrive.fr/image.ashx?id=2312770&use=l&cat=p&typeid=i","cat":288382},{"id":30365,"n":"Arôme vanille Sainte Lucie Flacon 250ml","p":3.3,"u":"13,20 €/L","img":"https://fd8-photos.leclercdrive.fr/image.ashx?id=2774367&use=l&cat=p&typeid=i","cat":284504},{"id":30372,"n":"Fleur de Maïs Maïzena Sans Gluten Format Famille 700g","p":2.48,"u":"3,54 €/KG","img":"https://fd8-photos.leclercdrive.fr/image.ashx?id=2773907&use=l&cat=p&typeid=i","cat":288382},{"id":30377,"n":"Levure chimique Sainte Lucie Sachet x5 50g","p":0.53,"u":"10,60 €/KG","img":"https://fd8-photos.leclercdrive.fr/image.ashx?id=2775089&use=l&cat=p&typeid=i","cat":294686},{"id":30398,"n":"Noix ambrées Sainte Lucie Cerneaux - 50g","p":1.77,"u":"35,40 €/KG","img":"https://fd8-photos.leclercdrive.fr/image.ashx?id=2775104&use=l&cat=p&typeid=i","cat":323809},{"id":30407,"n":"Dés de fromage salade Boursin Ail & fines herbes -120g","p":2.4,"u":"20,00 €/KG","img":"https://fd8-photos.leclercdrive.fr/image.ashx?id=2864366&use=l&cat=p&typeid=i","cat":314027},{"id":30415,"n":"IGP Pays d'Oc rouge J-P Chenet Cabernet Syrah 13% vol - BIB 3L","p":10.42,"u":"3,47 €/L","img":"https://fd8-photos.leclercdrive.fr/image.ashx?id=2837451&use=l&cat=p&typeid=i","cat":289560},{"id":30420,"n":"Pizza Cuite sur pierre Turini Royale familiale - 570g","p":2.84,"u":"4,98 €/KG","img":"https://fd8-photos.leclercdrive.fr/image.ashx?id=2815241&use=l&cat=p&typeid=i","cat":284256},{"id":30477,"n":"Chocolat Pâtissier Nestlé Dessert : Praliné - 170g","p":3.11,"u":"18,29 €/KG","img":"https://fd8-photos.leclercdrive.fr/image.ashx?id=2895637&use=l&cat=p&typeid=i","cat":285562},{"id":30520,"n":"Fromage apéritif BoursinFromage Ail et fines herbes 20 roulés","p":3.47,"u":"34,70 €/KG","img":"https://fd8-photos.leclercdrive.fr/image.ashx?id=2918589&use=l&cat=p&typeid=i","cat":314027},{"id":30570,"n":"Sauce Tube Ail Oignons Panzani Panzani - 180G","p":1.18,"u":"6,56 €/KG","img":"https://fd8-photos.leclercdrive.fr/image.ashx?id=3004804&use=l&cat=p&typeid=i","cat":288384},{"id":30572,"n":"Pur jus de pomme Jafaden 1L","p":2.15,"u":"2,15 €/L","img":"https://fd8-photos.leclercdrive.fr/image.ashx?id=2916701&use=l&cat=p&typeid=i","cat":285435},{"id":30573,"n":"Edulcorant sucralose Canderel Briquet x300","p":2.97,"u":"95,81 €/KG","img":"https://fd8-photos.leclercdrive.fr/image.ashx?id=2811014&use=l&cat=p&typeid=i","cat":324846},{"id":30575,"n":"Happy' Box Haribo Boîte bonbons - 600g","p":4.25,"u":"7,08 €/KG","img":"https://fd8-photos.leclercdrive.fr/image.ashx?id=2802353&use=l&cat=p&typeid=i","cat":304250},{"id":30576,"n":"Zanzigliss Haribo Sachet bonbons réglisse - 300g","p":1.49,"u":"4,97 €/KG","img":"https://fd8-photos.leclercdrive.fr/image.ashx?id=2802347&use=l&cat=p&typeid=i","cat":304250},{"id":30577,"n":"Les Schtroumpfs Pik Haribo Sachet bonbons acidulés - 275g","p":1.56,"u":"5,67 €/KG","img":"https://fd8-photos.leclercdrive.fr/image.ashx?id=2984898&use=l&cat=p&typeid=i","cat":304250},{"id":30578,"n":"Bonbons LUTTI Scoubidou Doux Fruits - 200g","p":1.16,"u":"5,80 €/KG","img":"https://fd8-photos.leclercdrive.fr/image.ashx?id=2817434&use=l&cat=p&typeid=i","cat":304250},{"id":30587,"n":"Yaourts châtaignes Bio village Bio au lait de brebis - 2x125g","p":1.67,"u":"6,68 €/KG","img":"https://fd8-photos.leclercdrive.fr/image.ashx?id=2658593&use=l&cat=p&typeid=i","cat":314998},{"id":30591,"n":"Yaourts Savoie NRT  Poire Mirabelle - 4x150g","p":2.35,"u":"3,92 €/KG","img":"https://fd8-photos.leclercdrive.fr/image.ashx?id=2920809&use=l&cat=p&typeid=i","cat":284410},{"id":30592,"n":"Fromage blanc Délisse Sucré 3% MG - 8x100g","p":2.29,"u":"2,86 €/KG","img":"https://fd8-photos.leclercdrive.fr/image.ashx?id=1744463&use=l&cat=p&typeid=i","cat":284409},{"id":30594,"n":"Fromage frais nature Bio Bio village - 12x60g","p":3.44,"u":"4,78 €/KG","img":"https://fd8-photos.leclercdrive.fr/image.ashx?id=2992633&use=l&cat=p&typeid=i","cat":284409},{"id":30600,"n":"Billes Chocolat au Lait KitKat Sachet  - 250g","p":3.96,"u":"15,84 €/KG","img":"https://fd8-photos.leclercdrive.fr/image.ashx?id=2806063&use=l&cat=p&typeid=i","cat":304238},{"id":30607,"n":"Soupe liquide Liebig  Potiron et kiri - Brique 1L","p":2.52,"u":"2,52 €/L","img":"https://fd8-photos.leclercdrive.fr/image.ashx?id=2892130&use=l&cat=p&typeid=i","cat":284462},{"id":30619,"n":"Jambon cru Aoste Quart Tranché  sans conservateur -  x18 - 220g","p":5.92,"u":"26,91 €/KG","img":"https://fd8-photos.leclercdrive.fr/image.ashx?id=2948057&use=l&cat=p&typeid=i","cat":316007},{"id":30627,"n":"Salade Notre Jardin Jeunes pousses d'épinard - 100g","p":1.4,"u":"14,00 €/KG","img":"https://fd8-photos.leclercdrive.fr/image.ashx?id=2655604&use=l&cat=p&typeid=i","cat":284353},{"id":30641,"n":"Son d'avoine bio Bio Village 500g","p":2.69,"u":"5,38 €/KG","img":"https://fd8-photos.leclercdrive.fr/image.ashx?id=2664334&use=l&cat=p&typeid=i","cat":309512},{"id":30645,"n":"Salade Notre Jardin Duo Mâche et Roquette - 125g","p":1.68,"u":"13,44 €/KG","img":"https://fd8-photos.leclercdrive.fr/image.ashx?id=2669714&use=l&cat=p&typeid=i","cat":284353},{"id":30646,"n":"Salade Notre Jardin Feuille de chêne - 125g","p":0.95,"u":"7,60 €/KG","img":"https://fd8-photos.leclercdrive.fr/image.ashx?id=2669717&use=l&cat=p&typeid=i","cat":284353},{"id":30697,"n":"Savon d'alep Manava 200g","p":3.99,"u":"19,95 €/KG","img":"https://fd8-photos.leclercdrive.fr/image.ashx?id=1952895&use=l&cat=p&typeid=i","cat":284597},{"id":30780,"n":"Sacs poubelle 30L Eco+ x20","p":0.57,"u":"0,03 €/P","img":"https://fd8-photos.leclercdrive.fr/image.ashx?id=1979356&use=l&cat=p&typeid=i","cat":285168},{"id":30781,"n":"Sacs poubelle 50L Eco+ x10","p":0.41,"u":"0,04 €/P","img":"https://fd8-photos.leclercdrive.fr/image.ashx?id=1904756&use=l&cat=p&typeid=i","cat":285168},{"id":30791,"n":"Mouchoirs blancs 2 plis Eco+ Boîte mouchoirs en papier- x150","p":0.62,"img":"https://fd8-photos.leclercdrive.fr/image.ashx?id=2882990&use=l&cat=p&typeid=i","cat":284638},{"id":30808,"n":"Coton-tiges Eco+ Tige papier x200 bâtonnets","p":0.34,"img":"https://fd8-photos.leclercdrive.fr/image.ashx?id=2940893&use=l&cat=p&typeid=i","cat":284636},{"id":30815,"n":"Dissolvant Eco+ 250ml","p":1.33,"u":"5,32 €/L","img":"https://fd8-photos.leclercdrive.fr/image.ashx?id=1873934&use=l&cat=p&typeid=i","cat":325347},{"id":30816,"n":"Film étirable Eco+ 50m","p":0.95,"img":"https://fd8-photos.leclercdrive.fr/image.ashx?id=2751847&use=l&cat=p&typeid=i","cat":334134},{"id":30849,"n":"Vinaigre ménager Mieuxa Surpuissant - 1L","p":1.6,"u":"1,60 €/L","img":"https://fd8-photos.leclercdrive.fr/image.ashx?id=2277008&use=l&cat=p&typeid=i","cat":300576},{"id":30850,"n":"Blanquette veau Côté Table Champignons 285g","p":2.2,"u":"7,72 €/KG","img":"https://fd8-photos.leclercdrive.fr/image.ashx?id=2064822&use=l&cat=p&typeid=i","cat":284953},{"id":30856,"n":"Emincés de poulet Tradilège Rôti - 2x75g","p":2.09,"u":"13,93 €/KG","img":"https://fd8-photos.leclercdrive.fr/image.ashx?id=2930775&use=l&cat=p&typeid=i","cat":316011},{"id":30869,"n":"Marqueur noir Esquisse Permanent x1","p":0.75,"img":"https://fd8-photos.leclercdrive.fr/image.ashx?id=1694158&use=l&cat=p&typeid=i","cat":284696},{"id":30881,"n":"Tortillas Old El Paso de maïs et blé x8 - 335g","p":2.45,"u":"7,31 €/KG","img":"https://fd8-photos.leclercdrive.fr/image.ashx?id=2738794&use=l&cat=p&typeid=i","cat":288993},{"id":30882,"n":"Bloc de fromage Leerdammer L'Original - 250g","p":3.34,"u":"13,36 €/KG","img":"https://fd8-photos.leclercdrive.fr/image.ashx?id=2146096&use=l&cat=p&typeid=i","cat":314034},{"id":30898,"n":"Gâteaux aux pépites chocolat x6 Chaque Jour Sans Gluten 230g","p":3.21,"u":"13,96 €/KG","img":"https://fd8-photos.leclercdrive.fr/image.ashx?id=2691249&use=l&cat=p&typeid=i","cat":318654},{"id":30901,"n":"Cookies Chaque Jour sans gluten aux pépites de chocolat - 150g","p":2.44,"u":"16,27 €/KG","img":"https://fd8-photos.leclercdrive.fr/image.ashx?id=2669744&use=l&cat=p&typeid=i","cat":318654},{"id":30905,"n":"Coquilles moelleuses x6 Chaque Jour Sans Gluten 180g","p":2.2,"u":"12,22 €/KG","img":"https://fd8-photos.leclercdrive.fr/image.ashx?id=2710792&use=l&cat=p&typeid=i","cat":318654},{"id":30907,"n":"Madeleine aux Oeufs GERBLE  Sans Gluten 200 g","p":3.37,"u":"16,85 €/KG","img":"https://fd8-photos.leclercdrive.fr/image.ashx?id=2662802&use=l&cat=p&typeid=i","cat":318654},{"id":30910,"n":"Pain façon campagnard Chaque Jour Sans Gluten - 400g","p":4.0,"u":"10,00 €/KG","img":"https://fd8-photos.leclercdrive.fr/image.ashx?id=2710795&use=l&cat=p&typeid=i","cat":325069},{"id":30916,"n":"Ciboulette Sainte Lucie Tubulaire - 5g","p":1.61,"u":"322,00 €/KG","img":"https://fd8-photos.leclercdrive.fr/image.ashx?id=2974336&use=l&cat=p&typeid=i","cat":298297},{"id":30917,"n":"Pâtes Escalope volaille Marie Crème champignons - 900g","p":4.96,"u":"5,51 €/KG","img":"https://fd8-photos.leclercdrive.fr/image.ashx?id=2996794&use=l&cat=p&typeid=i","cat":284254},{"id":30929,"n":"Tortillas chips Tables du Monde Nature - 200g","p":1.15,"u":"5,75 €/KG","img":"https://fd8-photos.leclercdrive.fr/image.ashx?id=2655695&use=l&cat=p&typeid=i","cat":288993},{"id":30932,"n":"Biscuits déli matin P'tit Déli  Chocolat allégé- 300g","p":1.88,"u":"6,27 €/KG","img":"https://fd8-photos.leclercdrive.fr/image.ashx?id=3001202&use=l&cat=p&typeid=i","cat":284491},{"id":30933,"n":"Biscuit chocolat noir Gerblé Sans Sucres Ajoutés - 126g","p":1.87,"u":"14,84 €/KG","img":"https://fd8-photos.leclercdrive.fr/image.ashx?id=2662799&use=l&cat=p&typeid=i","cat":318653},{"id":30947,"n":"Pâtes Collezione Barilla Tagliatelle - 500g","p":1.58,"u":"3,16 €/KG","img":"https://fd8-photos.leclercdrive.fr/image.ashx?id=2654119&use=l&cat=p&typeid=i","cat":284427},{"id":30949,"n":"plat cuisiné quinoa tomates olives bio bjorg- 250g","p":1.76,"u":"7,04 €/KG","img":"https://fd8-photos.leclercdrive.fr/image.ashx?id=2854444&use=l&cat=p&typeid=i","cat":287600},{"id":30953,"n":"Couscous Grain Moyen Ferrero  - 500g","p":1.27,"u":"2,54 €/KG","img":"https://fd8-photos.leclercdrive.fr/image.ashx?id=2886777&use=l&cat=p&typeid=i","cat":284429},{"id":30969,"n":"Glace Cône Nestlé Extrême Sorbet fruits rouges x6 - 426g","p":3.4,"u":"7,98 €/KG","img":"https://fd8-photos.leclercdrive.fr/image.ashx?id=2729845&use=l&cat=p&typeid=i","cat":284264},{"id":31004,"n":"Jus de citron jaune Sicile - 20cl","p":0.75,"u":"3,75 €/L","img":"https://fd8-photos.leclercdrive.fr/image.ashx?id=2656988&use=l&cat=p&typeid=i","cat":288383},{"id":31008,"n":"Protège cahiers 17x22cm - 5 pièces","p":2.49,"img":"https://fd8-photos.leclercdrive.fr/image.ashx?id=1928821&use=l&cat=p&typeid=i","cat":284697},{"id":31011,"n":"Feutres pour ardoise Esquisse Effaçable a sec Fin bleu - x2","p":0.89,"img":"https://fd8-photos.leclercdrive.fr/image.ashx?id=2943238&use=l&cat=p&typeid=i","cat":334133},{"id":31019,"n":"Feuilles de lasagne Turini 350g","p":2.69,"u":"7,69 €/KG","img":"https://fd8-photos.leclercdrive.fr/image.ashx?id=2617371&use=l&cat=p&typeid=i","cat":333682},{"id":31021,"n":"Gnocchi Turini 800g","p":2.29,"u":"2,86 €/KG","img":"https://fd8-photos.leclercdrive.fr/image.ashx?id=2254529&use=l&cat=p&typeid=i","cat":333682},{"id":31022,"n":"Gnocchi à poêler Turini 500g","p":1.42,"u":"2,84 €/KG","img":"https://fd8-photos.leclercdrive.fr/image.ashx?id=2606822&use=l&cat=p&typeid=i","cat":333682},{"id":31023,"n":"Ravioli Ricotta épinards Bio  Bio village - 250g","p":2.99,"u":"11,96 €/KG","img":"https://fd8-photos.leclercdrive.fr/image.ashx?id=2650252&use=l&cat=p&typeid=i","cat":333682},{"id":31027,"n":"Cappuccino soluble Plantation nature - 280g","p":3.21,"u":"11,46 €/KG","img":"https://fd8-photos.leclercdrive.fr/image.ashx?id=2819274&use=l&cat=p&typeid=i","cat":284843},{"id":31029,"n":"Escalope Cordon Bleu Père Dodu  Dinde - Comté x2 - 200g","p":2.43,"u":"12,15 €/KG","img":"https://fd8-photos.leclercdrive.fr/image.ashx?id=2957179&use=l&cat=p&typeid=i","cat":333683},{"id":31030,"n":"Escalope Cordon Bleu Père Dodu  Poulet - Raclette x2 - 200g","p":2.41,"u":"12,05 €/KG","img":"https://fd8-photos.leclercdrive.fr/image.ashx?id=2957182&use=l&cat=p&typeid=i","cat":333683},{"id":31035,"n":"Chips La classique Vico Nature - 135g","p":1.28,"u":"9,48 €/KG","img":"https://fd8-photos.leclercdrive.fr/image.ashx?id=2917801&use=l&cat=p&typeid=i","cat":284447},{"id":31044,"n":"Haricots verts Notre Jardin Extra fins - 5 Fagots - 220g","p":2.15,"u":"9,77 €/KG","img":"https://fd8-photos.leclercdrive.fr/image.ashx?id=2119133&use=l&cat=p&typeid=i","cat":312606},{"id":31046,"n":"Assortiment crackers Tokapi Emmental - 100g","p":0.64,"u":"6,40 €/KG","img":"https://fd8-photos.leclercdrive.fr/image.ashx?id=2034386&use=l&cat=p&typeid=i","cat":297000},{"id":31050,"n":"Biscuits pavot citron GERBLE  - 4x4  200g","p":1.52,"u":"7,60 €/KG","img":"https://fd8-photos.leclercdrive.fr/image.ashx?id=2967001&use=l&cat=p&typeid=i","cat":318651},{"id":31052,"n":"Biscuits figue et son GERBLE   - 5x5, 210g","p":1.4,"u":"6,67 €/KG","img":"https://fd8-photos.leclercdrive.fr/image.ashx?id=2662319&use=l&cat=p&typeid=i","cat":318651},{"id":31054,"n":"Bouillon Cube Maggi Vollaile - x12 cubes - 120g","p":1.67,"u":"13,92 €/KG","img":"https://fd8-photos.leclercdrive.fr/image.ashx?id=2736982&use=l&cat=p&typeid=i","cat":288379},{"id":31058,"n":"Pâtes Barilla Capellini n°1 - 500g","p":0.99,"u":"1,98 €/KG","img":"https://fd8-photos.leclercdrive.fr/image.ashx?id=2392194&use=l&cat=p&typeid=i","cat":284427},{"id":31068,"n":"Chocolat Pâtissier Tablette dOr Lait - 170g","p":1.99,"u":"11,71 €/KG","img":"https://fd8-photos.leclercdrive.fr/image.ashx?id=2635916&use=l&cat=p&typeid=i","cat":285562},{"id":31069,"n":"Chocolat Pâtissier Tablette dOr Chocolat Blanc - 180g","p":2.03,"u":"11,28 €/KG","img":"https://fd8-photos.leclercdrive.fr/image.ashx?id=2562879&use=l&cat=p&typeid=i","cat":285562},{"id":31079,"n":"Biscuits cookies bio bjorg  chocolat noisette - 200g","p":3.15,"u":"15,75 €/KG","img":"https://fd8-photos.leclercdrive.fr/image.ashx?id=2652215&use=l&cat=p&typeid=i","cat":325066},{"id":31084,"n":"Crackers Tokapi Sésame et pavot - 100g","p":0.69,"u":"6,90 €/KG","img":"https://fd8-photos.leclercdrive.fr/image.ashx?id=1921880&use=l&cat=p&typeid=i","cat":297000},{"id":31086,"n":"Capsules Nescafé Dolce Gusto  Lungo Décaféiné - x16","p":4.98,"u":"44,46 €/KG","img":"https://fd8-photos.leclercdrive.fr/image.ashx?id=2836676&use=l&cat=p&typeid=i","cat":293239},{"id":31088,"n":"Coeurs d'artichaut Notre Jardin 245g","p":3.49,"u":"14,24 €/KG","img":"https://fd8-photos.leclercdrive.fr/image.ashx?id=2607918&use=l&cat=p&typeid=i","cat":312611},{"id":31095,"n":"Filets maquereaux Pêche Océan Citron olives - 176g","p":1.78,"u":"10,11 €/KG","img":"https://fd8-photos.leclercdrive.fr/image.ashx?id=2515679&use=l&cat=p&typeid=i","cat":303868},{"id":31097,"n":"Feuilletés Tokapi Emmental - 85g","p":0.98,"u":"11,53 €/KG","img":"https://fd8-photos.leclercdrive.fr/image.ashx?id=1884022&use=l&cat=p&typeid=i","cat":297000},{"id":31098,"n":"Capsules Nescafé Dolce Gusto  Café au Lait - x16","p":4.71,"u":"29,44 €/KG","img":"https://fd8-photos.leclercdrive.fr/image.ashx?id=2946637&use=l&cat=p&typeid=i","cat":293239},{"id":31101,"n":"Filets maquereaux Pêche Océan Sauce escabèche - 169g","p":1.15,"u":"6,80 €/KG","img":"https://fd8-photos.leclercdrive.fr/image.ashx?id=2394666&use=l&cat=p&typeid=i","cat":303868},{"id":31105,"n":"Gaufrettes P'tit Déli Praliné noisette x15 110g","p":0.87,"u":"7,91 €/KG","img":"https://fd8-photos.leclercdrive.fr/image.ashx?id=2418245&use=l&cat=p&typeid=i","cat":284488},{"id":31106,"n":"Gaufrettes P'tit Déli Chocolat x15 110g","p":1.1,"u":"10,00 €/KG","img":"https://fd8-photos.leclercdrive.fr/image.ashx?id=2436020&use=l&cat=p&typeid=i","cat":284488},{"id":31107,"n":"Gâteau P'tit Déli Tout chocolat 300g","p":2.15,"u":"7,17 €/KG","img":"https://fd8-photos.leclercdrive.fr/image.ashx?id=2562707&use=l&cat=p&typeid=i","cat":294776},{"id":31109,"n":"Gaufrettes P'tit Déli Framboise 160g","p":1.47,"u":"9,19 €/KG","img":"https://fd8-photos.leclercdrive.fr/image.ashx?id=2915290&use=l&cat=p&typeid=i","cat":284489},{"id":31113,"n":"Haricots rouges Notre Jardin 500g","p":1.37,"u":"2,74 €/KG","img":"https://fd8-photos.leclercdrive.fr/image.ashx?id=2988054&use=l&cat=p&typeid=i","cat":312606},{"id":31116,"n":"Pâtes bio Jardin Bio' Tire-bouchon semi-complet  500g","p":1.86,"u":"3,72 €/KG","img":"https://fd8-photos.leclercdrive.fr/image.ashx?id=2961116&use=l&cat=p&typeid=i","cat":284427},{"id":31118,"n":"Madeleines P'tit Déli Coquilles 250g","p":0.99,"u":"3,96 €/KG","img":"https://fd8-photos.leclercdrive.fr/image.ashx?id=2999499&use=l&cat=p&typeid=i","cat":284492},{"id":31133,"n":"Tartine croustillante Epi d'Or Seigle - 250g","p":1.29,"u":"5,16 €/KG","img":"https://fd8-photos.leclercdrive.fr/image.ashx?id=2533325&use=l&cat=p&typeid=i","cat":284479},{"id":31135,"n":"Terrine de lapin Côté Table A la moutarde - 180g","p":2.49,"u":"13,83 €/KG","img":"https://fd8-photos.leclercdrive.fr/image.ashx?id=1862576&use=l&cat=p&typeid=i","cat":305149},{"id":31136,"n":"Pâtes Torti Panzani 3 Minutes - 1Kg","p":2.25,"u":"2,25 €/KG","img":"https://fd8-photos.leclercdrive.fr/image.ashx?id=2896099&use=l&cat=p&typeid=i","cat":284427},{"id":31139,"n":"Tortillas chips Tables du Monde Chili - 200g","p":1.39,"u":"6,95 €/KG","img":"https://fd8-photos.leclercdrive.fr/image.ashx?id=2661544&use=l&cat=p&typeid=i","cat":288993},{"id":31143,"n":"Lait concentré sucré Délisse 397g","p":1.35,"u":"3,40 €/KG","img":"https://fd8-photos.leclercdrive.fr/image.ashx?id=2576588&use=l&cat=p&typeid=i","cat":299162},{"id":31146,"n":"Madeleines P'tit Déli Longues fourrées 240g","p":2.35,"u":"9,79 €/KG","img":"https://fd8-photos.leclercdrive.fr/image.ashx?id=2754204&use=l&cat=p&typeid=i","cat":284492},{"id":31149,"n":"Les p'tites spirales P'tit Déli Fraise 150g","p":1.55,"u":"10,33 €/KG","img":"https://fd8-photos.leclercdrive.fr/image.ashx?id=2660419&use=l&cat=p&typeid=i","cat":284495},{"id":31156,"n":"Café Soluble Nescafé x25 - 50g","p":2.05,"u":"41,00 €/KG","img":"https://fd8-photos.leclercdrive.fr/image.ashx?id=2485131&use=l&cat=p&typeid=i","cat":284843},{"id":31166,"n":"Pousses d'haricots  Bio Village Haricots Mungo Bio - 175g","p":1.34,"u":"7,66 €/KG","img":"https://fd8-photos.leclercdrive.fr/image.ashx?id=2573214&use=l&cat=p&typeid=i","cat":312611},{"id":31171,"n":"Pop corn sucrés Tokapi Micro-ondable - 3x90g","p":1.25,"u":"4,63 €/KG","img":"https://fd8-photos.leclercdrive.fr/image.ashx?id=2987154&use=l&cat=p&typeid=i","cat":304249},{"id":31174,"n":"Pâtes penne rigate Panzani 1kg","p":2.01,"u":"2,01 €/KG","img":"https://fd8-photos.leclercdrive.fr/image.ashx?id=2876020&use=l&cat=p&typeid=i","cat":284427},{"id":31178,"n":"Pois apéritif Tanoshi wasabi - sachet 100g","p":1.49,"u":"14,90 €/KG","img":"https://fd8-photos.leclercdrive.fr/image.ashx?id=2928522&use=l&cat=p&typeid=i","cat":288992},{"id":31183,"n":"Pain campagnard Schar 240g","p":3.49,"u":"14,54 €/KG","img":"https://fd8-photos.leclercdrive.fr/image.ashx?id=2267978&use=l&cat=p&typeid=i","cat":325069},{"id":31191,"n":"Riz sushi Tanoshi 450g","p":3.15,"u":"7,00 €/KG","img":"https://fd8-photos.leclercdrive.fr/image.ashx?id=2955788&use=l&cat=p&typeid=i","cat":288992},{"id":31193,"n":"Biscuit apéritif ancel Bretzels Sticks - 200g","p":0.97,"u":"4,85 €/KG","img":"https://fd8-photos.leclercdrive.fr/image.ashx?id=2895178&use=l&cat=p&typeid=i","cat":297000},{"id":31200,"n":"AOP Bordeaux rouge Baron de Lestac - BIB 3L","p":13.99,"u":"4,66 €/L","img":"https://fd8-photos.leclercdrive.fr/image.ashx?id=2420910&use=l&cat=p&typeid=i","cat":289560},{"id":31211,"n":"Grana Padano AOP Casa Azzurra Râpé -  100g","p":1.97,"u":"19,70 €/KG","img":"https://fd8-photos.leclercdrive.fr/image.ashx?id=2284730&use=l&cat=p&typeid=i","cat":314035},{"id":31223,"n":"Bain Dissolvant Inell Bain sans acétone - 75ml","p":3.99,"u":"53,20 €/L","img":"https://fd8-photos.leclercdrive.fr/image.ashx?id=2244820&use=l&cat=p&typeid=i","cat":325347},{"id":31265,"n":"Friandises chats Félix Original  Party mix - 60g","p":1.22,"u":"20,33 €/KG","img":"https://fd8-photos.leclercdrive.fr/image.ashx?id=2683346&use=l&cat=p&typeid=i","cat":285285},{"id":31266,"n":"Friandises chats Félix Grillade - 60g","p":1.11,"u":"18,50 €/KG","img":"https://fd8-photos.leclercdrive.fr/image.ashx?id=2336614&use=l&cat=p&typeid=i","cat":285285},{"id":31289,"n":"Emmental râpé Entremont 3x70g","p":2.41,"u":"11,48 €/KG","img":"https://fd8-photos.leclercdrive.fr/image.ashx?id=2983150&use=l&cat=p&typeid=i","cat":314035},{"id":31297,"n":"Fromage crémeux Les Croisés 36%mg - 200g","p":2.43,"u":"12,15 €/KG","img":"https://fd8-photos.leclercdrive.fr/image.ashx?id=2037379&use=l&cat=p&typeid=i","cat":329558},{"id":31301,"n":"Steak haché Férial  15%mg - X10 - 1kg","p":11.9,"u":"11,90 €/KG","img":"https://fd8-photos.leclercdrive.fr/image.ashx?id=3004657&use=l&cat=p&typeid=i","cat":319778},{"id":31389,"n":"Menus gourmands Tous mes amis pour chatons - 12x100g","p":4.29,"u":"3,58 €/KG","img":"https://fd8-photos.leclercdrive.fr/image.ashx?id=2027595&use=l&cat=p&typeid=i","cat":285286},{"id":31414,"n":"Pâtes Alpina Savoie Chanterelles Crozets - 400g","p":2.59,"u":"6,48 €/KG","img":"https://fd8-photos.leclercdrive.fr/image.ashx?id=2795063&use=l&cat=p&typeid=i","cat":284427},{"id":31425,"n":"Liégois de fruits Andros Abricot coulis framboise 4x100g","p":2.3,"u":"5,75 €/KG","img":"https://fd8-photos.leclercdrive.fr/image.ashx?id=2575645&use=l&cat=p&typeid=i","cat":285042},{"id":31441,"n":"Plat bébé Blédina 12 mois  Courgette riz veau - 2x200g","p":2.72,"u":"6,80 €/KG","img":"https://fd8-photos.leclercdrive.fr/image.ashx?id=2975074&use=l&cat=p&typeid=i","cat":312237},{"id":31447,"n":"Tablette Chocolat Lait Crunch Céréales Croustillantes 2x100g","p":2.65,"u":"13,25 €/KG","img":"https://fd8-photos.leclercdrive.fr/image.ashx?id=2899740&use=l&cat=p&typeid=i","cat":284497},{"id":31458,"n":"Moutarde de Dijon Rustica  Fine et forte - 160g","p":0.95,"u":"5,94 €/KG","img":"https://fd8-photos.leclercdrive.fr/image.ashx?id=2954367&use=l&cat=p&typeid=i","cat":288850},{"id":31641,"n":"Poulet basquaise Côté Table Riz 285g","p":1.81,"u":"6,35 €/KG","img":"https://fd8-photos.leclercdrive.fr/image.ashx?id=2476149&use=l&cat=p&typeid=i","cat":284953},{"id":31652,"n":"Beurre Tendre Elle&Vire Doux - 82% MG - 250g","p":2.95,"u":"11,80 €/KG","img":"https://fd8-photos.leclercdrive.fr/image.ashx?id=2574374&use=l&cat=p&typeid=i","cat":284379},{"id":31656,"n":"Cornichons Rustica Aigre Doux - 360g","p":1.63,"u":"4,53 €/KG","img":"https://fd8-photos.leclercdrive.fr/image.ashx?id=2916698&use=l&cat=p&typeid=i","cat":284458},{"id":31659,"n":"Sirop La Maison Guiot Cerise - 70cl","p":3.18,"u":"4,54 €/L","img":"https://fd8-photos.leclercdrive.fr/image.ashx?id=2857201&use=l&cat=p&typeid=i","cat":295020},{"id":31661,"n":"Sirop La Maison Guiot Pêche blanche - 70cl","p":3.34,"u":"4,77 €/L","img":"https://fd8-photos.leclercdrive.fr/image.ashx?id=2857198&use=l&cat=p&typeid=i","cat":295020},{"id":31662,"n":"Sirop La Maison Guiot Mûre / Cassis - 70cl","p":3.3,"u":"4,71 €/L","img":"https://fd8-photos.leclercdrive.fr/image.ashx?id=2857186&use=l&cat=p&typeid=i","cat":295020},{"id":31680,"n":"Lingettes bébé Mots d'Enfants Ultra-douces - x24","p":1.25,"u":"0,05 €/P","img":"https://fd8-photos.leclercdrive.fr/image.ashx?id=2856501&use=l&cat=p&typeid=i","cat":284738},{"id":31682,"n":"Sachet repas chat Tous mes amis Viande en sauces - 4x100g","p":1.49,"u":"3,73 €/KG","img":"https://fd8-photos.leclercdrive.fr/image.ashx?id=2043005&use=l&cat=p&typeid=i","cat":285286},{"id":31709,"n":"Viande boeuf séchée Saint Azay 10 tranches - 80g","p":3.78,"u":"47,25 €/KG","img":"https://fd8-photos.leclercdrive.fr/image.ashx?id=2979568&use=l&cat=p&typeid=i","cat":316007},{"id":31714,"n":"Pur jus de pomme Bio Village Bio - 6x20cl","p":3.25,"u":"2,71 €/L","img":"https://fd8-photos.leclercdrive.fr/image.ashx?id=2077442&use=l&cat=p&typeid=i","cat":284524},{"id":31717,"n":"Parmigiano Reg AOP Casa Azzurra Râpé -  60g","p":1.47,"u":"24,50 €/KG","img":"https://fd8-photos.leclercdrive.fr/image.ashx?id=2261951&use=l&cat=p&typeid=i","cat":314035},{"id":31728,"n":"Jus de pomme Jafaden Nectar - 2L","p":2.15,"u":"1,08 €/L","img":"https://fd8-photos.leclercdrive.fr/image.ashx?id=2956077&use=l&cat=p&typeid=i","cat":284522},{"id":31729,"n":"Jus de pomme Jafaden A base de concentré - 1L","p":0.95,"u":"0,95 €/L","img":"https://fd8-photos.leclercdrive.fr/image.ashx?id=2550842&use=l&cat=p&typeid=i","cat":284522},{"id":31730,"n":"Pur jus de pomme Jafaden 1L","p":0.99,"u":"0,99 €/L","img":"https://fd8-photos.leclercdrive.fr/image.ashx?id=1936638&use=l&cat=p&typeid=i","cat":284522},{"id":31731,"n":"Thé glacé Fresh Tea Pêche - 1L","p":1.03,"u":"1,03 €/L","img":"https://fd8-photos.leclercdrive.fr/image.ashx?id=3002791&use=l&cat=p&typeid=i","cat":295019},{"id":31733,"n":"Pur jus multifruits Jafaden 1L","p":1.39,"u":"1,39 €/L","img":"https://fd8-photos.leclercdrive.fr/image.ashx?id=2890006&use=l&cat=p&typeid=i","cat":284917},{"id":31735,"n":"Nectar multifruits Jafaden 1L","p":1.75,"u":"1,75 €/L","img":"https://fd8-photos.leclercdrive.fr/image.ashx?id=2956089&use=l&cat=p&typeid=i","cat":284917},{"id":31736,"n":"Nectar Jafaden Goyave - 1L","p":2.08,"u":"2,08 €/L","img":"https://fd8-photos.leclercdrive.fr/image.ashx?id=2956095&use=l&cat=p&typeid=i","cat":284916},{"id":31737,"n":"Nectar Jafaden Passion - 1L","p":2.71,"u":"2,71 €/L","img":"https://fd8-photos.leclercdrive.fr/image.ashx?id=2959602&use=l&cat=p&typeid=i","cat":284916},{"id":31830,"n":"Sachet repas chat Tous mes amis Viande en sauce - 12x100g","p":3.65,"u":"3,04 €/KG","img":"https://fd8-photos.leclercdrive.fr/image.ashx?id=2677077&use=l&cat=p&typeid=i","cat":285286},{"id":31899,"n":"Huile OPTIMA Tramier  1L","p":5.19,"u":"5,19 €/L","img":"https://fd8-photos.leclercdrive.fr/image.ashx?id=2680407&use=l&cat=p&typeid=i","cat":284453},{"id":31915,"n":"Mayonnaise à la moutarde de Dij  de Dijon Rustica - 235 g","p":1.25,"u":"5,32 €/KG","img":"https://fd8-photos.leclercdrive.fr/image.ashx?id=2954355&use=l&cat=p&typeid=i","cat":298295},{"id":31918,"n":"Sucre Tablier Blanc En morceaux - 1kg","p":1.99,"u":"1,99 €/KG","img":"https://fd8-photos.leclercdrive.fr/image.ashx?id=3010425&use=l&cat=p&typeid=i","cat":284502},{"id":31920,"n":"Matière grasse Rustica à tartiner 50%MG Omega 3 - 500g","p":1.98,"u":"3,96 €/KG","img":"https://fd8-photos.leclercdrive.fr/image.ashx?id=1585635&use=l&cat=p&typeid=i","cat":315229},{"id":31933,"n":"Laque Iroise Fixation forte 300ml","p":1.95,"u":"6,50 €/L","img":"https://fd8-photos.leclercdrive.fr/image.ashx?id=2930346&use=l&cat=p&typeid=i","cat":284609},{"id":31937,"n":"Laque Vitanove Fixation normale 300ml","p":1.95,"u":"6,50 €/L","img":"https://fd8-photos.leclercdrive.fr/image.ashx?id=2616739&use=l&cat=p&typeid=i","cat":284609},{"id":31941,"n":"IGP Ardèche rouge Pont d'Arc 13.5% vol - BIB 5L","p":11.18,"u":"2,24 €/L","img":"https://fd8-photos.leclercdrive.fr/image.ashx?id=2527913&use=l&cat=p&typeid=i","cat":289560},{"id":31965,"n":"Nettoyant spray Clair Cuisine et salle de bain 750ml","p":1.49,"u":"1,99 €/L","img":"https://fd8-photos.leclercdrive.fr/image.ashx?id=2466151&use=l&cat=p&typeid=i","cat":325357},{"id":31976,"n":"Sucre vanillé bio Bio Village 6x7.5g","p":1.85,"u":"41,11 €/KG","img":"https://fd8-photos.leclercdrive.fr/image.ashx?id=2895801&use=l&cat=p&typeid=i","cat":294686},{"id":31983,"n":"Cidre rosé Les Goelleries 2.5%vol. - 75cl","p":2.29,"u":"3,05 €/L","img":"https://fd8-photos.leclercdrive.fr/image.ashx?id=2842295&use=l&cat=p&typeid=i","cat":334880},{"id":31988,"n":"Sachet repas chat Tous mes amis Poissons en gelée - 4x100g","p":1.33,"u":"3,33 €/KG","img":"https://fd8-photos.leclercdrive.fr/image.ashx?id=2043002&use=l&cat=p&typeid=i","cat":285286},{"id":32012,"n":"Beurre Moulé de Baratte Le Gall Doux - 82% MG - 250g","p":3.09,"u":"12,36 €/KG","img":"https://fd8-photos.leclercdrive.fr/image.ashx?id=2380997&use=l&cat=p&typeid=i","cat":284379},{"id":32015,"n":"Beurre moulé Le Gall Doux - 82% MG - 250g","p":3.4,"u":"13,60 €/KG","img":"https://fd8-photos.leclercdrive.fr/image.ashx?id=2551680&use=l&cat=p&typeid=i","cat":284379},{"id":32054,"n":"Eau minérale gazeuse St Diery  Naturelle - 6x50cl","p":1.45,"u":"0,48 €/L","img":"https://fd8-photos.leclercdrive.fr/image.ashx?id=2423532&use=l&cat=p&typeid=i","cat":284536},{"id":32059,"n":"Sachet repas chat Tous mes amis Viande en geléé - 12x100g","p":3.65,"u":"3,04 €/KG","img":"https://fd8-photos.leclercdrive.fr/image.ashx?id=2027598&use=l&cat=p&typeid=i","cat":285286},{"id":32064,"n":"Mousse à raser Carré Homme Sensible - 250ml","p":1.39,"u":"5,56 €/L","img":"https://fd8-photos.leclercdrive.fr/image.ashx?id=2704681&use=l&cat=p&typeid=i","cat":284617},{"id":32065,"n":"Couches bébé Mots d'Enfants T4 Douceur - 7/18kg - x74 changes","p":10.6,"u":"0,14 €/P","img":"https://fd8-photos.leclercdrive.fr/image.ashx?id=2907192&use=l&cat=p&typeid=i","cat":284737},{"id":32087,"n":"Yaourts vanille Soignon au lait de chèvre - 4x125g","p":2.42,"u":"4,84 €/KG","img":"https://fd8-photos.leclercdrive.fr/image.ashx?id=2518247&use=l&cat=p&typeid=i","cat":314998},{"id":32098,"n":"Biscuits Dinosaurus Lotus  Chocolat noir - 225g","p":1.91,"u":"8,49 €/KG","img":"https://fd8-photos.leclercdrive.fr/image.ashx?id=2859812&use=l&cat=p&typeid=i","cat":284488},{"id":32103,"n":"Goûter laitier Récré O'Lé Gourdes Chocolat - 4x85g","p":2.07,"u":"6,09 €/KG","img":"https://fd8-photos.leclercdrive.fr/image.ashx?id=3008824&use=l&cat=p&typeid=i","cat":284506},{"id":32104,"n":"Goûter laitier Récré O'Lé Gourdes Saveur Vanille - 4x85g","p":2.11,"u":"6,21 €/KG","img":"https://fd8-photos.leclercdrive.fr/image.ashx?id=3008827&use=l&cat=p&typeid=i","cat":284506},{"id":32125,"n":"Mélange Fruité Tokapi Fruits et graines - 110g","p":1.65,"u":"15,00 €/KG","img":"https://fd8-photos.leclercdrive.fr/image.ashx?id=2794003&use=l&cat=p&typeid=i","cat":284448},{"id":32134,"n":"Vin blanc Prieur Barsanne Picpoul de Pinet AOC - BIB 3L","p":14.99,"u":"5,00 €/L","img":"https://fd8-photos.leclercdrive.fr/image.ashx?id=2887407&use=l&cat=p&typeid=i","cat":289560},{"id":32145,"n":"Beurre de Baratte d'Isigny NRT AOP Demi-sel 80% MG 250g","p":3.08,"u":"12,32 €/KG","img":"https://fd8-photos.leclercdrive.fr/image.ashx?id=2657289&use=l&cat=p&typeid=i","cat":284379},{"id":32152,"n":"Ardoise double face Esquisse Rouge - Feutre et effacette","p":1.55,"img":"https://fd8-photos.leclercdrive.fr/image.ashx?id=2943334&use=l&cat=p&typeid=i","cat":334133},{"id":32183,"n":"Couches bébé Mots d'Enfants T4+ Douceur - 9/20kg - x70 changes","p":10.8,"u":"0,15 €/P","img":"https://fd8-photos.leclercdrive.fr/image.ashx?id=2904574&use=l&cat=p&typeid=i","cat":284737},{"id":32186,"n":"Couches bébé Mots d'Enfants T5 Douceur - 11/25kg - x66","p":10.7,"u":"0,16 €/P","img":"https://fd8-photos.leclercdrive.fr/image.ashx?id=2907195&use=l&cat=p&typeid=i","cat":284737},{"id":32202,"n":"Couches bébé Mots d'Enfants T3 Douceur - 4/9kg - x90 changes","p":11.4,"u":"0,13 €/P","img":"https://fd8-photos.leclercdrive.fr/image.ashx?id=2699465&use=l&cat=p&typeid=i","cat":284737},{"id":32213,"n":"Bacon fumé Herta Barquette 100g","p":1.89,"u":"18,90 €/KG","img":"https://fd8-photos.leclercdrive.fr/image.ashx?id=2876236&use=l&cat=p&typeid=i","cat":316011},{"id":32216,"n":"Sandwich XXL Daunat Poulet rôti Mayonnaise - 230g","p":2.23,"u":"9,70 €/KG","img":"https://fd8-photos.leclercdrive.fr/image.ashx?id=2892706&use=l&cat=p&typeid=i","cat":333658},{"id":32255,"n":"Déodorant Manava Pierre d'alun/Aloé véra - 200ml","p":1.44,"u":"7,20 €/L","img":"https://fd8-photos.leclercdrive.fr/image.ashx?id=2710494&use=l&cat=p&typeid=i","cat":284595},{"id":32267,"n":"Emmental fromage rapé Les Croisés - 325g","p":2.65,"u":"8,15 €/KG","img":"https://fd8-photos.leclercdrive.fr/image.ashx?id=2805027&use=l&cat=p&typeid=i","cat":314035},{"id":32286,"n":"Papillons d'Alsace NRT 250g","p":1.39,"u":"5,56 €/KG","img":"https://fd8-photos.leclercdrive.fr/image.ashx?id=2839992&use=l&cat=p&typeid=i","cat":284427},{"id":32293,"n":"Sucre de canne Tablier Blanc Cassonade 750g","p":1.55,"u":"2,07 €/KG","img":"https://fd8-photos.leclercdrive.fr/image.ashx?id=2501676&use=l&cat=p&typeid=i","cat":284502},{"id":32301,"n":"Biscuit Petit beurre P'tit Déli Tablette chocolat blanc - 150g","p":1.49,"u":"9,93 €/KG","img":"https://fd8-photos.leclercdrive.fr/image.ashx?id=2517772&use=l&cat=p&typeid=i","cat":284488},{"id":32304,"n":"Aubergines Notre Jardin Grillées 600g","p":3.49,"u":"5,82 €/KG","img":"https://fd8-photos.leclercdrive.fr/image.ashx?id=2255307&use=l&cat=p&typeid=i","cat":319805},{"id":32316,"n":"Gin Brighton's London Dry 37.5%vol - 1L","p":15.69,"u":"15,69 €/L","img":"https://fd8-photos.leclercdrive.fr/image.ashx?id=2907189&use=l&cat=p&typeid=i","cat":284550},{"id":32320,"n":"AOC Champagne Blanc de Blancs Brut Pol Carson - 75cl","p":21.99,"u":"29,32 €/L","img":"https://fd8-photos.leclercdrive.fr/image.ashx?id=2909894&use=l&cat=p&typeid=i","cat":284542},{"id":32339,"n":"Sirop Frucci Pamplemousse Rose - 75cl","p":3.65,"u":"4,87 €/L","img":"https://fd8-photos.leclercdrive.fr/image.ashx?id=2909900&use=l&cat=p&typeid=i","cat":295020},{"id":32352,"n":"Emmental fromage râpé bio Bio village - 200g","p":2.31,"u":"11,55 €/KG","img":"https://fd8-photos.leclercdrive.fr/image.ashx?id=1972558&use=l&cat=p&typeid=i","cat":314035},{"id":32353,"n":"Mozzarella Les Croisés - 3x125g","p":2.75,"u":"7,33 €/KG","img":"https://fd8-photos.leclercdrive.fr/image.ashx?id=2130008&use=l&cat=p&typeid=i","cat":314026},{"id":32357,"n":"Yaourts en gourde Délisse 3 Abricots + 3 Fraises - 6x90g","p":2.89,"u":"5,35 €/KG","img":"https://fd8-photos.leclercdrive.fr/image.ashx?id=2699565&use=l&cat=p&typeid=i","cat":284415},{"id":32371,"n":"Petits pots  Babybio Bio Carotte quinoa - 8mois 2x200g","p":2.54,"u":"6,35 €/KG","img":"https://fd8-photos.leclercdrive.fr/image.ashx?id=2834512&use=l&cat=p&typeid=i","cat":312239},{"id":32373,"n":"Petits pots Babybio Bio Légume canard - 8mois 2x200g","p":3.29,"u":"16,45 €/KG","img":"https://fd8-photos.leclercdrive.fr/image.ashx?id=2912200&use=l&cat=p&typeid=i","cat":312236},{"id":32380,"n":"Farine de blé Eco+ 1kg","p":0.54,"u":"0,54 €/KG","img":"https://fd8-photos.leclercdrive.fr/image.ashx?id=720217&use=l&cat=p&typeid=i","cat":284503},{"id":32385,"n":"Asperges blanches très grosses En bocal - 395G","p":5.45,"u":"13,80 €/KG","img":"https://fd8-photos.leclercdrive.fr/image.ashx?id=2049013&use=l&cat=p&typeid=i","cat":312611},{"id":32386,"n":"Mélange forestier Notre Jardin 225g","p":2.57,"u":"11,42 €/KG","img":"https://fd8-photos.leclercdrive.fr/image.ashx?id=2804329&use=l&cat=p&typeid=i","cat":312612},{"id":32387,"n":"Ratatouille Notre Jardin A la provençale - 375g","p":1.06,"u":"2,83 €/KG","img":"https://fd8-photos.leclercdrive.fr/image.ashx?id=2526294&use=l&cat=p&typeid=i","cat":312612},{"id":32388,"n":"Maïs Notre Jardin Aux 2 poivrons - 270g","p":1.19,"u":"4,41 €/KG","img":"https://fd8-photos.leclercdrive.fr/image.ashx?id=2988057&use=l&cat=p&typeid=i","cat":312611},{"id":32391,"n":"Poulet blanc St Charmin Entier - 1.25kg","p":8.99,"u":"7,19 €/KG","img":"https://fd8-photos.leclercdrive.fr/image.ashx?id=2486092&use=l&cat=p&typeid=i","cat":284336},{"id":32452,"n":"Lait de montagne Délisse UHT Bouteille -  6x1L","p":6.66,"u":"1,11 €/L","img":"https://fd8-photos.leclercdrive.fr/image.ashx?id=2929937&use=l&cat=p&typeid=i","cat":284377},{"id":32478,"n":"Fruits rouges Fruistar 650g","p":4.72,"u":"7,26 €/KG","img":"https://fd8-photos.leclercdrive.fr/image.ashx?id=2607936&use=l&cat=p&typeid=i","cat":284268},{"id":32497,"n":"Recharge Savon Mains Dettol Parfum Citron 250ml","p":2.11,"u":"8,44 €/L","img":"https://fd8-photos.leclercdrive.fr/image.ashx?id=2962020&use=l&cat=p&typeid=i","cat":284597},{"id":32516,"n":"Saumon fumé Bio Bio Village Atlantique x4T - 120g","p":5.77,"u":"48,08 €/KG","img":"https://fd8-photos.leclercdrive.fr/image.ashx?id=2374606&use=l&cat=p&typeid=i","cat":285188},{"id":32523,"n":"Endive  1 p","p":0.79,"img":"https://fd8-photos.leclercdrive.fr/image.ashx?id=657630&use=l&cat=p&typeid=i","cat":284352},{"id":32555,"n":"Fromage Maasdam Les Croisés tranches x14 - 27.1%mg - 350g","p":3.23,"u":"9,23 €/KG","img":"https://fd8-photos.leclercdrive.fr/image.ashx?id=2026322&use=l&cat=p&typeid=i","cat":314028},{"id":32556,"n":"Gouda Les Croisés 30.5%mg portion - 250g","p":3.25,"u":"13,00 €/KG","img":"https://fd8-photos.leclercdrive.fr/image.ashx?id=2900121&use=l&cat=p&typeid=i","cat":314034},{"id":32558,"n":"Mimolette Les Croisés 23.7%mg portion - 250g","p":2.97,"u":"11,88 €/KG","img":"https://fd8-photos.leclercdrive.fr/image.ashx?id=2796049&use=l&cat=p&typeid=i","cat":314034},{"id":32631,"n":"Biscuits palmier Bio Village Bio - 100g","p":1.27,"u":"12,70 €/KG","img":"https://fd8-photos.leclercdrive.fr/image.ashx?id=2610729&use=l&cat=p&typeid=i","cat":284487},{"id":32643,"n":"Pruneaux d'Agen Couleurs Vives Dénoyautés - 500g","p":3.99,"u":"7,98 €/KG","img":"https://fd8-photos.leclercdrive.fr/image.ashx?id=2124107&use=l&cat=p&typeid=i","cat":284357},{"id":32655,"n":"Kaki 1p","p":0.79,"img":"https://fd8-photos.leclercdrive.fr/image.ashx?id=1628367&use=l&cat=p&typeid=i","cat":284356},{"id":32707,"n":"Poisson pané  Cabillaud Findus MSC x4 - 400g","p":6.98,"u":"17,45 €/KG","img":"https://fd8-photos.leclercdrive.fr/image.ashx?id=2650666&use=l&cat=p&typeid=i","cat":319788},{"id":32724,"n":"Pain grillé bio Bio Village Céréales et graines - 225g","p":1.59,"u":"7,07 €/KG","img":"https://fd8-photos.leclercdrive.fr/image.ashx?id=2595119&use=l&cat=p&typeid=i","cat":284479},{"id":32765,"n":"Bonbons Copains Copines Planch' acid goût fruit 225g","p":1.11,"u":"4,93 €/KG","img":"https://fd8-photos.leclercdrive.fr/image.ashx?id=2053683&use=l&cat=p&typeid=i","cat":304250},{"id":32802,"n":"Coeur de laitue Florette Florette - 320g","p":2.67,"u":"8,34 €/KG","img":"https://fd8-photos.leclercdrive.fr/image.ashx?id=2090057&use=l&cat=p&typeid=i","cat":284353},{"id":32804,"n":"Poulet jaune St Charmin Val de Loire - 1.25kg","p":8.99,"u":"7,19 €/KG","img":"https://fd8-photos.leclercdrive.fr/image.ashx?id=2933304&use=l&cat=p&typeid=i","cat":284336},{"id":32809,"n":"Filets de poulet St Charmin Val de Loire x2 - 240g","p":5.49,"u":"22,88 €/KG","img":"https://fd8-photos.leclercdrive.fr/image.ashx?id=2933310&use=l&cat=p&typeid=i","cat":284336},{"id":32817,"n":"Eau minérale Mont Blanc 6x1.5L","p":2.93,"u":"0,33 €/L","img":"https://fd8-photos.leclercdrive.fr/image.ashx?id=2401110&use=l&cat=p&typeid=i","cat":284535},{"id":32829,"n":"Litière chats Tous mes Amis Optimale - 5L","p":4.5,"u":"0,90 €/L","img":"https://fd8-photos.leclercdrive.fr/image.ashx?id=2055220&use=l&cat=p&typeid=i","cat":284683},{"id":32878,"n":"Biscuits fins P'tit Déli Assortiment - 400g","p":4.57,"u":"11,43 €/KG","img":"https://fd8-photos.leclercdrive.fr/image.ashx?id=2563154&use=l&cat=p&typeid=i","cat":284490},{"id":32901,"n":"Escalopes de dinde Volandrie x2 - 240g","p":3.49,"u":"14,54 €/KG","img":"https://fd8-photos.leclercdrive.fr/image.ashx?id=2048860&use=l&cat=p&typeid=i","cat":284337},{"id":32902,"n":"Escalope de dinde Volandrie Extra fines x2 - 240g","p":3.49,"u":"14,54 €/KG","img":"https://fd8-photos.leclercdrive.fr/image.ashx?id=2048863&use=l&cat=p&typeid=i","cat":284337},{"id":32915,"n":"Oignons frits Colona 100g","p":1.35,"u":"13,50 €/KG","img":"https://fd8-photos.leclercdrive.fr/image.ashx?id=2687230&use=l&cat=p&typeid=i","cat":298297},{"id":32934,"n":"Bière blanche 1664 Blanc 5° - 12x25cl","p":9.42,"u":"3,14 €/L","img":"https://fd8-photos.leclercdrive.fr/image.ashx?id=2886696&use=l&cat=p&typeid=i","cat":334878},{"id":32954,"n":"Bûche glacée Eskiss Poire Chocolat - 549g","p":4.57,"u":"8,32 €/KG","img":"https://fd8-photos.leclercdrive.fr/image.ashx?id=2209852&use=l&cat=p&typeid=i","cat":284266},{"id":32957,"n":"Poitrine fumée Herta 2x100g","p":2.97,"u":"14,85 €/KG","img":"https://fd8-photos.leclercdrive.fr/image.ashx?id=2787773&use=l&cat=p&typeid=i","cat":316011},{"id":32970,"n":"Lingettes Bionaïa Démaquillantes Bio x25","p":1.04,"u":"0,04 €/P","img":"https://fd8-photos.leclercdrive.fr/image.ashx?id=2376025&use=l&cat=p&typeid=i","cat":284603},{"id":32973,"n":"Eau micellaire Inell 500ml","p":2.36,"u":"4,72 €/L","img":"https://fd8-photos.leclercdrive.fr/image.ashx?id=1938870&use=l&cat=p&typeid=i","cat":284603},{"id":32982,"n":"Pâtes coquillettes Turini Les 3 min - 1kg","p":1.43,"u":"1,43 €/KG","img":"https://fd8-photos.leclercdrive.fr/image.ashx?id=2607530&use=l&cat=p&typeid=i","cat":284427},{"id":32985,"n":"Riz long Comptoir du Grain Cuisson rapide - 2kg","p":3.36,"u":"1,68 €/KG","img":"https://fd8-photos.leclercdrive.fr/image.ashx?id=2226197&use=l&cat=p&typeid=i","cat":284428},{"id":32986,"n":"Pâtes penne Turini Les 3 min - 500g","p":0.99,"u":"1,98 €/KG","img":"https://fd8-photos.leclercdrive.fr/image.ashx?id=2744240&use=l&cat=p&typeid=i","cat":284427},{"id":33036,"n":"Beurre allégé Les Croisés Doux - 60% MG - 250g","p":1.87,"u":"7,48 €/KG","img":"https://fd8-photos.leclercdrive.fr/image.ashx?id=2893319&use=l&cat=p&typeid=i","cat":284379},{"id":33063,"n":"Lait de toilette Mots d'Enfants Extra-doux - 750ml","p":3.69,"u":"4,92 €/L","img":"https://fd8-photos.leclercdrive.fr/image.ashx?id=2266495&use=l&cat=p&typeid=i","cat":284741},{"id":33097,"n":"Steak haché façon bouchère 560g Férial - 15%mg - X4","p":9.45,"u":"16,88 €/KG","img":"https://fd8-photos.leclercdrive.fr/image.ashx?id=3004660&use=l&cat=p&typeid=i","cat":319778},{"id":33098,"n":"Viande hachée Férial 15%mg - 400G","p":5.49,"u":"13,73 €/KG","img":"https://fd8-photos.leclercdrive.fr/image.ashx?id=2966517&use=l&cat=p&typeid=i","cat":319779},{"id":33150,"n":"Blanquette Weight Watchers Poulet 300g","p":3.31,"u":"11,03 €/KG","img":"https://fd8-photos.leclercdrive.fr/image.ashx?id=2880739&use=l&cat=p&typeid=i","cat":333665},{"id":33151,"n":"Préparation culinaire Soja Délisse - 5%mg - 3x20cl","p":1.89,"u":"3,15 €/L","img":"https://fd8-photos.leclercdrive.fr/image.ashx?id=2970741&use=l&cat=p&typeid=i","cat":316069},{"id":33197,"n":"Café moulu Plantation Colombie - 250g","p":3.87,"u":"15,48 €/KG","img":"https://fd8-photos.leclercdrive.fr/image.ashx?id=2824268&use=l&cat=p&typeid=i","cat":284750},{"id":33210,"n":"Panais  500g","p":1.35,"u":"2,70 €/KG","img":"https://fd8-photos.leclercdrive.fr/image.ashx?id=1632611&use=l&cat=p&typeid=i","cat":284352},{"id":33252,"n":"Mini feuilletés Côté Table Escargot x16 - 170g","p":5.49,"u":"32,29 €/KG","img":"https://fd8-photos.leclercdrive.fr/image.ashx?id=2600408&use=l&cat=p&typeid=i","cat":319774},{"id":33255,"n":"Pâtes farfalle Turini Les 3 min - 500g","p":1.07,"u":"2,14 €/KG","img":"https://fd8-photos.leclercdrive.fr/image.ashx?id=2669723&use=l&cat=p&typeid=i","cat":284427},{"id":33262,"n":"Céréales Corn Flakes Kellogg's 500g","p":2.41,"u":"4,82 €/KG","img":"https://fd8-photos.leclercdrive.fr/image.ashx?id=2522005&use=l&cat=p&typeid=i","cat":309513},{"id":33264,"n":"Ananas Fruistar En morceaux - 650g","p":6.56,"u":"10,09 €/KG","img":"https://fd8-photos.leclercdrive.fr/image.ashx?id=2185822&use=l&cat=p&typeid=i","cat":284268},{"id":33266,"n":"Céréales Smacks Kellogg's 400g","p":2.39,"u":"5,98 €/KG","img":"https://fd8-photos.leclercdrive.fr/image.ashx?id=2584235&use=l&cat=p&typeid=i","cat":309513},{"id":33269,"n":"Pommes de terre Pom'lisse Grenaille - 450g","p":2.49,"u":"5,53 €/KG","img":"https://fd8-photos.leclercdrive.fr/image.ashx?id=2704708&use=l&cat=p&typeid=i","cat":319792},{"id":33274,"n":"Pâtes spaghetti Turini Les 3 min - 1kg","p":1.55,"u":"1,55 €/KG","img":"https://fd8-photos.leclercdrive.fr/image.ashx?id=2607533&use=l&cat=p&typeid=i","cat":284427},{"id":33299,"n":"Sérum physiologique Mots d'Enfants 5ml x40","p":2.19,"u":"10,95 €/L","img":"https://fd8-photos.leclercdrive.fr/image.ashx?id=3014209&use=l&cat=p&typeid=i","cat":284741},{"id":33302,"n":"Pâtes cannelloni Turini 250g","p":0.99,"u":"3,96 €/KG","img":"https://fd8-photos.leclercdrive.fr/image.ashx?id=2980468&use=l&cat=p&typeid=i","cat":284427},{"id":33304,"n":"Soja cuisine Bio Village Fluide bio - 3x20cl","p":1.61,"u":"2,68 €/L","img":"https://fd8-photos.leclercdrive.fr/image.ashx?id=2493679&use=l&cat=p&typeid=i","cat":316069},{"id":33306,"n":"Sucre pure canne Bio Village En poudre bio - 500g","p":1.66,"u":"3,32 €/KG","img":"https://fd8-photos.leclercdrive.fr/image.ashx?id=3010443&use=l&cat=p&typeid=i","cat":284502},{"id":33309,"n":"Galettes de maïs Bio Village x19 - 130g","p":0.91,"u":"7,00 €/KG","img":"https://fd8-photos.leclercdrive.fr/image.ashx?id=1959490&use=l&cat=p&typeid=i","cat":318651},{"id":33334,"n":"Crème hydratante Mots d'Enfants Bébé - 100ml","p":2.38,"u":"23,80 €/L","img":"https://fd8-photos.leclercdrive.fr/image.ashx?id=3014218&use=l&cat=p&typeid=i","cat":284741},{"id":33335,"n":"Eau nettoyante Mots d'Enfants Hydratante - 750ml","p":3.15,"u":"4,20 €/L","img":"https://fd8-photos.leclercdrive.fr/image.ashx?id=3015075&use=l&cat=p&typeid=i","cat":284741},{"id":33336,"n":"Gel lavant bébé Mots d'Enfants Corps et cheveux - 750ml","p":3.15,"u":"4,20 €/L","img":"https://fd8-photos.leclercdrive.fr/image.ashx?id=3014224&use=l&cat=p&typeid=i","cat":284740},{"id":33442,"n":"Cocktail fruits de mer Escal 900g","p":10.92,"u":"12,13 €/KG","img":"https://fd8-photos.leclercdrive.fr/image.ashx?id=2438609&use=l&cat=p&typeid=i","cat":319787},{"id":33503,"n":"Salade & Cie Sodebo Antibes Thon riz - 320g","p":3.19,"u":"9,97 €/KG","img":"https://fd8-photos.leclercdrive.fr/image.ashx?id=2799431&use=l&cat=p&typeid=i","cat":333657},{"id":33551,"n":"Bloc de foie gras Dégustation Labeyrie 30% morceaux - 300g","p":22.11,"u":"73,70 €/KG","img":"https://fd8-photos.leclercdrive.fr/image.ashx?id=2770359&use=l&cat=p&typeid=i","cat":316008},{"id":33575,"n":"Pain d'épices Labeyrie Spécial foie gras - 150g","p":3.07,"u":"20,47 €/KG","img":"https://fd8-photos.leclercdrive.fr/image.ashx?id=2923501&use=l&cat=p&typeid=i","cat":316008},{"id":33577,"n":"Confit d'oignons Labeyrie 50g","p":1.96,"u":"39,20 €/KG","img":"https://fd8-photos.leclercdrive.fr/image.ashx?id=2923510&use=l&cat=p&typeid=i","cat":316008},{"id":33582,"n":"Fromage à tartiner Boursin Poivre - 150g","p":2.39,"u":"15,93 €/KG","img":"https://fd8-photos.leclercdrive.fr/image.ashx?id=2962284&use=l&cat=p&typeid=i","cat":314029},{"id":33583,"n":"Dés de fromage salade Boursin Figue et 3 noix - 120g","p":2.25,"u":"18,75 €/KG","img":"https://fd8-photos.leclercdrive.fr/image.ashx?id=2865668&use=l&cat=p&typeid=i","cat":314027},{"id":33594,"n":"Cacahuètes  Benenuts Grillées salées - 220g","p":1.31,"u":"5,95 €/KG","img":"https://fd8-photos.leclercdrive.fr/image.ashx?id=2418762&use=l&cat=p&typeid=i","cat":284448},{"id":33595,"n":"Monster Munch Salé - 85g","p":0.99,"u":"11,65 €/KG","img":"https://fd8-photos.leclercdrive.fr/image.ashx?id=2971598&use=l&cat=p&typeid=i","cat":284449},{"id":33596,"n":"Monster Munch Jambon fromage - 85g","p":1.04,"u":"12,24 €/KG","img":"https://fd8-photos.leclercdrive.fr/image.ashx?id=2971604&use=l&cat=p&typeid=i","cat":284449},{"id":33600,"n":"Monster Munch Ketchup - 85g","p":1.07,"u":"12,59 €/KG","img":"https://fd8-photos.leclercdrive.fr/image.ashx?id=2996932&use=l&cat=p&typeid=i","cat":284449},{"id":33649,"n":"Blanc de poulet Fleury Michon Halal x6 - 180g","p":2.96,"u":"16,44 €/KG","img":"https://fd8-photos.leclercdrive.fr/image.ashx?id=2886717&use=l&cat=p&typeid=i","cat":316013},{"id":33667,"n":"Crème de cassis Auguste Mugniot 15%vol. - 70cl","p":4.89,"u":"6,99 €/L","img":"https://fd8-photos.leclercdrive.fr/image.ashx?id=1211501&use=l&cat=p&typeid=i","cat":286032},{"id":33680,"n":"Croquettes grands chiens Lydog Boeuf Volaille - 14.5kg","p":18.7,"u":"1,29 €/KG","img":"https://fd8-photos.leclercdrive.fr/image.ashx?id=2054975&use=l&cat=p&typeid=i","cat":284672},{"id":33697,"n":"Cuisses de poulet Maître Coq 1.4kg","p":5.91,"u":"4,22 €/KG","img":"https://fd8-photos.leclercdrive.fr/image.ashx?id=2551126&use=l&cat=p&typeid=i","cat":284336},{"id":33745,"n":"IGP Pays d'Oc rosé Cinsault  Syrah Ormes de Cambras - BIB 5L","p":15.9,"u":"3,18 €/L","img":"https://fd8-photos.leclercdrive.fr/image.ashx?id=2445118&use=l&cat=p&typeid=i","cat":289560},{"id":33749,"n":"IGP Terres du Midi Listel Vin rosé 12% vol - BIB 3L","p":13.0,"u":"4,33 €/L","img":"https://fd8-photos.leclercdrive.fr/image.ashx?id=2883468&use=l&cat=p&typeid=i","cat":289560},{"id":33751,"n":"Vin rouge Les Combelles Côtes du Rhône AOC - 75cl","p":4.44,"u":"5,92 €/L","img":"https://fd8-photos.leclercdrive.fr/image.ashx?id=2908975&use=l&cat=p&typeid=i","cat":289556},{"id":33757,"n":"Vin blanc  Mâcon Villages - 75cl","p":7.25,"u":"9,67 €/L","img":"https://fd8-photos.leclercdrive.fr/image.ashx?id=1758376&use=l&cat=p&typeid=i","cat":289557},{"id":33773,"n":"Biscuits petit dej P'tit Déli  Multi céréales - 400g","p":1.84,"u":"4,60 €/KG","img":"https://fd8-photos.leclercdrive.fr/image.ashx?id=2999505&use=l&cat=p&typeid=i","cat":284491},{"id":33792,"n":"Crème mains bio Bio NaÏa Hydratante - 100ml","p":1.99,"u":"19,90 €/L","img":"https://fd8-photos.leclercdrive.fr/image.ashx?id=2558811&use=l&cat=p&typeid=i","cat":325354},{"id":33802,"n":"Lait Démaquillant bio Bio Naïa Visage 250ml","p":2.56,"u":"10,24 €/L","img":"https://fd8-photos.leclercdrive.fr/image.ashx?id=2399752&use=l&cat=p&typeid=i","cat":284603},{"id":33804,"n":"Déodorant Manava Douceur satin 200ml","p":1.44,"u":"7,20 €/L","img":"https://fd8-photos.leclercdrive.fr/image.ashx?id=2835202&use=l&cat=p&typeid=i","cat":284595},{"id":33805,"n":"Lingettes désinfectantes Clair Anti-bactériennes x40","p":1.05,"u":"0,03 €/P","img":"https://fd8-photos.leclercdrive.fr/image.ashx?id=2768095&use=l&cat=p&typeid=i","cat":325358},{"id":33811,"n":"Pastis de Marseille 45%vol - 1L","p":16.35,"u":"16,35 €/L","img":"https://fd8-photos.leclercdrive.fr/image.ashx?id=2637817&use=l&cat=p&typeid=i","cat":284548},{"id":33820,"n":"Friandises chat Catisfactions Saumon - 60g","p":1.11,"u":"18,50 €/KG","img":"https://fd8-photos.leclercdrive.fr/image.ashx?id=2912605&use=l&cat=p&typeid=i","cat":285285},{"id":33847,"n":"Pur jus multifruits Jafaden Orange Ananas Mangue - 1L","p":2.29,"u":"2,29 €/L","img":"https://fd8-photos.leclercdrive.fr/image.ashx?id=2841160&use=l&cat=p&typeid=i","cat":284917},{"id":33849,"n":"Shampooing bio Bio naïa 250ml","p":1.8,"u":"7,20 €/L","img":"https://fd8-photos.leclercdrive.fr/image.ashx?id=2822117&use=l&cat=p&typeid=i","cat":284606},{"id":33850,"n":"Eponges multi-usage Mamison Vertes - X6","p":1.75,"u":"0,29 €/P","img":"https://fd8-photos.leclercdrive.fr/image.ashx?id=2175768&use=l&cat=p&typeid=i","cat":284667},{"id":33852,"n":"Cubes allume-feu Silex x72 cubes","p":3.05,"u":"0,04 €/P","img":"https://fd8-photos.leclercdrive.fr/image.ashx?id=1304486&use=l&cat=p&typeid=i","cat":300578},{"id":33882,"n":"Farfalle Bio Village Bio Au blé complet - 500g","p":1.95,"u":"3,90 €/KG","img":"https://fd8-photos.leclercdrive.fr/image.ashx?id=2625373&use=l&cat=p&typeid=i","cat":284427},{"id":33885,"n":"Olives noires  Rustica Dénoyautées - 180g","p":1.23,"u":"6,83 €/KG","img":"https://fd8-photos.leclercdrive.fr/image.ashx?id=1698893&use=l&cat=p&typeid=i","cat":284458},{"id":33887,"n":"Pains grillés complet Epi d'or 400g","p":1.57,"u":"3,93 €/KG","img":"https://fd8-photos.leclercdrive.fr/image.ashx?id=2555943&use=l&cat=p&typeid=i","cat":284479},{"id":33889,"n":"Pain précuit Epi d'or Petits pains x6 - 300g","p":0.99,"u":"3,30 €/KG","img":"https://fd8-photos.leclercdrive.fr/image.ashx?id=1905869&use=l&cat=p&typeid=i","cat":325069},{"id":33891,"n":"Paëlla royale Côté Table 300g","p":3.39,"u":"11,30 €/KG","img":"https://fd8-photos.leclercdrive.fr/image.ashx?id=2393872&use=l&cat=p&typeid=i","cat":284953},{"id":33893,"n":"Penne Bio Village  Bio - 500g","p":0.89,"u":"1,78 €/KG","img":"https://fd8-photos.leclercdrive.fr/image.ashx?id=2625370&use=l&cat=p&typeid=i","cat":284427},{"id":33910,"n":"Biscuit Petit beurre P'tit Déli Chocolat noir pocket - 250g","p":2.39,"u":"9,56 €/KG","img":"https://fd8-photos.leclercdrive.fr/image.ashx?id=2919616&use=l&cat=p&typeid=i","cat":284488},{"id":33914,"n":"Tartines craquante  Sans Gluten - 2x125g","p":2.59,"u":"10,36 €/KG","img":"https://fd8-photos.leclercdrive.fr/image.ashx?id=2518550&use=l&cat=p&typeid=i","cat":318654},{"id":33915,"n":"Veau aux légumes Côté table Barquette 280g","p":2.29,"u":"8,18 €/KG","img":"https://fd8-photos.leclercdrive.fr/image.ashx?id=2476152&use=l&cat=p&typeid=i","cat":284953},{"id":33917,"n":"Thon entier Pêche Océan Huile d'olive - 160g","p":2.29,"u":"14,31 €/KG","img":"https://fd8-photos.leclercdrive.fr/image.ashx?id=2942199&use=l&cat=p&typeid=i","cat":303867},{"id":33918,"n":"Pâtes torsettes Turini Blé complet - 500g","p":0.99,"u":"1,98 €/KG","img":"https://fd8-photos.leclercdrive.fr/image.ashx?id=2607527&use=l&cat=p&typeid=i","cat":284427},{"id":33923,"n":"Filets d'Anchois Pêche Océan Marinés Nature - 100g","p":1.99,"u":"19,90 €/KG","img":"https://fd8-photos.leclercdrive.fr/image.ashx?id=2992513&use=l&cat=p&typeid=i","cat":285190},{"id":33924,"n":"Betterave Notre Jardin Rouge entière - 250g","p":0.65,"u":"2,60 €/KG","img":"https://fd8-photos.leclercdrive.fr/image.ashx?id=2587106&use=l&cat=p&typeid=i","cat":284352},{"id":33925,"n":"Hachés au thon Pêche Océan Albacore à la tomate - 200g","p":2.7,"u":"13,50 €/KG","img":"https://fd8-photos.leclercdrive.fr/image.ashx?id=2953629&use=l&cat=p&typeid=i","cat":284344},{"id":33982,"n":"Soupe de poisson NRT à la Sétoise - 780g","p":3.99,"u":"5,12 €/KG","img":"https://fd8-photos.leclercdrive.fr/image.ashx?id=2834335&use=l&cat=p&typeid=i","cat":285192},{"id":33992,"n":"Soda Coca-Cola Zéro Cherry  Bouteille - 1,25L","p":1.58,"u":"1,26 €/L","img":"https://fd8-photos.leclercdrive.fr/image.ashx?id=2678158&use=l&cat=p&typeid=i","cat":284530},{"id":34006,"n":"Boisson aux fruits Capri Sun Tropical - 10x20cl","p":3.38,"u":"1,69 €/L","img":"https://fd8-photos.leclercdrive.fr/image.ashx?id=2506399&use=l&cat=p&typeid=i","cat":295018},{"id":34106,"n":"Dosettes café Plantation  Classique - x36 - 250g","p":3.72,"u":"14,88 €/KG","img":"https://fd8-photos.leclercdrive.fr/image.ashx?id=2622109&use=l&cat=p&typeid=i","cat":293238},{"id":34107,"n":"Dosettes café Plantation  Corsé - x36 - 250g","p":3.72,"u":"14,88 €/KG","img":"https://fd8-photos.leclercdrive.fr/image.ashx?id=2622112&use=l&cat=p&typeid=i","cat":293238},{"id":34175,"n":"Bouillon de boeuf Jardin Bio' Bio cube sans huile palme - x8","p":2.02,"u":"25,25 €/KG","img":"https://fd8-photos.leclercdrive.fr/image.ashx?id=2535532&use=l&cat=p&typeid=i","cat":288379},{"id":34176,"n":"Bouillon de légumes Jardin Bio' Bio cube sans huile palme x10","p":1.96,"u":"21,78 €/KG","img":"https://fd8-photos.leclercdrive.fr/image.ashx?id=2990844&use=l&cat=p&typeid=i","cat":288379},{"id":34177,"n":"Effilés aux legumes Purina One Poulet / Boeufs - 4x85g","p":2.15,"u":"6,32 €/KG","img":"https://fd8-photos.leclercdrive.fr/image.ashx?id=2467483&use=l&cat=p&typeid=i","cat":285286},{"id":34178,"n":"Sachet repas chats Purina One Viandes et Poissons - 4x85g","p":2.14,"u":"6,29 €/KG","img":"https://fd8-photos.leclercdrive.fr/image.ashx?id=2467486&use=l&cat=p&typeid=i","cat":285286},{"id":34180,"n":"Gants jetables Mamison latex Taille M x100","p":5.49,"u":"0,05 €/P","img":"https://fd8-photos.leclercdrive.fr/image.ashx?id=1947725&use=l&cat=p&typeid=i","cat":284668},{"id":34183,"n":"Tortilla Tables du monde Oignons 500g","p":2.89,"u":"5,78 €/KG","img":"https://fd8-photos.leclercdrive.fr/image.ashx?id=794123&use=l&cat=p&typeid=i","cat":333673},{"id":34185,"n":"Filets poulet jaune Maitre coq 600g","p":6.32,"u":"10,53 €/KG","img":"https://fd8-photos.leclercdrive.fr/image.ashx?id=2551159&use=l&cat=p&typeid=i","cat":284336},{"id":34187,"n":"Aiguillettes poulet Maitre coq Jaune - 450g","p":5.84,"u":"12,98 €/KG","img":"https://fd8-photos.leclercdrive.fr/image.ashx?id=2551165&use=l&cat=p&typeid=i","cat":284336},{"id":34189,"n":"Poulet Label Rouge Jaune  IGP Volailles du Maine  1,25kg","p":11.9,"u":"9,52 €/KG","img":"https://fd8-photos.leclercdrive.fr/image.ashx?id=2411749&use=l&cat=p&typeid=i","cat":284336},{"id":34196,"n":"Gratin Fleury Michon Choux-fleur jambon 280g","p":3.18,"u":"11,36 €/KG","img":"https://fd8-photos.leclercdrive.fr/image.ashx?id=3003293&use=l&cat=p&typeid=i","cat":333665},{"id":34200,"n":"Cuisse de poulet Douce France Blanc déjointées x2 - 500g","p":2.79,"u":"5,58 €/KG","img":"https://fd8-photos.leclercdrive.fr/image.ashx?id=2305330&use=l&cat=p&typeid=i","cat":284336},{"id":34203,"n":"Tortilla Tables du monde Nature 500g","p":2.89,"u":"5,78 €/KG","img":"https://fd8-photos.leclercdrive.fr/image.ashx?id=654051&use=l&cat=p&typeid=i","cat":333673},{"id":34241,"n":"Manchons de poulet Côté Croc Barbecue - 250g","p":2.49,"u":"9,96 €/KG","img":"https://fd8-photos.leclercdrive.fr/image.ashx?id=2560482&use=l&cat=p&typeid=i","cat":333685},{"id":34327,"n":"Dosettes café Plantation Noisette - x10 - 70g","p":1.82,"u":"26,00 €/KG","img":"https://fd8-photos.leclercdrive.fr/image.ashx?id=2664578&use=l&cat=p&typeid=i","cat":293238},{"id":34332,"n":"Vodka Sobieski  37,5%vol - 1L","p":15.72,"u":"15,72 €/L","img":"https://fd8-photos.leclercdrive.fr/image.ashx?id=2948477&use=l&cat=p&typeid=i","cat":284550},{"id":34350,"n":"Shampooing sec Vitanove Cheveux normaux - 150ml","p":1.87,"u":"12,47 €/L","img":"https://fd8-photos.leclercdrive.fr/image.ashx?id=2669720&use=l&cat=p&typeid=i","cat":289143},{"id":34361,"n":"Préparation pain Tablier Blanc Farine pour pain nature - 1kg","p":1.35,"u":"1,35 €/KG","img":"https://fd8-photos.leclercdrive.fr/image.ashx?id=2832951&use=l&cat=p&typeid=i","cat":284503},{"id":34406,"n":"Dosettes café Plantation  Décaféiné - x36 - 250g","p":3.99,"u":"15,96 €/KG","img":"https://fd8-photos.leclercdrive.fr/image.ashx?id=2824274&use=l&cat=p&typeid=i","cat":293238},{"id":34500,"n":"Dosettes café Plantation  Classique - x48 - 336g","p":4.95,"u":"14,73 €/KG","img":"https://fd8-photos.leclercdrive.fr/image.ashx?id=2824271&use=l&cat=p&typeid=i","cat":293238},{"id":34633,"n":"Vinaigre blanc Saas Melfor Vinaigre d'alcool - 1L","p":0.8,"u":"0,80 €/L","img":"https://fd8-photos.leclercdrive.fr/image.ashx?id=2354812&use=l&cat=p&typeid=i","cat":298543},{"id":34660,"n":"Pruneaux d'Agen Couleurs Vives Dénoyautés - 250g","p":2.99,"u":"11,96 €/KG","img":"https://fd8-photos.leclercdrive.fr/image.ashx?id=2093129&use=l&cat=p&typeid=i","cat":284357},{"id":34670,"n":"Oignons jaunes Filière Panier du Primeur Filet 1kg","p":1.99,"u":"1,99 €/KG","img":"https://fd8-photos.leclercdrive.fr/image.ashx?id=2953734&use=l&cat=p&typeid=i","cat":284352},{"id":34671,"n":"Echalote traditionnelle filière Panier du Primeur Filet 250g","p":0.99,"u":"3,96 €/KG","img":"https://fd8-photos.leclercdrive.fr/image.ashx?id=2965500&use=l&cat=p&typeid=i","cat":284352},{"id":34672,"n":"Ail blanc Panier du Primeur A mijoter et à confire x3","p":2.99,"u":"1,00 €/P","img":"https://fd8-photos.leclercdrive.fr/image.ashx?id=2958720&use=l&cat=p&typeid=i","cat":284352},{"id":34679,"n":"Eponges grattantes Mamison Couleurs pop x2","p":1.38,"u":"0,69 €/P","img":"https://fd8-photos.leclercdrive.fr/image.ashx?id=2207724&use=l&cat=p&typeid=i","cat":284667},{"id":34684,"n":"Eponges grattantes Mamison Fibres naturelles X2","p":1.28,"u":"0,64 €/P","img":"https://fd8-photos.leclercdrive.fr/image.ashx?id=2387088&use=l&cat=p&typeid=i","cat":284667},{"id":34693,"n":"Briochettes pépites Epi d'Or Chocolat au lait x12 - 500g","p":2.44,"u":"4,88 €/KG","img":"https://fd8-photos.leclercdrive.fr/image.ashx?id=2867913&use=l&cat=p&typeid=i","cat":293505},{"id":34694,"n":"Briochettes pépites Epi d'Or Chocolat - x12 500g","p":2.79,"u":"5,58 €/KG","img":"https://fd8-photos.leclercdrive.fr/image.ashx?id=2867910&use=l&cat=p&typeid=i","cat":293505},{"id":34763,"n":"Huile Cheveux Elsève Sublimateur Cheveu sec - 100ml","p":11.05,"u":"110,50 €/L","img":"https://fd8-photos.leclercdrive.fr/image.ashx?id=2870671&use=l&cat=p&typeid=i","cat":284608},{"id":34813,"n":"Thé Britley Citron - x25 - 40g","p":0.88,"u":"22,00 €/KG","img":"https://fd8-photos.leclercdrive.fr/image.ashx?id=2897784&use=l&cat=p&typeid=i","cat":293233},{"id":34839,"n":"Salade Pierre Martinet Lentilles et oignons - 300g","p":1.8,"u":"6,00 €/KG","img":"https://fd8-photos.leclercdrive.fr/image.ashx?id=2683034&use=l&cat=p&typeid=i","cat":333657},{"id":34841,"n":"Rillettes Tradilège poulet rôti 220g","p":1.79,"u":"8,14 €/KG","img":"https://fd8-photos.leclercdrive.fr/image.ashx?id=2930924&use=l&cat=p&typeid=i","cat":316008},{"id":34845,"n":"IGP Vinaigre balsamique Maille 50cl","p":3.32,"u":"6,64 €/L","img":"https://fd8-photos.leclercdrive.fr/image.ashx?id=2866178&use=l&cat=p&typeid=i","cat":298543},{"id":34908,"n":"Fromage frais Petit Yoplait Nature 3.8%MG - 6x60g","p":1.38,"u":"3,83 €/KG","img":"https://fd8-photos.leclercdrive.fr/image.ashx?id=2811026&use=l&cat=p&typeid=i","cat":284409},{"id":34919,"n":"Fromage frais Petit Yoplait Nature 0%MG - 12x60g","p":2.24,"u":"3,11 €/KG","img":"https://fd8-photos.leclercdrive.fr/image.ashx?id=2811023&use=l&cat=p&typeid=i","cat":315000},{"id":34943,"n":"Blanc de poulet Fleury Michon rôti à la broche x4 - 120g","p":1.62,"u":"13,50 €/KG","img":"https://fd8-photos.leclercdrive.fr/image.ashx?id=2977288&use=l&cat=p&typeid=i","cat":316010},{"id":34952,"n":"Ratatouille à la Provençale NRT 650g","p":3.3,"u":"5,08 €/KG","img":"https://fd8-photos.leclercdrive.fr/image.ashx?id=2771390&use=l&cat=p&typeid=i","cat":312612},{"id":34964,"n":"Eau de source Cristaline 1,5L","p":0.17,"u":"0,11 €/L","img":"https://fd8-photos.leclercdrive.fr/image.ashx?id=2170628&use=l&cat=p&typeid=i","cat":284535},{"id":34971,"n":"Bière ambrée Kwak 33cl","p":2.0,"u":"6,06 €/L","img":"https://fd8-photos.leclercdrive.fr/image.ashx?id=1881584&use=l&cat=p&typeid=i","cat":334872},{"id":34973,"n":"Bière Trois Monts Grande réserve 9.5%vol. - 75cl","p":3.02,"u":"4,03 €/L","img":"https://fd8-photos.leclercdrive.fr/image.ashx?id=2548376&use=l&cat=p&typeid=i","cat":334852},{"id":34975,"n":"Bière Cuvée des Trolls Blonde - 7.5%vol. - 75cl","p":5.06,"u":"6,75 €/L","img":"https://fd8-photos.leclercdrive.fr/image.ashx?id=2611083&use=l&cat=p&typeid=i","cat":334872},{"id":34982,"n":"Bûche chèvre Soignon 200g","p":2.25,"u":"11,25 €/KG","img":"https://fd8-photos.leclercdrive.fr/image.ashx?id=2995325&use=l&cat=p&typeid=i","cat":314031},{"id":34999,"n":"Nuggets Croustillant Père Dodu  Poulet x10 - 200g","p":2.25,"u":"11,25 €/KG","img":"https://fd8-photos.leclercdrive.fr/image.ashx?id=2956975&use=l&cat=p&typeid=i","cat":333684},{"id":35006,"n":"Aiguillettes canard Volandrie 210g","p":4.85,"u":"23,10 €/KG","img":"https://fd8-photos.leclercdrive.fr/image.ashx?id=2358351&use=l&cat=p&typeid=i","cat":284339},{"id":35008,"n":"Céréales Special K Kellogg's Nature - 750g","p":3.99,"u":"5,32 €/KG","img":"https://fd8-photos.leclercdrive.fr/image.ashx?id=2586288&use=l&cat=p&typeid=i","cat":309512},{"id":35018,"n":"Bouillon de poule Jardin Bio' Bio cube sans huile palme - x8","p":1.72,"u":"21,50 €/KG","img":"https://fd8-photos.leclercdrive.fr/image.ashx?id=2535004&use=l&cat=p&typeid=i","cat":288379},{"id":35023,"n":"Sirop d'agave bio Jardin Bio' 50cl","p":6.45,"u":"12,90 €/L","img":"https://fd8-photos.leclercdrive.fr/image.ashx?id=2747061&use=l&cat=p&typeid=i","cat":287643},{"id":35025,"n":"Infusion bio Jardin Bio' Verveine citronée x20 28g","p":2.22,"u":"79,29 €/KG","img":"https://fd8-photos.leclercdrive.fr/image.ashx?id=2985312&use=l&cat=p&typeid=i","cat":293234},{"id":35026,"n":"Concentré de tomate Jardin Bio Bio Double concentré - 200g","p":1.71,"u":"8,55 €/KG","img":"https://fd8-photos.leclercdrive.fr/image.ashx?id=2535469&use=l&cat=p&typeid=i","cat":288384},{"id":35027,"n":"Dessert fruitier bio Jardin Bio Pomme poire 680g","p":2.68,"u":"3,94 €/KG","img":"https://fd8-photos.leclercdrive.fr/image.ashx?id=2939877&use=l&cat=p&typeid=i","cat":284508},{"id":35031,"n":"Batonnets Fritelle Lay's Goût nature - 80g","p":0.77,"u":"9,63 €/KG","img":"https://fd8-photos.leclercdrive.fr/image.ashx?id=2140635&use=l&cat=p&typeid=i","cat":284449},{"id":35034,"n":"Eau minérale gazeuse Perrier  Canettes - 6x33cl","p":2.79,"u":"1,41 €/L","img":"https://fd8-photos.leclercdrive.fr/image.ashx?id=2672554&use=l&cat=p&typeid=i","cat":284536},{"id":35039,"n":"Dosettes café Plantation Corsé - x48 - 336g","p":4.95,"u":"14,73 €/KG","img":"https://fd8-photos.leclercdrive.fr/image.ashx?id=2622115&use=l&cat=p&typeid=i","cat":293238},{"id":35046,"n":"Sangria Festalie 7%vol. - 3L","p":3.65,"u":"1,22 €/L","img":"https://fd8-photos.leclercdrive.fr/image.ashx?id=2515497&use=l&cat=p&typeid=i","cat":286032},{"id":35089,"n":"Chips extra craquantes Vico Nature - 270g","p":2.06,"u":"7,63 €/KG","img":"https://fd8-photos.leclercdrive.fr/image.ashx?id=2917807&use=l&cat=p&typeid=i","cat":284447},{"id":35108,"n":"Bière blonde Affligem 6,7%vol. - 12x25cl","p":9.53,"u":"3,18 €/L","img":"https://fd8-photos.leclercdrive.fr/image.ashx?id=2639405&use=l&cat=p&typeid=i","cat":334852},{"id":35117,"n":"Riste d'aubergines provençale NRT - 650g","p":3.99,"u":"6,14 €/KG","img":"https://fd8-photos.leclercdrive.fr/image.ashx?id=2771387&use=l&cat=p&typeid=i","cat":284441},{"id":35138,"n":"Yaourt SMARTIES Vanille bonbons chocolat 4x120g","p":2.45,"u":"5,10 €/KG","img":"https://fd8-photos.leclercdrive.fr/image.ashx?id=2571038&use=l&cat=p&typeid=i","cat":284414},{"id":35146,"n":"Fromages râpé spécial Pizza  Les Croisés - 125g","p":1.62,"u":"12,96 €/KG","img":"https://fd8-photos.leclercdrive.fr/image.ashx?id=2946175&use=l&cat=p&typeid=i","cat":314035},{"id":35147,"n":"Fromage Cheddar Burger Les Croisés 20 Tranches - 340g","p":1.99,"u":"5,85 €/KG","img":"https://fd8-photos.leclercdrive.fr/image.ashx?id=2946844&use=l&cat=p&typeid=i","cat":314028},{"id":35148,"n":"Fromage Emmental Croque Les Croisés 20 Tranches - 340g","p":2.01,"u":"5,91 €/KG","img":"https://fd8-photos.leclercdrive.fr/image.ashx?id=2946850&use=l&cat=p&typeid=i","cat":314028},{"id":35155,"n":"Tablette de chocolat noir Lindt Fleur de sel - 100g","p":2.25,"u":"22,50 €/KG","img":"https://fd8-photos.leclercdrive.fr/image.ashx?id=2681595&use=l&cat=p&typeid=i","cat":284956},{"id":35159,"n":"Croco Haribo Sachet bonbons - 280g","p":1.27,"u":"4,54 €/KG","img":"https://fd8-photos.leclercdrive.fr/image.ashx?id=2446467&use=l&cat=p&typeid=i","cat":304250},{"id":35160,"n":"Croissants Pasquier x16 - 640g","p":3.75,"u":"5,86 €/KG","img":"https://fd8-photos.leclercdrive.fr/image.ashx?id=2853056&use=l&cat=p&typeid=i","cat":296366},{"id":35173,"n":"Joker Le Fruit Jus multifruits  1,5L","p":2.54,"u":"1,69 €/L","img":"https://fd8-photos.leclercdrive.fr/image.ashx?id=2785727&use=l&cat=p&typeid=i","cat":284917},{"id":35174,"n":"Jus d'orange Joker Le Fruit 1,5L","p":3.3,"u":"2,20 €/L","img":"https://fd8-photos.leclercdrive.fr/image.ashx?id=2785733&use=l&cat=p&typeid=i","cat":284521},{"id":35182,"n":"Boisson énergisante Monster Original - 50cl","p":1.34,"u":"2,68 €/L","img":"https://fd8-photos.leclercdrive.fr/image.ashx?id=2510163&use=l&cat=p&typeid=i","cat":284533},{"id":35183,"n":"Boisson énergisante Monster Original Canette - 4x50cl","p":5.38,"u":"2,69 €/L","img":"https://fd8-photos.leclercdrive.fr/image.ashx?id=2210242&use=l&cat=p&typeid=i","cat":284533},{"id":35185,"n":"Eau aromatisée Volvic Juicy Citronnade - 1,5L","p":1.46,"u":"0,97 €/L","img":"https://fd8-photos.leclercdrive.fr/image.ashx?id=3011008&use=l&cat=p&typeid=i","cat":284537},{"id":35262,"n":"yaourt aux fruits bifidus activia 0%mg - 12x125g","p":4.76,"u":"3,17 €/KG","img":"https://fd8-photos.leclercdrive.fr/image.ashx?id=2741697&use=l&cat=p&typeid=i","cat":315000},{"id":35274,"n":"Cervelas Supérieur Herta 200g","p":1.55,"u":"7,75 €/KG","img":"https://fd8-photos.leclercdrive.fr/image.ashx?id=2310281&use=l&cat=p&typeid=i","cat":316012},{"id":35285,"n":"Petits muffins Bonne Maman Chocolat - 235g","p":2.7,"u":"11,49 €/KG","img":"https://fd8-photos.leclercdrive.fr/image.ashx?id=2744052&use=l&cat=p&typeid=i","cat":284495},{"id":35296,"n":"Filet poulet Tradilège rôti sans nitrite 4 tranches - 120g","p":1.89,"u":"15,75 €/KG","img":"https://fd8-photos.leclercdrive.fr/image.ashx?id=2989790&use=l&cat=p&typeid=i","cat":316010},{"id":35300,"n":"Jambon supérieur Tradilège À l'étouffée 6 tranches - 240g","p":2.92,"u":"12,17 €/KG","img":"https://fd8-photos.leclercdrive.fr/image.ashx?id=2155339&use=l&cat=p&typeid=i","cat":316009},{"id":35308,"n":"Beurre Tendre Elle&Vire Demi-Sel - 80% MG - 250g","p":2.96,"u":"11,84 €/KG","img":"https://fd8-photos.leclercdrive.fr/image.ashx?id=2604773&use=l&cat=p&typeid=i","cat":284379},{"id":35309,"n":"Beurre Tendre Elle&Vire Doux - 82% MG - 250g","p":2.96,"u":"11,84 €/KG","img":"https://fd8-photos.leclercdrive.fr/image.ashx?id=2765629&use=l&cat=p&typeid=i","cat":284379},{"id":35327,"n":"Miel de Poitou-Charentes  NRT - 375g","p":5.79,"u":"15,44 €/KG","img":"https://fd8-photos.leclercdrive.fr/image.ashx?id=2771396&use=l&cat=p&typeid=i","cat":287643},{"id":35333,"n":"Bain de bouche Sanogyl Multi Protection - 500ml","p":3.38,"u":"6,76 €/L","img":"https://fd8-photos.leclercdrive.fr/image.ashx?id=2638256&use=l&cat=p&typeid=i","cat":284613},{"id":35378,"n":"Lames Xtreme 3 Wilkinson x8","p":13.85,"u":"1,73 €/P","img":"https://fd8-photos.leclercdrive.fr/image.ashx?id=1898723&use=l&cat=p&typeid=i","cat":284616},{"id":35388,"n":"Déodorant Compressé Monsavon Anti-Transpirant Coton 100ml","p":2.2,"u":"22,00 €/L","img":"https://fd8-photos.leclercdrive.fr/image.ashx?id=2797437&use=l&cat=p&typeid=i","cat":284595},{"id":35398,"n":"Eau Micellaire Garnier Peaux Sensibles - 400ml","p":2.83,"u":"7,08 €/L","img":"https://fd8-photos.leclercdrive.fr/image.ashx?id=2926593&use=l&cat=p&typeid=i","cat":284603},{"id":35425,"n":"Déodorant spray Monsavon Fleur de cerisier - 100ml","p":2.57,"u":"25,70 €/L","img":"https://fd8-photos.leclercdrive.fr/image.ashx?id=2904628&use=l&cat=p&typeid=i","cat":284595},{"id":35433,"n":"Tampons Doulys Compact Super plus - x20","p":2.6,"u":"0,13 €/P","img":"https://fd8-photos.leclercdrive.fr/image.ashx?id=2965509&use=l&cat=p&typeid=i","cat":284626},{"id":35450,"n":"Recharge Savon Mains Dettol Aloe Vera Hydratant 250ml","p":3.32,"u":"13,28 €/L","img":"https://fd8-photos.leclercdrive.fr/image.ashx?id=2879134&use=l&cat=p&typeid=i","cat":284597},{"id":35503,"n":"Gel à raser Williams Peaux sensibles 200ml","p":2.54,"u":"12,70 €/L","img":"https://fd8-photos.leclercdrive.fr/image.ashx?id=1966625&use=l&cat=p&typeid=i","cat":284617},{"id":35530,"n":"Mouchoirs en papier Lotus Boîte x1 - 80 mouchoirs","p":1.41,"u":"0,02 €/P","img":"https://fd8-photos.leclercdrive.fr/image.ashx?id=2867368&use=l&cat=p&typeid=i","cat":284638},{"id":35646,"n":"Bière blonde Falsbourg Canette - 4.2%vol. - 50cl","p":0.69,"u":"1,38 €/L","img":"https://fd8-photos.leclercdrive.fr/image.ashx?id=2637904&use=l&cat=p&typeid=i","cat":334853},{"id":35647,"n":"Bière blonde Falsbourg Canette - 4.2%vol. - 6x33cl","p":2.69,"u":"1,36 €/L","img":"https://fd8-photos.leclercdrive.fr/image.ashx?id=2637913&use=l&cat=p&typeid=i","cat":334853},{"id":35648,"n":"Boudin blanc Tradilège Aux morilles x3 - 375g","p":2.99,"u":"7,97 €/KG","img":"https://fd8-photos.leclercdrive.fr/image.ashx?id=2080801&use=l&cat=p&typeid=i","cat":316012},{"id":35649,"n":"Petits boudins créole Tradilège Au piment de Cayenne - 300g","p":3.44,"u":"11,47 €/KG","img":"https://fd8-photos.leclercdrive.fr/image.ashx?id=2651810&use=l&cat=p&typeid=i","cat":316012},{"id":35650,"n":"Minis boudins blancs Tradilège Noix de muscade et porto - 300g","p":3.99,"u":"13,30 €/KG","img":"https://fd8-photos.leclercdrive.fr/image.ashx?id=2821007&use=l&cat=p&typeid=i","cat":316012},{"id":35716,"n":"Gourdes Goûters lactés Délisse Vanille - 4x85g","p":1.81,"u":"5,32 €/KG","img":"https://fd8-photos.leclercdrive.fr/image.ashx?id=2681427&use=l&cat=p&typeid=i","cat":284506},{"id":35728,"n":"Spécialité au soja Nat & Vie Framboise-passion 4x100g","p":1.42,"u":"3,55 €/KG","img":"https://fd8-photos.leclercdrive.fr/image.ashx?id=2901455&use=l&cat=p&typeid=i","cat":316071},{"id":35729,"n":"Tiramisu Délisse Au café - 4x80g","p":2.49,"u":"7,78 €/KG","img":"https://fd8-photos.leclercdrive.fr/image.ashx?id=2694103&use=l&cat=p&typeid=i","cat":284419},{"id":35730,"n":"Crème dessert Délisse Vanille Billes 3 chocolats 4x117g","p":2.15,"u":"4,59 €/KG","img":"https://fd8-photos.leclercdrive.fr/image.ashx?id=2965503&use=l&cat=p&typeid=i","cat":285041},{"id":35731,"n":"Crème dessert Chocolat Délisse Mix'n croc color 4x120g","p":2.09,"u":"4,35 €/KG","img":"https://fd8-photos.leclercdrive.fr/image.ashx?id=2965506&use=l&cat=p&typeid=i","cat":285041},{"id":35760,"n":"Céréales Miel Pops Kellogg's 620g","p":3.42,"u":"5,52 €/KG","img":"https://fd8-photos.leclercdrive.fr/image.ashx?id=2596952&use=l&cat=p&typeid=i","cat":309513},{"id":35761,"n":"Céréales Frosties Kellogg's 620g","p":3.4,"u":"5,48 €/KG","img":"https://fd8-photos.leclercdrive.fr/image.ashx?id=2589768&use=l&cat=p&typeid=i","cat":309513},{"id":35783,"n":"Eau de source Cristaline 1L","p":0.18,"u":"0,18 €/L","img":"https://fd8-photos.leclercdrive.fr/image.ashx?id=2650507&use=l&cat=p&typeid=i","cat":284535},{"id":35788,"n":"Café Soluble Nescafé 200g","p":5.85,"u":"29,25 €/KG","img":"https://fd8-photos.leclercdrive.fr/image.ashx?id=2810627&use=l&cat=p&typeid=i","cat":284843},{"id":35791,"n":"Flammekueche d'Alsace NRT 600g","p":4.35,"u":"7,25 €/KG","img":"https://fd8-photos.leclercdrive.fr/image.ashx?id=2743894&use=l&cat=p&typeid=i","cat":333680},{"id":35794,"n":"Biscuits Choco suprême Milka Chocolat - 300g","p":3.87,"u":"12,90 €/KG","img":"https://fd8-photos.leclercdrive.fr/image.ashx?id=2121232&use=l&cat=p&typeid=i","cat":284495},{"id":35815,"n":"Matière grasse St Hubert  Omega 3 - 52% MG - 255g","p":2.09,"u":"8,20 €/KG","img":"https://fd8-photos.leclercdrive.fr/image.ashx?id=2734093&use=l&cat=p&typeid=i","cat":315229},{"id":35816,"n":"Matière grasse St Hubert Omega3 52% MG - demi-sel - 255g","p":2.13,"u":"8,35 €/KG","img":"https://fd8-photos.leclercdrive.fr/image.ashx?id=2734096&use=l&cat=p&typeid=i","cat":315229},{"id":35820,"n":"Liquide pour cuisson Rustica végétal - 500ml","p":2.09,"u":"4,18 €/L","img":"https://fd8-photos.leclercdrive.fr/image.ashx?id=2903950&use=l&cat=p&typeid=i","cat":315229},{"id":35824,"n":"Fromage à tartiner Les Croisés Allégé Nature - 150g","p":1.24,"u":"8,27 €/KG","img":"https://fd8-photos.leclercdrive.fr/image.ashx?id=1676064&use=l&cat=p&typeid=i","cat":314029},{"id":35825,"n":"Fromage Pavé d'Affinois Original - 200g","p":2.5,"u":"12,50 €/KG","img":"https://fd8-photos.leclercdrive.fr/image.ashx?id=3002078&use=l&cat=p&typeid=i","cat":314033},{"id":35830,"n":"Yaourt La Laitière   Fruits panachés - 8x125g","p":3.79,"u":"3,79 €/KG","img":"https://fd8-photos.leclercdrive.fr/image.ashx?id=2744590&use=l&cat=p&typeid=i","cat":286006},{"id":35833,"n":"Yaourt La Laitière Citron - 4x125g","p":1.94,"u":"3,88 €/KG","img":"https://fd8-photos.leclercdrive.fr/image.ashx?id=2904065&use=l&cat=p&typeid=i","cat":286006},{"id":35838,"n":"Yaourts nature Vrai Bio - 4x125g","p":1.34,"u":"2,68 €/KG","img":"https://fd8-photos.leclercdrive.fr/image.ashx?id=2360707&use=l&cat=p&typeid=i","cat":284409},{"id":35906,"n":"Gourdes Goûters lactés Délisse Chocolat - 4x85g","p":1.75,"u":"5,15 €/KG","img":"https://fd8-photos.leclercdrive.fr/image.ashx?id=2681424&use=l&cat=p&typeid=i","cat":284506},{"id":35907,"n":"Cassoulet mitonné   William Saurin - 840g","p":2.9,"u":"3,45 €/KG","img":"https://fd8-photos.leclercdrive.fr/image.ashx?id=2890148&use=l&cat=p&typeid=i","cat":284440},{"id":35908,"n":"Cassoulet mitonné   William Saurin - 420g","p":1.87,"u":"4,45 €/KG","img":"https://fd8-photos.leclercdrive.fr/image.ashx?id=2890151&use=l&cat=p&typeid=i","cat":284441},{"id":35918,"n":"Jus de pomme Jafaden A base de concentré - 6x20cl","p":1.32,"u":"1,10 €/L","img":"https://fd8-photos.leclercdrive.fr/image.ashx?id=2366881&use=l&cat=p&typeid=i","cat":284524},{"id":35921,"n":"Pur jus de pomme Jafaden 1,5L","p":1.48,"u":"0,99 €/L","img":"https://fd8-photos.leclercdrive.fr/image.ashx?id=1936641&use=l&cat=p&typeid=i","cat":284522},{"id":35922,"n":"Bière blonde Forte Extra Strong Canette - 10%vol - 50cl","p":1.19,"u":"2,38 €/L","img":"https://fd8-photos.leclercdrive.fr/image.ashx?id=2928004&use=l&cat=p&typeid=i","cat":334853},{"id":35955,"n":"Magret de canard Périgord Nos Régions ont du Talent 410g","p":8.99,"u":"21,93 €/KG","img":"https://fd8-photos.leclercdrive.fr/image.ashx?id=2867925&use=l&cat=p&typeid=i","cat":284339},{"id":35972,"n":"Stylo Roller frixion ball Pilot Effaçable bleu x1","p":2.8,"img":"https://fd8-photos.leclercdrive.fr/image.ashx?id=2969064&use=l&cat=p&typeid=i","cat":284696},{"id":35995,"n":"Lait de toilette Mots d'Enfants Bio - 250ml","p":2.35,"u":"9,40 €/L","img":"https://fd8-photos.leclercdrive.fr/image.ashx?id=2485080&use=l&cat=p&typeid=i","cat":284741},{"id":36003,"n":"Tomate côtelée 500g","p":2.2,"u":"4,40 €/KG","img":"https://fd8-photos.leclercdrive.fr/image.ashx?id=1633259&use=l&cat=p&typeid=i","cat":284352},{"id":36009,"n":"Bâtonnets Trium Vanille Amandes x4 - 314g","p":2.05,"u":"6,53 €/KG","img":"https://fd8-photos.leclercdrive.fr/image.ashx?id=2051813&use=l&cat=p&typeid=i","cat":284265},{"id":36010,"n":"Bâtonnets Trium Vanille chocolat blanc x4 -308g","p":2.59,"u":"8,41 €/KG","img":"https://fd8-photos.leclercdrive.fr/image.ashx?id=2920776&use=l&cat=p&typeid=i","cat":284265},{"id":36037,"n":"Crème UHT Elle&Vire Fluide Entière - 30% MG - 3x20cl","p":3.29,"u":"5,48 €/L","img":"https://fd8-photos.leclercdrive.fr/image.ashx?id=3008551&use=l&cat=p&typeid=i","cat":284381},{"id":36038,"n":"Eau de source de Montagne 1,5L","p":0.28,"u":"0,19 €/L","img":"https://fd8-photos.leclercdrive.fr/image.ashx?id=2618226&use=l&cat=p&typeid=i","cat":284535},{"id":36039,"n":"Crème légère fluide UHT Délisse 12%mg - 3x20cl","p":1.84,"u":"3,07 €/L","img":"https://fd8-photos.leclercdrive.fr/image.ashx?id=2909392&use=l&cat=p&typeid=i","cat":284381},{"id":36040,"n":"Spécialité laitière UHT Délisse Semi-épaisse 4%mg - 3x20cl","p":2.21,"u":"3,68 €/L","img":"https://fd8-photos.leclercdrive.fr/image.ashx?id=3002599&use=l&cat=p&typeid=i","cat":284381},{"id":36041,"n":"Crème semi-épaisse entière UHT Délisse 30%mg - 3x20cl","p":3.5,"u":"5,83 €/L","img":"https://fd8-photos.leclercdrive.fr/image.ashx?id=2494099&use=l&cat=p&typeid=i","cat":284381},{"id":36124,"n":"Haricots blancs Notre Jardin - 500g","p":1.03,"u":"2,06 €/KG","img":"https://fd8-photos.leclercdrive.fr/image.ashx?id=2988072&use=l&cat=p&typeid=i","cat":312606},{"id":36125,"n":"Haricots blancs Notre Jardin 250g","p":0.85,"u":"3,40 €/KG","img":"https://fd8-photos.leclercdrive.fr/image.ashx?id=2448983&use=l&cat=p&typeid=i","cat":312606},{"id":36191,"n":"Allumettes fumées Tradilège VPF 2x75g","p":1.59,"u":"10,60 €/KG","img":"https://fd8-photos.leclercdrive.fr/image.ashx?id=2943680&use=l&cat=p&typeid=i","cat":316011},{"id":36193,"n":"Dés de jambon Tradilège -25% de sel - 2x75g","p":1.5,"u":"10,00 €/KG","img":"https://fd8-photos.leclercdrive.fr/image.ashx?id=2925750&use=l&cat=p&typeid=i","cat":316011},{"id":36194,"n":"Dés de jambon Tradilège Maxi format 2x125g","p":2.47,"u":"9,88 €/KG","img":"https://fd8-photos.leclercdrive.fr/image.ashx?id=2643411&use=l&cat=p&typeid=i","cat":316011},{"id":36197,"n":"Truite fumée Landvika Mini tranches - 100g","p":2.71,"u":"27,10 €/KG","img":"https://fd8-photos.leclercdrive.fr/image.ashx?id=2159415&use=l&cat=p&typeid=i","cat":285188},{"id":36198,"n":"Lardons supérieurs Tradilège Fumés maxi format 2x200g","p":3.39,"u":"8,48 €/KG","img":"https://fd8-photos.leclercdrive.fr/image.ashx?id=2921381&use=l&cat=p&typeid=i","cat":316011},{"id":36200,"n":"Coton Démaquillant Eco+ Prédécoupé - 200g","p":1.57,"u":"7,85 €/KG","img":"https://fd8-photos.leclercdrive.fr/image.ashx?id=2724535&use=l&cat=p&typeid=i","cat":285593},{"id":36201,"n":"Crème hydratante Eco+ Visage et corps - 250ml","p":1.59,"u":"6,36 €/L","img":"https://fd8-photos.leclercdrive.fr/image.ashx?id=2487410&use=l&cat=p&typeid=i","cat":325350},{"id":36202,"n":"Recharge crème lavante Eco+ Amande miel - 750ml","p":1.11,"u":"1,48 €/L","img":"https://fd8-photos.leclercdrive.fr/image.ashx?id=2270220&use=l&cat=p&typeid=i","cat":284597},{"id":36206,"n":"Mousse à raser hydratante Eco+ Peaux normales - 300ml","p":0.85,"u":"2,83 €/L","img":"https://fd8-photos.leclercdrive.fr/image.ashx?id=2422683&use=l&cat=p&typeid=i","cat":284617},{"id":36267,"n":"Noix St Jacques NRT de Normandie - 300g","p":16.95,"u":"56,50 €/KG","img":"https://fd8-photos.leclercdrive.fr/image.ashx?id=1961976&use=l&cat=p&typeid=i","cat":319787},{"id":36268,"n":"Soufflés ExtraTerrestres Tokapi Jambon fromage - 80g","p":0.84,"u":"10,50 €/KG","img":"https://fd8-photos.leclercdrive.fr/image.ashx?id=2922929&use=l&cat=p&typeid=i","cat":284449},{"id":36270,"n":"Soufflés ExtraTerrestres Tokapi Salé - 80g","p":0.79,"u":"9,88 €/KG","img":"https://fd8-photos.leclercdrive.fr/image.ashx?id=1932960&use=l&cat=p&typeid=i","cat":284449},{"id":36308,"n":"Shampooing Nateïs Camomille abricot - 250ml","p":1.39,"u":"5,56 €/L","img":"https://fd8-photos.leclercdrive.fr/image.ashx?id=1886499&use=l&cat=p&typeid=i","cat":284606},{"id":36310,"n":"Shampooing Nateïs Argile Pamplemousse - 250ml","p":1.39,"u":"5,56 €/L","img":"https://fd8-photos.leclercdrive.fr/image.ashx?id=1962963&use=l&cat=p&typeid=i","cat":284606},{"id":36311,"n":"Shampooing Nateïs Huile d'argan - 250ml","p":1.29,"u":"5,16 €/L","img":"https://fd8-photos.leclercdrive.fr/image.ashx?id=2652906&use=l&cat=p&typeid=i","cat":284606},{"id":36312,"n":"Shampooing Nateïs Henné / Cassis - 250ml","p":1.57,"u":"6,28 €/L","img":"https://fd8-photos.leclercdrive.fr/image.ashx?id=2652903&use=l&cat=p&typeid=i","cat":284606},{"id":36313,"n":"Shampooing extra-doux Nateïs Karité / Huile d'avocat - 250ml","p":1.39,"u":"5,56 €/L","img":"https://fd8-photos.leclercdrive.fr/image.ashx?id=1905494&use=l&cat=p&typeid=i","cat":284606},{"id":36314,"n":"Shampooing Nateïs Fleur de tilleul pomme verte - 250ml","p":1.27,"u":"5,08 €/L","img":"https://fd8-photos.leclercdrive.fr/image.ashx?id=1898913&use=l&cat=p&typeid=i","cat":284606},{"id":36317,"n":"Dessert fruitier pomme Douceur Verger s/sucre 8x100g","p":1.99,"u":"2,49 €/KG","img":"https://fd8-photos.leclercdrive.fr/image.ashx?id=1957093&use=l&cat=p&typeid=i","cat":284416},{"id":36346,"n":"Rondelé au Bleu d'Aveyron 125g","p":1.74,"u":"13,92 €/KG","img":"https://fd8-photos.leclercdrive.fr/image.ashx?id=2877751&use=l&cat=p&typeid=i","cat":314029},{"id":36347,"n":"Rondelé aux Noix 125g","p":1.65,"u":"13,20 €/KG","img":"https://fd8-photos.leclercdrive.fr/image.ashx?id=2967732&use=l&cat=p&typeid=i","cat":314029},{"id":36348,"n":"Papier aluminium Alfapac Gaufré - Rouleau 20m","p":3.17,"img":"https://fd8-photos.leclercdrive.fr/image.ashx?id=2870446&use=l&cat=p&typeid=i","cat":334134},{"id":36354,"n":"Crème hydratante Mots d'Enfants Bio visage et corps - 75ml","p":2.19,"u":"29,20 €/L","img":"https://fd8-photos.leclercdrive.fr/image.ashx?id=3015078&use=l&cat=p&typeid=i","cat":284741},{"id":36355,"n":"Compote Douceur du Verger  Pomme Rhubarbe - 4x100g","p":1.28,"u":"3,20 €/KG","img":"https://fd8-photos.leclercdrive.fr/image.ashx?id=2554581&use=l&cat=p&typeid=i","cat":284416},{"id":36388,"n":"Bière ambrée corse Pietra 6° - 6x25cl","p":8.34,"u":"5,56 €/L","img":"https://fd8-photos.leclercdrive.fr/image.ashx?id=3011464&use=l&cat=p&typeid=i","cat":334872},{"id":36394,"n":"Yaourt aromatisé aux Fruits Panachés Frulos - 16x125g","p":3.2,"u":"1,60 €/KG","img":"https://fd8-photos.leclercdrive.fr/image.ashx?id=2799895&use=l&cat=p&typeid=i","cat":286006},{"id":36395,"n":"Yaourt Nature Sucré Yoplait - 12x125g","p":2.73,"u":"1,82 €/KG","img":"https://fd8-photos.leclercdrive.fr/image.ashx?id=2796827&use=l&cat=p&typeid=i","cat":284409},{"id":36396,"n":"Gâteau fourré Mini BN Chocolat 175g","p":1.7,"u":"9,71 €/KG","img":"https://fd8-photos.leclercdrive.fr/image.ashx?id=2746854&use=l&cat=p&typeid=i","cat":284488},{"id":36397,"n":"Biscuits Mini BN Goûter à la fraise - 175g","p":1.9,"u":"10,86 €/KG","img":"https://fd8-photos.leclercdrive.fr/image.ashx?id=2748212&use=l&cat=p&typeid=i","cat":284489},{"id":36401,"n":"Pizza Dolce Sodebo 4 fromaggi - 380g","p":4.27,"u":"11,24 €/KG","img":"https://fd8-photos.leclercdrive.fr/image.ashx?id=2921636&use=l&cat=p&typeid=i","cat":333679},{"id":36402,"n":"Pizza Dolce Sodebo Prosciutto Jambon Mozza - 400g","p":3.51,"u":"8,78 €/KG","img":"https://fd8-photos.leclercdrive.fr/image.ashx?id=2919277&use=l&cat=p&typeid=i","cat":333679},{"id":36403,"n":"Pizza Dolce Sodebo Campanella Jambon Speck - 380g","p":3.78,"u":"9,95 €/KG","img":"https://fd8-photos.leclercdrive.fr/image.ashx?id=2921639&use=l&cat=p&typeid=i","cat":333679},{"id":36404,"n":"Pizza Dolce Sodebo Regina Jambon Champignons 400g","p":3.9,"u":"9,75 €/KG","img":"https://fd8-photos.leclercdrive.fr/image.ashx?id=3008251&use=l&cat=p&typeid=i","cat":333679},{"id":36412,"n":"Compote Douceur du Verger Coupelle pomme - 16x100g","p":3.09,"u":"1,93 €/KG","img":"https://fd8-photos.leclercdrive.fr/image.ashx?id=2663512&use=l&cat=p&typeid=i","cat":284508},{"id":36414,"n":"Compote Douceur du Verger Coupelle pomme - 8x100g","p":1.89,"u":"2,36 €/KG","img":"https://fd8-photos.leclercdrive.fr/image.ashx?id=2663506&use=l&cat=p&typeid=i","cat":284508},{"id":36416,"n":"Compote Douceur du Verger Coupelle pomme rhubarbe -4x100g","p":1.3,"u":"3,25 €/KG","img":"https://fd8-photos.leclercdrive.fr/image.ashx?id=2663521&use=l&cat=p&typeid=i","cat":284508},{"id":36417,"n":"Compote Douceur du Verger Gourdes multivariétés - 4x90g","p":1.69,"u":"4,69 €/KG","img":"https://fd8-photos.leclercdrive.fr/image.ashx?id=2805030&use=l&cat=p&typeid=i","cat":284508},{"id":36418,"n":"Compote Douceur du Verger Gourdes Pomme Poire - 4x90g","p":1.49,"u":"4,14 €/KG","img":"https://fd8-photos.leclercdrive.fr/image.ashx?id=2837054&use=l&cat=p&typeid=i","cat":284508},{"id":36419,"n":"Compote Douceur du Verger Coupelle pomme - 4x100g","p":0.99,"u":"2,48 €/KG","img":"https://fd8-photos.leclercdrive.fr/image.ashx?id=2663524&use=l&cat=p&typeid=i","cat":284508},{"id":36437,"n":"Friandises pour chien Lydog Assortiment sticks - x15 126g","p":1.33,"u":"10,56 €/KG","img":"https://fd8-photos.leclercdrive.fr/image.ashx?id=1947271&use=l&cat=p&typeid=i","cat":294527},{"id":36438,"n":"Sticks dentaires Lydog Petit chien - x7 110g","p":0.99,"u":"9,00 €/KG","img":"https://fd8-photos.leclercdrive.fr/image.ashx?id=1878604&use=l&cat=p&typeid=i","cat":294527},{"id":36441,"n":"Aiguillettes poulet Tradilège Rôti - 2x75g","p":2.02,"u":"13,47 €/KG","img":"https://fd8-photos.leclercdrive.fr/image.ashx?id=2930781&use=l&cat=p&typeid=i","cat":316011},{"id":36445,"n":"Râpé de jambon Tradilège Fumé - 150g","p":1.79,"u":"11,93 €/KG","img":"https://fd8-photos.leclercdrive.fr/image.ashx?id=2905970&use=l&cat=p&typeid=i","cat":316011},{"id":36454,"n":"Pastilles NRT  Du Bassin de Vichy - 230g","p":0.98,"u":"4,26 €/KG","img":"https://fd8-photos.leclercdrive.fr/image.ashx?id=1646510&use=l&cat=p&typeid=i","cat":304252},{"id":36475,"n":"Thé glacé Fresh Tea Pêche - 6x25cl","p":2.85,"u":"1,90 €/L","img":"https://fd8-photos.leclercdrive.fr/image.ashx?id=2622263&use=l&cat=p&typeid=i","cat":295019},{"id":36504,"n":"Pizza La Pizz Sodebo Jambon emmental - 470g","p":2.92,"u":"6,21 €/KG","img":"https://fd8-photos.leclercdrive.fr/image.ashx?id=2886786&use=l&cat=p&typeid=i","cat":333679},{"id":36515,"n":"Dragées Choco Peanuts Cacahuètes - 300g","p":2.39,"u":"7,97 €/KG","img":"https://fd8-photos.leclercdrive.fr/image.ashx?id=2474063&use=l&cat=p&typeid=i","cat":304238},{"id":36633,"n":"Glace Cône Nestlé Extrême Crème brulée x6 - 426g","p":3.36,"u":"7,89 €/KG","img":"https://fd8-photos.leclercdrive.fr/image.ashx?id=2831672&use=l&cat=p&typeid=i","cat":284264},{"id":36650,"n":"Barres céréales Bio Village Bio Fraise x6 125g","p":1.79,"u":"14,32 €/KG","img":"https://fd8-photos.leclercdrive.fr/image.ashx?id=2807306&use=l&cat=p&typeid=i","cat":285869},{"id":36651,"n":"Barres céréales Bio Village Bio Chocolat noir x6 125g","p":1.95,"u":"15,60 €/KG","img":"https://fd8-photos.leclercdrive.fr/image.ashx?id=2807309&use=l&cat=p&typeid=i","cat":285869},{"id":36656,"n":"Soupe liquide Liebig  Velouté 10 légumes - Brique 1L","p":1.64,"u":"1,64 €/L","img":"https://fd8-photos.leclercdrive.fr/image.ashx?id=2892133&use=l&cat=p&typeid=i","cat":284462},{"id":36658,"n":"Soupe liquide Liebig  Mouliné 10 légumes - Brique 1L","p":1.69,"u":"1,69 €/L","img":"https://fd8-photos.leclercdrive.fr/image.ashx?id=2651396&use=l&cat=p&typeid=i","cat":284462},{"id":36666,"n":"Miel Languedoc-Roussillon Nos Régions ont du Talent 375g","p":5.99,"u":"15,97 €/KG","img":"https://fd8-photos.leclercdrive.fr/image.ashx?id=2771402&use=l&cat=p&typeid=i","cat":287643},{"id":36710,"n":"Sucre canne Béghin Say Pure - en morceaux - 750g","p":2.47,"u":"3,29 €/KG","img":"https://fd8-photos.leclercdrive.fr/image.ashx?id=2948830&use=l&cat=p&typeid=i","cat":284502},{"id":36711,"n":"Sucre cassonade Béghin Say En poudre - 750g","p":2.32,"u":"3,09 €/KG","img":"https://fd8-photos.leclercdrive.fr/image.ashx?id=2949928&use=l&cat=p&typeid=i","cat":284502},{"id":36720,"n":"Haricots blancs à la tomate 400 g","p":0.75,"u":"1,88 €/KG","img":"https://fd8-photos.leclercdrive.fr/image.ashx?id=2988078&use=l&cat=p&typeid=i","cat":312606},{"id":36721,"n":"Lait chat et chaton Whiskas 3x200ml","p":2.69,"u":"4,48 €/L","img":"https://fd8-photos.leclercdrive.fr/image.ashx?id=2759670&use=l&cat=p&typeid=i","cat":285285},{"id":36756,"n":"Haricots Blancs à la tomate 800g","p":1.08,"u":"1,35 €/KG","img":"https://fd8-photos.leclercdrive.fr/image.ashx?id=2988075&use=l&cat=p&typeid=i","cat":312606},{"id":36819,"n":"Chocolat Noir After Eight Fourré Menthe - 300g","p":4.72,"u":"15,73 €/KG","img":"https://fd8-photos.leclercdrive.fr/image.ashx?id=2348782&use=l&cat=p&typeid=i","cat":284499},{"id":36821,"n":"Biscuits M&M's  x10 - 198g","p":2.14,"u":"10,81 €/KG","img":"https://fd8-photos.leclercdrive.fr/image.ashx?id=2148416&use=l&cat=p&typeid=i","cat":284488},{"id":36835,"n":"Crochets anti-mites Insectivor Lavande 2x3ml","p":1.69,"u":"0,85 €/P","img":"https://fd8-photos.leclercdrive.fr/image.ashx?id=1899690&use=l&cat=p&typeid=i","cat":298368},{"id":36836,"n":"Gel douche Carré Homme Tonifiant 250ml","p":1.22,"u":"4,88 €/L","img":"https://fd8-photos.leclercdrive.fr/image.ashx?id=2927857&use=l&cat=p&typeid=i","cat":284619},{"id":36847,"n":"Tablette chocolat Milka Chocolat au lait/Oreo - 2x100g","p":3.08,"u":"15,40 €/KG","img":"https://fd8-photos.leclercdrive.fr/image.ashx?id=2382321&use=l&cat=p&typeid=i","cat":284497},{"id":36886,"n":"Miel de montagne L'Apiculteur Crémeux - 500g","p":5.79,"u":"11,58 €/KG","img":"https://fd8-photos.leclercdrive.fr/image.ashx?id=2310926&use=l&cat=p&typeid=i","cat":287643},{"id":36903,"n":"Lentilles vertes NRT Du Centre-Val-de-Loire - 500g","p":1.99,"u":"3,98 €/KG","img":"https://fd8-photos.leclercdrive.fr/image.ashx?id=2771399&use=l&cat=p&typeid=i","cat":284430},{"id":36920,"n":"Protège-slips Doulys Ultra-mince - Large - x30","p":0.82,"u":"0,03 €/P","img":"https://fd8-photos.leclercdrive.fr/image.ashx?id=2847967&use=l&cat=p&typeid=i","cat":284625},{"id":37030,"n":"Farine suprême Francine 1kg","p":1.71,"u":"1,71 €/KG","img":"https://fd8-photos.leclercdrive.fr/image.ashx?id=2902654&use=l&cat=p&typeid=i","cat":284503},{"id":37031,"n":"Huile d'olive Puget Vierge extra - 1,5L","p":11.63,"u":"7,75 €/L","img":"https://fd8-photos.leclercdrive.fr/image.ashx?id=2144452&use=l&cat=p&typeid=i","cat":284453},{"id":37033,"n":"Douceur Crème balsamique  Rustica - 25cl","p":1.79,"u":"7,16 €/L","img":"https://fd8-photos.leclercdrive.fr/image.ashx?id=2781877&use=l&cat=p&typeid=i","cat":284456},{"id":37049,"n":"Sauce Samourai Amora 255g","p":1.61,"u":"7,16 €/KG","img":"https://fd8-photos.leclercdrive.fr/image.ashx?id=2893838&use=l&cat=p&typeid=i","cat":318431},{"id":37053,"n":"Sucre pure canne Beghin Say Petits morceaux - 1kg","p":3.19,"u":"3,19 €/KG","img":"https://fd8-photos.leclercdrive.fr/image.ashx?id=2949922&use=l&cat=p&typeid=i","cat":284502},{"id":37054,"n":"Sucre pure canne Beghin Say Morceaux - 1kg","p":2.46,"u":"2,46 €/KG","img":"https://fd8-photos.leclercdrive.fr/image.ashx?id=2978688&use=l&cat=p&typeid=i","cat":284502},{"id":37107,"n":"Gel lavant mains Manava Spécial cuisine - 300ml","p":0.99,"u":"3,30 €/L","img":"https://fd8-photos.leclercdrive.fr/image.ashx?id=2355151&use=l&cat=p&typeid=i","cat":284597},{"id":37120,"n":"Sauce Soja sucrée Kikkoman 250ml","p":4.57,"u":"18,28 €/L","img":"https://fd8-photos.leclercdrive.fr/image.ashx?id=2536296&use=l&cat=p&typeid=i","cat":288992},{"id":37149,"n":"Cookies Méga pépites P'tit Déli Chocolat noisettes 184g","p":1.51,"u":"8,21 €/KG","img":"https://fd8-photos.leclercdrive.fr/image.ashx?id=2116149&use=l&cat=p&typeid=i","cat":325066},{"id":37198,"n":"Poêlée Notre Jardin Méditerranéenne 750g","p":3.17,"u":"4,23 €/KG","img":"https://fd8-photos.leclercdrive.fr/image.ashx?id=2835029&use=l&cat=p&typeid=i","cat":319823},{"id":37199,"n":"Poêlée Notre Jardin Parisienne 750g","p":2.24,"u":"2,99 €/KG","img":"https://fd8-photos.leclercdrive.fr/image.ashx?id=1084564&use=l&cat=p&typeid=i","cat":319823},{"id":37255,"n":"Céréales Extra Kellogg's Noisettes Caramelisées - 500g","p":3.2,"u":"6,40 €/KG","img":"https://fd8-photos.leclercdrive.fr/image.ashx?id=2736598&use=l&cat=p&typeid=i","cat":309512},{"id":37260,"n":"Boisson au thé Fresh Tea Citron vert - 1,5L","p":1.22,"u":"0,81 €/L","img":"https://fd8-photos.leclercdrive.fr/image.ashx?id=2622257&use=l&cat=p&typeid=i","cat":295019},{"id":37261,"n":"Boisson au thé Fresh Tea Mangue - 1,5L","p":1.24,"u":"0,83 €/L","img":"https://fd8-photos.leclercdrive.fr/image.ashx?id=2622260&use=l&cat=p&typeid=i","cat":295019},{"id":37262,"n":"Boisson au thé Fresh Tea Framboise - 1,5L","p":1.33,"u":"0,89 €/L","img":"https://fd8-photos.leclercdrive.fr/image.ashx?id=2982619&use=l&cat=p&typeid=i","cat":295019},{"id":37278,"n":"Orangina Pik Haribo Sachet bonbons acidulés - 250g","p":1.67,"u":"6,68 €/KG","img":"https://fd8-photos.leclercdrive.fr/image.ashx?id=2806090&use=l&cat=p&typeid=i","cat":304250},{"id":37281,"n":"Bonbons Longfizz Lutti 200g","p":1.34,"u":"6,70 €/KG","img":"https://fd8-photos.leclercdrive.fr/image.ashx?id=2962173&use=l&cat=p&typeid=i","cat":304250},{"id":37283,"n":"Compote bio Bio Village Pomme châtaigne - 4x100g","p":1.89,"u":"4,73 €/KG","img":"https://fd8-photos.leclercdrive.fr/image.ashx?id=725380&use=l&cat=p&typeid=i","cat":284416},{"id":37286,"n":"Paëlla royale Marie 900g","p":4.69,"u":"5,21 €/KG","img":"https://fd8-photos.leclercdrive.fr/image.ashx?id=2996770&use=l&cat=p&typeid=i","cat":284254},{"id":37403,"n":"Sachet fraîcheur chien Pedigree  Mixte en sauce - 12x100g","p":5.2,"u":"4,33 €/KG","img":"https://fd8-photos.leclercdrive.fr/image.ashx?id=2870242&use=l&cat=p&typeid=i","cat":284673},{"id":37426,"n":"Bière blonde Kronenbourg 4,2° - 6x50cl canettes","p":5.59,"u":"1,86 €/L","img":"https://fd8-photos.leclercdrive.fr/image.ashx?id=2203508&use=l&cat=p&typeid=i","cat":334853},{"id":37438,"n":"Papier cuisson Elembal Rouleau 15m","p":1.79,"img":"https://fd8-photos.leclercdrive.fr/image.ashx?id=2824952&use=l&cat=p&typeid=i","cat":334134},{"id":37452,"n":"Lardons de volaille Tradilège Nature 2x75g","p":1.75,"u":"11,67 €/KG","img":"https://fd8-photos.leclercdrive.fr/image.ashx?id=2882355&use=l&cat=p&typeid=i","cat":316011},{"id":37453,"n":"Lardons de volaille Tradilège Fumés 2x75g","p":1.75,"u":"11,67 €/KG","img":"https://fd8-photos.leclercdrive.fr/image.ashx?id=2882358&use=l&cat=p&typeid=i","cat":316011},{"id":37455,"n":"Viande hachée de porc Férial  350g","p":4.59,"u":"13,11 €/KG","img":"https://fd8-photos.leclercdrive.fr/image.ashx?id=2922959&use=l&cat=p&typeid=i","cat":284332},{"id":37456,"n":"Saucisse fumée Tradilège VPF x3 375g","p":3.18,"u":"8,48 €/KG","img":"https://fd8-photos.leclercdrive.fr/image.ashx?id=2659085&use=l&cat=p&typeid=i","cat":316012},{"id":37457,"n":"Yaourt bio Les 2 Vaches brassé nature - 4x115g","p":1.4,"u":"3,04 €/KG","img":"https://fd8-photos.leclercdrive.fr/image.ashx?id=2571545&use=l&cat=p&typeid=i","cat":284409},{"id":37467,"n":"Infusion Tiséa Fruits rouges 25 sachets 40g","p":0.92,"u":"23,00 €/KG","img":"https://fd8-photos.leclercdrive.fr/image.ashx?id=2922506&use=l&cat=p&typeid=i","cat":293234},{"id":37468,"n":"Jambon cru Fine Fondante Aoste Sans conservateur - x6 - 100g","p":3.59,"u":"35,90 €/KG","img":"https://fd8-photos.leclercdrive.fr/image.ashx?id=2937172&use=l&cat=p&typeid=i","cat":316007},{"id":37517,"n":"Steack haché boucher Convivial 15% mg - x8 800g","p":11.79,"u":"14,74 €/KG","img":"https://fd8-photos.leclercdrive.fr/image.ashx?id=2960975&use=l&cat=p&typeid=i","cat":319778},{"id":37540,"n":"Compote bébé Bio Village Bio Pomme vanille 4 mois 4x100g","p":1.99,"u":"4,98 €/KG","img":"https://fd8-photos.leclercdrive.fr/image.ashx?id=2704750&use=l&cat=p&typeid=i","cat":312387},{"id":37541,"n":"Compote bébé Bio Village Bio Pomme /Banane 4 mois 4x100g","p":1.89,"u":"4,73 €/KG","img":"https://fd8-photos.leclercdrive.fr/image.ashx?id=2704753&use=l&cat=p&typeid=i","cat":312387},{"id":37542,"n":"Compote bébé Bio Village bio Poire williams - 4 mois -4x100g","p":1.89,"u":"4,73 €/KG","img":"https://fd8-photos.leclercdrive.fr/image.ashx?id=2704747&use=l&cat=p&typeid=i","cat":312387},{"id":37580,"n":"Soupe Régal Soupe Légumes et vermicelles - 1L","p":1.84,"u":"1,84 €/L","img":"https://fd8-photos.leclercdrive.fr/image.ashx?id=2983802&use=l&cat=p&typeid=i","cat":284462},{"id":37595,"n":"Snacks chats Tous mes amis Saumon - 60g","p":0.89,"u":"14,83 €/KG","img":"https://fd8-photos.leclercdrive.fr/image.ashx?id=1938588&use=l&cat=p&typeid=i","cat":285285},{"id":37615,"n":"Rasoirs jetables Eco+ x10","p":0.71,"u":"0,07 €/P","img":"https://fd8-photos.leclercdrive.fr/image.ashx?id=2913642&use=l&cat=p&typeid=i","cat":284616},{"id":37623,"n":"Trancetto Balconi Cacao x10 280g","p":1.39,"u":"4,96 €/KG","img":"https://fd8-photos.leclercdrive.fr/image.ashx?id=2878414&use=l&cat=p&typeid=i","cat":284495},{"id":37638,"n":"Plateau de quenelles St Jean 1kg","p":5.9,"u":"5,90 €/KG","img":"https://fd8-photos.leclercdrive.fr/image.ashx?id=2418984&use=l&cat=p&typeid=i","cat":333682},{"id":37654,"n":"Ravioles du Dauphiné St Jean 500g","p":6.49,"u":"12,98 €/KG","img":"https://fd8-photos.leclercdrive.fr/image.ashx?id=2849794&use=l&cat=p&typeid=i","cat":284254},{"id":37655,"n":"Faisselle Ferme du Mornantais - 4x100g","p":2.78,"u":"6,95 €/KG","img":"https://fd8-photos.leclercdrive.fr/image.ashx?id=2180088&use=l&cat=p&typeid=i","cat":284409},{"id":37656,"n":"Yaourts Ferme du Mornantais Nature - 6x125g","p":2.8,"u":"3,73 €/KG","img":"https://fd8-photos.leclercdrive.fr/image.ashx?id=2180085&use=l&cat=p&typeid=i","cat":284409},{"id":37659,"n":"Sauce financière Giraudet Pour quenelle - 250g","p":3.09,"u":"12,36 €/KG","img":"https://fd8-photos.leclercdrive.fr/image.ashx?id=2214795&use=l&cat=p&typeid=i","cat":284382},{"id":37712,"n":"Haricots Verts Cassegrain Extra Fins Cueillis main 390g","p":3.07,"u":"7,87 €/KG","img":"https://fd8-photos.leclercdrive.fr/image.ashx?id=2913025&use=l&cat=p&typeid=i","cat":312606},{"id":37713,"n":"Harissa Phare du Cap Bon Tube - 140g","p":0.74,"u":"5,29 €/KG","img":"https://fd8-photos.leclercdrive.fr/image.ashx?id=2239044&use=l&cat=p&typeid=i","cat":289013},{"id":37774,"n":"Recharge Dentamyl Brosse à dents électrique x2","p":6.99,"u":"3,50 €/P","img":"https://fd8-photos.leclercdrive.fr/image.ashx?id=2790967&use=l&cat=p&typeid=i","cat":297133},{"id":37842,"n":"Thé glacé zéro Fresh Tea  Pêche - 1,5L","p":1.29,"u":"0,86 €/L","img":"https://fd8-photos.leclercdrive.fr/image.ashx?id=2622266&use=l&cat=p&typeid=i","cat":295019},{"id":37843,"n":"100% Pur jus d'orange Jafaden Sans pulpe - 2L","p":3.54,"u":"1,77 €/L","img":"https://fd8-photos.leclercdrive.fr/image.ashx?id=2796052&use=l&cat=p&typeid=i","cat":284521},{"id":37862,"n":"Couches Bébé Eco+ T5 - x52 changes","p":6.94,"u":"0,13 €/P","img":"https://fd8-photos.leclercdrive.fr/image.ashx?id=2842450&use=l&cat=p&typeid=i","cat":284737},{"id":37863,"n":"Compresses stériles Primoplast Ultra-douces x20","p":2.6,"u":"0,13 €/P","img":"https://fd8-photos.leclercdrive.fr/image.ashx?id=2832960&use=l&cat=p&typeid=i","cat":284630},{"id":37864,"n":"Bouchons oreilles Primoplast Mousse x8","p":3.99,"u":"0,50 €/P","img":"https://fd8-photos.leclercdrive.fr/image.ashx?id=2856516&use=l&cat=p&typeid=i","cat":284630},{"id":37866,"n":"Lavette Mamisson Microfibre spécial vitres x1","p":0.85,"img":"https://fd8-photos.leclercdrive.fr/image.ashx?id=2595107&use=l&cat=p&typeid=i","cat":284667},{"id":37875,"n":"Sucre en poudre Beghin Say Extra fin - 750g","p":2.02,"u":"2,69 €/KG","img":"https://fd8-photos.leclercdrive.fr/image.ashx?id=2313882&use=l&cat=p&typeid=i","cat":284502},{"id":38022,"n":"Barquette allégée Elle&Vire Doux - 20% MG - 250g","p":1.81,"u":"7,24 €/KG","img":"https://fd8-photos.leclercdrive.fr/image.ashx?id=2763460&use=l&cat=p&typeid=i","cat":284379},{"id":38027,"n":"Quinoa gourmand Tipiak 400g","p":2.43,"u":"6,08 €/KG","img":"https://fd8-photos.leclercdrive.fr/image.ashx?id=2640617&use=l&cat=p&typeid=i","cat":284429},{"id":38054,"n":"Thé glacé pétillant Liptonic  Ice Tea Pêche - 1,5L","p":2.03,"u":"1,35 €/L","img":"https://fd8-photos.leclercdrive.fr/image.ashx?id=2159598&use=l&cat=p&typeid=i","cat":295019},{"id":38100,"n":"Chocolat en poudre Nesquik Boîte 490g","p":3.69,"u":"7,53 €/KG","img":"https://fd8-photos.leclercdrive.fr/image.ashx?id=3005305&use=l&cat=p&typeid=i","cat":293235},{"id":38220,"n":"Pansements Primoplast Anti-ampoules x6","p":3.15,"img":"https://fd8-photos.leclercdrive.fr/image.ashx?id=2955716&use=l&cat=p&typeid=i","cat":284630},{"id":38227,"n":"Compresses stériles Primoplast Gaze x10","p":1.3,"u":"0,13 €/P","img":"https://fd8-photos.leclercdrive.fr/image.ashx?id=2856510&use=l&cat=p&typeid=i","cat":284630},{"id":38228,"n":"Vaseline Primoplast Tube 50ml","p":1.47,"u":"29,40 €/L","img":"https://fd8-photos.leclercdrive.fr/image.ashx?id=2856519&use=l&cat=p&typeid=i","cat":284630},{"id":38230,"n":"Mouchoirs blancs 4 plis Caresse Pock kid mouchoirs papier x10","p":1.12,"u":"0,11 €/P","img":"https://fd8-photos.leclercdrive.fr/image.ashx?id=2856687&use=l&cat=p&typeid=i","cat":284638},{"id":38232,"n":"Mouchoirs blancs 3 plis Caresse Boîte décor aléatoire Kids -x60","p":1.75,"u":"0,03 €/P","img":"https://fd8-photos.leclercdrive.fr/image.ashx?id=2814432&use=l&cat=p&typeid=i","cat":284638},{"id":38234,"n":"Dessert - P'tit Brassé Nestlé Banane - dès 6 mois - 4x100g","p":1.88,"u":"4,70 €/KG","img":"https://fd8-photos.leclercdrive.fr/image.ashx?id=2615131&use=l&cat=p&typeid=i","cat":312392},{"id":38235,"n":"Dessert - P'tit Brassé Nestlé Framboise - dès 6 mois - 4x100g","p":1.69,"u":"4,23 €/KG","img":"https://fd8-photos.leclercdrive.fr/image.ashx?id=2604876&use=l&cat=p&typeid=i","cat":312392},{"id":38236,"n":"Dessert - P'tit Brassé Nestlé Abricot - dès 6 mois - 4x100g","p":1.69,"u":"4,23 €/KG","img":"https://fd8-photos.leclercdrive.fr/image.ashx?id=2600569&use=l&cat=p&typeid=i","cat":312392},{"id":38237,"n":"Dessert - P'tit Brassé Nestlé Poire - dès 6 mois - 4x100g","p":2.02,"u":"5,05 €/KG","img":"https://fd8-photos.leclercdrive.fr/image.ashx?id=2615756&use=l&cat=p&typeid=i","cat":312392},{"id":38238,"n":"Dessert - P'tit Brassé Nestlé Fraise - dès 6 mois - 4x100g","p":1.69,"u":"4,23 €/KG","img":"https://fd8-photos.leclercdrive.fr/image.ashx?id=2510187&use=l&cat=p&typeid=i","cat":312392},{"id":38239,"n":"Dessert - P'tit Brassé Nestlé Myrtille - dès 6 mois - 4x100g","p":1.88,"u":"4,70 €/KG","img":"https://fd8-photos.leclercdrive.fr/image.ashx?id=2583235&use=l&cat=p&typeid=i","cat":312392},{"id":38298,"n":"Matière grasse St Hubert Omega 3 - 52%mg - doux - 510g","p":3.4,"u":"6,67 €/KG","img":"https://fd8-photos.leclercdrive.fr/image.ashx?id=2734108&use=l&cat=p&typeid=i","cat":315229},{"id":38304,"n":"Taboulé Pierre Martinet Au poulet - 300g","p":1.74,"u":"5,80 €/KG","img":"https://fd8-photos.leclercdrive.fr/image.ashx?id=2990529&use=l&cat=p&typeid=i","cat":333657},{"id":38322,"n":"Compote Douceur du Verger Gourdes multivariétés - 20x90g","p":5.95,"u":"3,31 €/KG","img":"https://fd8-photos.leclercdrive.fr/image.ashx?id=2837060&use=l&cat=p&typeid=i","cat":284508},{"id":38345,"n":"Vodka premium Grey Goose Original 40° - 70cl","p":38.57,"u":"55,10 €/L","img":"https://fd8-photos.leclercdrive.fr/image.ashx?id=2848331&use=l&cat=p&typeid=i","cat":284550},{"id":38374,"n":"Brosse à dents Dentamyl Super pro interdent x1","p":1.3,"img":"https://fd8-photos.leclercdrive.fr/image.ashx?id=2790970&use=l&cat=p&typeid=i","cat":284614},{"id":38379,"n":"Shampooing Manava Aux oeufs 500ml","p":1.0,"u":"2,00 €/L","img":"https://fd8-photos.leclercdrive.fr/image.ashx?id=2852243&use=l&cat=p&typeid=i","cat":284606},{"id":38380,"n":"Rasoir Gillette Proglide Flexball manuel x1","p":10.45,"img":"https://fd8-photos.leclercdrive.fr/image.ashx?id=2682394&use=l&cat=p&typeid=i","cat":284616},{"id":38447,"n":"Pain d'épices P. de Chaumeyrac Figues , pour foie gras - 150g","p":1.99,"u":"13,27 €/KG","img":"https://fd8-photos.leclercdrive.fr/image.ashx?id=2392268&use=l&cat=p&typeid=i","cat":284493},{"id":38501,"n":"Lentilles cuisinées Cassegrain  - 2x265g","p":3.21,"u":"0,61 €/L","img":"https://fd8-photos.leclercdrive.fr/image.ashx?id=2952463&use=l&cat=p&typeid=i","cat":312609},{"id":38509,"n":"Tube de colle classic Scotch 10x8g","p":5.14,"u":"64,25 €/KG","img":"https://fd8-photos.leclercdrive.fr/image.ashx?id=2287059&use=l&cat=p&typeid=i","cat":334133},{"id":38524,"n":"Tendres perles Blé Tipiak Prêt en 5 min - 350g","p":1.62,"u":"4,63 €/KG","img":"https://fd8-photos.leclercdrive.fr/image.ashx?id=2640614&use=l&cat=p&typeid=i","cat":284429},{"id":38562,"n":"Cône Nestlé Extrême  Vanille de Madagascar x6 - 426g","p":3.49,"u":"8,19 €/KG","img":"https://fd8-photos.leclercdrive.fr/image.ashx?id=3000432&use=l&cat=p&typeid=i","cat":284264},{"id":38563,"n":"Cône Extrême Nestlé Chocolat intense 6x71g","p":3.5,"u":"8,22 €/KG","img":"https://fd8-photos.leclercdrive.fr/image.ashx?id=2353089&use=l&cat=p&typeid=i","cat":284264},{"id":38574,"n":"Crayons de couleur Colorpep's Maped - 14 crayons + 4 offerts","p":3.21,"img":"https://fd8-photos.leclercdrive.fr/image.ashx?id=2384256&use=l&cat=p&typeid=i","cat":284696},{"id":38577,"n":"Feutres pour ardoise Maped x4 coloris assortis + 1 offert","p":1.65,"img":"https://fd8-photos.leclercdrive.fr/image.ashx?id=2384274&use=l&cat=p&typeid=i","cat":334133},{"id":38680,"n":"Cigarettes pur beurre Astruc 150g","p":3.35,"u":"22,33 €/KG","img":"https://fd8-photos.leclercdrive.fr/image.ashx?id=2233922&use=l&cat=p&typeid=i","cat":284360},{"id":38681,"n":"Assortiment gourmand Barquette - 370g","p":5.52,"u":"14,92 €/KG","img":"https://fd8-photos.leclercdrive.fr/image.ashx?id=2998753&use=l&cat=p&typeid=i","cat":284360},{"id":38682,"n":"Tuiles pâtissières amande Boîte - 140g","p":3.69,"u":"26,36 €/KG","img":"https://fd8-photos.leclercdrive.fr/image.ashx?id=2125095&use=l&cat=p&typeid=i","cat":327296},{"id":38705,"n":"Chocolat Pâtissier Nestlé Dessert - 2x205g","p":5.86,"u":"14,29 €/KG","img":"https://fd8-photos.leclercdrive.fr/image.ashx?id=2959491&use=l&cat=p&typeid=i","cat":285562},{"id":38724,"n":"Madeleines coquilles NRT 330g","p":3.29,"u":"9,97 €/KG","img":"https://fd8-photos.leclercdrive.fr/image.ashx?id=2704903&use=l&cat=p&typeid=i","cat":284492},{"id":38735,"n":"Lait de douche Manava Lait et miel - 250ml","p":0.94,"u":"3,76 €/L","img":"https://fd8-photos.leclercdrive.fr/image.ashx?id=1628283&use=l&cat=p&typeid=i","cat":284594},{"id":38744,"n":"Beurre allégé Les Croisés Demi-sel - 60% MG - 250g","p":1.89,"u":"7,56 €/KG","img":"https://fd8-photos.leclercdrive.fr/image.ashx?id=2897787&use=l&cat=p&typeid=i","cat":284379},{"id":38764,"n":"Cidre artisanal Les Goelleries Brut 5,5% - 75cl","p":2.49,"u":"3,32 €/L","img":"https://fd8-photos.leclercdrive.fr/image.ashx?id=2842301&use=l&cat=p&typeid=i","cat":334880},{"id":38773,"n":"Pur jus d'orange Jafaden Avec pulpe - 1,5L","p":3.0,"u":"2,00 €/L","img":"https://fd8-photos.leclercdrive.fr/image.ashx?id=2796058&use=l&cat=p&typeid=i","cat":284521},{"id":38781,"n":"Mouchoirs blancs 4 plis Caresse Boîte mouchoirs papier - x80","p":1.1,"u":"0,01 €/P","img":"https://fd8-photos.leclercdrive.fr/image.ashx?id=2801049&use=l&cat=p&typeid=i","cat":284638},{"id":38786,"n":"Couches Huggies Little Swimmers Taille 2/3 - x20","p":9.17,"u":"0,46 €/P","img":"https://fd8-photos.leclercdrive.fr/image.ashx?id=2844706&use=l&cat=p&typeid=i","cat":290634},{"id":38799,"n":"Essuie-tout Mimosa Demi-feuille - x3","p":4.9,"u":"1,63 €/P","img":"https://fd8-photos.leclercdrive.fr/image.ashx?id=2727389&use=l&cat=p&typeid=i","cat":284635},{"id":38800,"n":"Essuie-tout Déco Mimosa Maxi - x3","p":3.85,"u":"1,28 €/P","img":"https://fd8-photos.leclercdrive.fr/image.ashx?id=2727392&use=l&cat=p&typeid=i","cat":284635},{"id":38801,"n":"Déodorant spray Manava Vanille 100ml","p":1.39,"u":"13,90 €/L","img":"https://fd8-photos.leclercdrive.fr/image.ashx?id=2671408&use=l&cat=p&typeid=i","cat":284595},{"id":38802,"n":"Déodorant spray Manava Pierre d'alun/Aloe Vera - 100ml","p":1.44,"u":"14,40 €/L","img":"https://fd8-photos.leclercdrive.fr/image.ashx?id=3013609&use=l&cat=p&typeid=i","cat":284595},{"id":38803,"n":"Déodorant spray grenade Manava A l'huile sauge sclarée - 100ml","p":1.39,"u":"13,90 €/L","img":"https://fd8-photos.leclercdrive.fr/image.ashx?id=2656448&use=l&cat=p&typeid=i","cat":284595},{"id":38812,"n":"Pains au lait Pasquier x10 - 350g","p":1.4,"u":"4,00 €/KG","img":"https://fd8-photos.leclercdrive.fr/image.ashx?id=2576940&use=l&cat=p&typeid=i","cat":293505},{"id":38857,"n":"Fromage Boursin cuisine Ail & fines herbes - 240g","p":2.47,"u":"10,29 €/KG","img":"https://fd8-photos.leclercdrive.fr/image.ashx?id=2615418&use=l&cat=p&typeid=i","cat":314029},{"id":38868,"n":"Chips ondulées Pom'Lisse Poulet rôti - 135g","p":1.05,"u":"7,78 €/KG","img":"https://fd8-photos.leclercdrive.fr/image.ashx?id=2919625&use=l&cat=p&typeid=i","cat":284447},{"id":38869,"n":"Purée de tomates Turini Saveur basilic - 200g","p":0.79,"u":"3,95 €/KG","img":"https://fd8-photos.leclercdrive.fr/image.ashx?id=2174702&use=l&cat=p&typeid=i","cat":288384},{"id":38969,"n":"Ananas morceaux Découpe fraîche  250g","p":2.68,"u":"10,72 €/KG","img":"https://fd8-photos.leclercdrive.fr/image.ashx?id=635043&use=l&cat=p&typeid=i","cat":290298},{"id":38985,"n":"Beurre Grand Fermage  Demi-sel - 80% MG - 250g","p":2.64,"u":"10,56 €/KG","img":"https://fd8-photos.leclercdrive.fr/image.ashx?id=2915569&use=l&cat=p&typeid=i","cat":284379},{"id":39009,"n":"Pain de mie complet Epi d'Or Extra moelleux - 500g","p":1.79,"u":"3,58 €/KG","img":"https://fd8-photos.leclercdrive.fr/image.ashx?id=2860742&use=l&cat=p&typeid=i","cat":284477},{"id":39020,"n":"AOP Haut Médoc rouge Château Barreyres - 75cl","p":11.96,"u":"15,95 €/L","img":"https://fd8-photos.leclercdrive.fr/image.ashx?id=2467769&use=l&cat=p&typeid=i","cat":289556},{"id":39024,"n":"AOP Entre-deux-mers blanc Cuvée Hortense - 75cl","p":4.96,"u":"6,61 €/L","img":"https://fd8-photos.leclercdrive.fr/image.ashx?id=2516068&use=l&cat=p&typeid=i","cat":289557},{"id":39061,"n":"Film étirable Alfapac Rouleau 35m x 29cm","p":1.55,"img":"https://fd8-photos.leclercdrive.fr/image.ashx?id=2918268&use=l&cat=p&typeid=i","cat":334134},{"id":39067,"n":"Tablettes lave vaisselle Sun Classic x60 - 570g","p":6.8,"u":"11,93 €/KG","img":"https://fd8-photos.leclercdrive.fr/image.ashx?id=2775745&use=l&cat=p&typeid=i","cat":284656},{"id":39107,"n":"Gel lavant Manava Savon de Marseille - 300ml","p":1.06,"u":"3,53 €/L","img":"https://fd8-photos.leclercdrive.fr/image.ashx?id=2935498&use=l&cat=p&typeid=i","cat":284597},{"id":39120,"n":"Eau minérale naturelle Vittel Bouchon sport - 6x75cl","p":2.86,"u":"0,64 €/L","img":"https://fd8-photos.leclercdrive.fr/image.ashx?id=2774478&use=l&cat=p&typeid=i","cat":284535},{"id":39122,"n":"Fromage de chèvre Soignon Bûche Sainte Maure - 300g","p":3.24,"u":"10,80 €/KG","img":"https://fd8-photos.leclercdrive.fr/image.ashx?id=2963331&use=l&cat=p&typeid=i","cat":314031},{"id":39140,"n":"Olives vertes Tropic Apéro Dénoyautées Provençales - 110g","p":1.73,"u":"15,73 €/KG","img":"https://fd8-photos.leclercdrive.fr/image.ashx?id=2438975&use=l&cat=p&typeid=i","cat":316002},{"id":39145,"n":"Mouchoirs blancs 4 plis Caresse Etuis x15 - Mentholés","p":1.98,"u":"0,13 €/P","img":"https://fd8-photos.leclercdrive.fr/image.ashx?id=2572996&use=l&cat=p&typeid=i","cat":284638},{"id":39155,"n":"Chips La classique Vico Nature - 6x27,5g","p":1.75,"u":"10,61 €/KG","img":"https://fd8-photos.leclercdrive.fr/image.ashx?id=2917813&use=l&cat=p&typeid=i","cat":284447},{"id":39172,"n":"AOP Cabernet d'Anjou vin rosé Les Caractères - 75cl","p":3.99,"u":"5,32 €/L","img":"https://fd8-photos.leclercdrive.fr/image.ashx?id=2908846&use=l&cat=p&typeid=i","cat":289558},{"id":39182,"n":"Pain de mie 100% Mie Harrys Complet sans croûte Maxi - 650g","p":2.36,"u":"3,63 €/KG","img":"https://fd8-photos.leclercdrive.fr/image.ashx?id=2517438&use=l&cat=p&typeid=i","cat":284477},{"id":39232,"n":"AOP Champagne rosé Demoiselle Brut Vranken - 75cl","p":30.03,"u":"40,04 €/L","img":"https://fd8-photos.leclercdrive.fr/image.ashx?id=2020254&use=l&cat=p&typeid=i","cat":284542},{"id":39233,"n":"AOP Côtes de Provence rosé Estandon - 75cl","p":6.83,"u":"9,11 €/L","img":"https://fd8-photos.leclercdrive.fr/image.ashx?id=2868966&use=l&cat=p&typeid=i","cat":289558},{"id":39265,"n":"AOC Picpoul de Pinet vin blanc Prieur Barsanne - 75cl","p":4.8,"u":"6,40 €/L","img":"https://fd8-photos.leclercdrive.fr/image.ashx?id=2869796&use=l&cat=p&typeid=i","cat":289557},{"id":39266,"n":"AOP Corse vin rosé Terres Ocrées - 75cl","p":4.99,"u":"6,65 €/L","img":"https://fd8-photos.leclercdrive.fr/image.ashx?id=2865242&use=l&cat=p&typeid=i","cat":289558},{"id":39268,"n":"AOP Bergerac vin blanc sec Terrasses d'Autan - 75cl","p":2.99,"u":"3,99 €/L","img":"https://fd8-photos.leclercdrive.fr/image.ashx?id=2858108&use=l&cat=p&typeid=i","cat":289557},{"id":39270,"n":"AOP Touraine Sauvignon vin Blanc - Les Caractères - 75cl","p":4.99,"u":"6,65 €/L","img":"https://fd8-photos.leclercdrive.fr/image.ashx?id=2942202&use=l&cat=p&typeid=i","cat":289557},{"id":39271,"n":"AOP Alsace Pinot gris  vin blanc Rebmann - 75 cl","p":4.99,"u":"6,65 €/L","img":"https://fd8-photos.leclercdrive.fr/image.ashx?id=2907467&use=l&cat=p&typeid=i","cat":289557},{"id":39331,"n":"Shampooing Manava Beurre de karité 500ml","p":1.35,"u":"2,70 €/L","img":"https://fd8-photos.leclercdrive.fr/image.ashx?id=1884643&use=l&cat=p&typeid=i","cat":284606},{"id":39332,"n":"Shampooing Manava Cheveux normaux à gras 500ml","p":1.28,"u":"2,56 €/L","img":"https://fd8-photos.leclercdrive.fr/image.ashx?id=1885059&use=l&cat=p&typeid=i","cat":284606},{"id":39338,"n":"Moutarde Savora Amora 385g","p":2.29,"u":"5,95 €/KG","img":"https://fd8-photos.leclercdrive.fr/image.ashx?id=2775685&use=l&cat=p&typeid=i","cat":288850},{"id":39339,"n":"Moutarde Amora Fine & douce - 190g","p":1.64,"u":"8,63 €/KG","img":"https://fd8-photos.leclercdrive.fr/image.ashx?id=2738791&use=l&cat=p&typeid=i","cat":288850},{"id":39376,"n":"Pur jus d'orange Tropicana Sans pulpe - 1,5L","p":3.69,"u":"2,46 €/L","img":"https://fd8-photos.leclercdrive.fr/image.ashx?id=2509637&use=l&cat=p&typeid=i","cat":284521},{"id":39388,"n":"Haricots verts Bio Village Bio - 360g","p":1.89,"u":"5,25 €/KG","img":"https://fd8-photos.leclercdrive.fr/image.ashx?id=3002659&use=l&cat=p&typeid=i","cat":312606},{"id":39389,"n":"Haricots beurre Notre Jardin Extra fins 1kg","p":2.29,"u":"2,29 €/KG","img":"https://fd8-photos.leclercdrive.fr/image.ashx?id=2431134&use=l&cat=p&typeid=i","cat":319805},{"id":39403,"n":"Joker Pur Jus Engagé Orange  sans pulpe - 1L","p":2.64,"u":"2,64 €/L","img":"https://fd8-photos.leclercdrive.fr/image.ashx?id=2984982&use=l&cat=p&typeid=i","cat":284521},{"id":39414,"n":"yaourt aux fruits danone recette crémeuse - 16x125g","p":4.87,"u":"2,44 €/KG","img":"https://fd8-photos.leclercdrive.fr/image.ashx?id=2611967&use=l&cat=p&typeid=i","cat":284410},{"id":39418,"n":"Boisson Sunny Delight Doux California - 1,25L","p":2.19,"u":"1,75 €/L","img":"https://fd8-photos.leclercdrive.fr/image.ashx?id=2309963&use=l&cat=p&typeid=i","cat":285435},{"id":39421,"n":"Jus innocent pomme 900ml","p":2.73,"u":"3,03 €/L","img":"https://fd8-photos.leclercdrive.fr/image.ashx?id=2891703&use=l&cat=p&typeid=i","cat":284354},{"id":39443,"n":"Jus innocent  orange avec pulpe 1.5L","p":4.0,"u":"2,67 €/L","img":"https://fd8-photos.leclercdrive.fr/image.ashx?id=2891223&use=l&cat=p&typeid=i","cat":285435},{"id":39444,"n":"Jus innocent orange avec pulpe 900ml","p":2.76,"u":"3,07 €/L","img":"https://fd8-photos.leclercdrive.fr/image.ashx?id=2891700&use=l&cat=p&typeid=i","cat":285435},{"id":39471,"n":"Mousse aux oeufs Bonne Maman Chocolat - 4x50g","p":2.42,"u":"12,10 €/KG","img":"https://fd8-photos.leclercdrive.fr/image.ashx?id=2571509&use=l&cat=p&typeid=i","cat":284417},{"id":39472,"n":"Mousse aux oeufs Bonne Maman Chocolat au lait - 4x50g","p":2.38,"u":"11,90 €/KG","img":"https://fd8-photos.leclercdrive.fr/image.ashx?id=2571512&use=l&cat=p&typeid=i","cat":284417},{"id":39475,"n":"Barre chocolatée Balisto Fruits des bois - x10 - 185g","p":2.76,"u":"14,92 €/KG","img":"https://fd8-photos.leclercdrive.fr/image.ashx?id=1930983&use=l&cat=p&typeid=i","cat":284498},{"id":39480,"n":"Chips ondulées Pom'Lisse Nature - 6x30g","p":1.57,"u":"8,72 €/KG","img":"https://fd8-photos.leclercdrive.fr/image.ashx?id=2728246&use=l&cat=p&typeid=i","cat":284447},{"id":39485,"n":"Barre chocolatée Balisto Miel amande - x10 barres - 185g","p":2.96,"u":"16,00 €/KG","img":"https://fd8-photos.leclercdrive.fr/image.ashx?id=1930977&use=l&cat=p&typeid=i","cat":284498},{"id":39497,"n":"Barre chocolatée P'tit Déli Bille de riz - 162g","p":1.5,"u":"9,26 €/KG","img":"https://fd8-photos.leclercdrive.fr/image.ashx?id=2529599&use=l&cat=p&typeid=i","cat":284488},{"id":39498,"n":"Biscottes Epi d'Or Gout brioché x36 - 300g","p":1.51,"u":"5,03 €/KG","img":"https://fd8-photos.leclercdrive.fr/image.ashx?id=2684028&use=l&cat=p&typeid=i","cat":284479},{"id":39502,"n":"Biscuits Cookies P'tit Déli Coeur fondant noisette - 200g","p":1.44,"u":"7,20 €/KG","img":"https://fd8-photos.leclercdrive.fr/image.ashx?id=2577296&use=l&cat=p&typeid=i","cat":325066},{"id":39503,"n":"Chocolat Pâtissier Tablette dOr Praliné - 200g","p":2.15,"u":"10,75 €/KG","img":"https://fd8-photos.leclercdrive.fr/image.ashx?id=2565619&use=l&cat=p&typeid=i","cat":285562},{"id":39507,"n":"Moutarde Rustica Douce - 435g","p":1.39,"u":"3,20 €/KG","img":"https://fd8-photos.leclercdrive.fr/image.ashx?id=2052019&use=l&cat=p&typeid=i","cat":288850},{"id":39509,"n":"Pain au seigle complet Epi d'Or 500g","p":1.83,"u":"3,66 €/KG","img":"https://fd8-photos.leclercdrive.fr/image.ashx?id=1879287&use=l&cat=p&typeid=i","cat":325069},{"id":39511,"n":"Thé lady grey Twinings x20 sachets -  40g","p":2.51,"u":"62,75 €/KG","img":"https://fd8-photos.leclercdrive.fr/image.ashx?id=2875552&use=l&cat=p&typeid=i","cat":293233},{"id":39514,"n":"Soupe Velouté Regal Soupe Cèpes et bolets - 1L","p":2.25,"u":"2,25 €/L","img":"https://fd8-photos.leclercdrive.fr/image.ashx?id=2607545&use=l&cat=p&typeid=i","cat":284462},{"id":39517,"n":"Thé vert Twinings Citron x25 sachets -50g","p":2.28,"u":"45,60 €/KG","img":"https://fd8-photos.leclercdrive.fr/image.ashx?id=2893012&use=l&cat=p&typeid=i","cat":293233},{"id":39521,"n":"Cacahuètes enrobées Tokapi Salées - 150g","p":0.85,"u":"5,67 €/KG","img":"https://fd8-photos.leclercdrive.fr/image.ashx?id=1957812&use=l&cat=p&typeid=i","cat":284448},{"id":39522,"n":"Cacahuètes enrobées Tokapi Bacon - 150g","p":0.85,"u":"5,67 €/KG","img":"https://fd8-photos.leclercdrive.fr/image.ashx?id=1951858&use=l&cat=p&typeid=i","cat":284448},{"id":39523,"n":"Cacahuètes enrobées Tokapi Paprika - 150g","p":0.99,"u":"6,60 €/KG","img":"https://fd8-photos.leclercdrive.fr/image.ashx?id=1972828&use=l&cat=p&typeid=i","cat":284448},{"id":39529,"n":"Jus de citron Rustica Sicile - 50cl","p":1.67,"u":"3,34 €/L","img":"https://fd8-photos.leclercdrive.fr/image.ashx?id=2974804&use=l&cat=p&typeid=i","cat":288383},{"id":39530,"n":"Dessert bébé BabyBio Bio 6 mois Pomme / Fraise - 260g","p":1.95,"u":"7,50 €/KG","img":"https://fd8-photos.leclercdrive.fr/image.ashx?id=2827509&use=l&cat=p&typeid=i","cat":312388},{"id":39531,"n":"Compote bébé Babybio Bio 4 mois Pomme / Mangue - 260g","p":1.88,"u":"7,23 €/KG","img":"https://fd8-photos.leclercdrive.fr/image.ashx?id=2827500&use=l&cat=p&typeid=i","cat":312387},{"id":39541,"n":"Madeleine P'tit Déli Coquilles napées chocolat -300g","p":2.62,"u":"8,73 €/KG","img":"https://fd8-photos.leclercdrive.fr/image.ashx?id=2583262&use=l&cat=p&typeid=i","cat":284492},{"id":39547,"n":"Duo Haricots verts et beurre Notre Jardin - 225g","p":1.03,"u":"4,58 €/KG","img":"https://fd8-photos.leclercdrive.fr/image.ashx?id=2988060&use=l&cat=p&typeid=i","cat":312606},{"id":39548,"n":"Haricots verts Notre Jardin Extra fins - 3x110g","p":1.83,"u":"5,55 €/KG","img":"https://fd8-photos.leclercdrive.fr/image.ashx?id=2472514&use=l&cat=p&typeid=i","cat":312606},{"id":39550,"n":"Sirop d'agave bio Bio Village 345g","p":1.99,"u":"5,77 €/KG","img":"https://fd8-photos.leclercdrive.fr/image.ashx?id=2175777&use=l&cat=p&typeid=i","cat":287643},{"id":39551,"n":"Tablettes pour chien Lydog Boeuf, poulet, agneau - 104g","p":1.22,"u":"11,73 €/KG","img":"https://fd8-photos.leclercdrive.fr/image.ashx?id=1201189&use=l&cat=p&typeid=i","cat":294527},{"id":39554,"n":"Mélange 4 champignons N.Jardin 230g","p":2.57,"u":"11,17 €/KG","img":"https://fd8-photos.leclercdrive.fr/image.ashx?id=2072719&use=l&cat=p&typeid=i","cat":312610},{"id":39555,"n":"Repas bébé bio Babybio - 6 mois Veau / Légumes - 2x200g","p":2.97,"u":"7,43 €/KG","img":"https://fd8-photos.leclercdrive.fr/image.ashx?id=2850545&use=l&cat=p&typeid=i","cat":312236},{"id":39556,"n":"Gaufres liégeoises P'tit Déli Sucrées - 550g","p":2.69,"u":"4,89 €/KG","img":"https://fd8-photos.leclercdrive.fr/image.ashx?id=2430219&use=l&cat=p&typeid=i","cat":294777},{"id":39558,"n":"Croquettes chat Tous mes amis Stérilisés - 2kg","p":3.24,"u":"1,62 €/KG","img":"https://fd8-photos.leclercdrive.fr/image.ashx?id=2301490&use=l&cat=p&typeid=i","cat":284680},{"id":39559,"n":"Céréales Jordans Spécial Muesli Fruits et Noix - 750g","p":3.55,"u":"4,73 €/KG","img":"https://fd8-photos.leclercdrive.fr/image.ashx?id=2966770&use=l&cat=p&typeid=i","cat":309512},{"id":39560,"n":"Duo Haricots verts et beurre Notre Jardin - 455g","p":1.99,"u":"4,37 €/KG","img":"https://fd8-photos.leclercdrive.fr/image.ashx?id=2291408&use=l&cat=p&typeid=i","cat":312606},{"id":39561,"n":"Petits pots bio Babybio Carotte boeuf - 8mois 2x200g","p":3.65,"u":"9,13 €/KG","img":"https://fd8-photos.leclercdrive.fr/image.ashx?id=2733286&use=l&cat=p&typeid=i","cat":312236},{"id":39562,"n":"Céréales Bio Jordans Muesli - 500g","p":2.95,"u":"5,90 €/KG","img":"https://fd8-photos.leclercdrive.fr/image.ashx?id=2475897&use=l&cat=p&typeid=i","cat":309512},{"id":39566,"n":"Repas bébé Babynat 6 mois Cabillaud Légumes - 2x200g","p":2.9,"u":"7,25 €/KG","img":"https://fd8-photos.leclercdrive.fr/image.ashx?id=2832008&use=l&cat=p&typeid=i","cat":312235},{"id":39569,"n":"Céréales Jordans Country Crisp Chocolat Noir 70% - 550g","p":3.61,"u":"6,56 €/KG","img":"https://fd8-photos.leclercdrive.fr/image.ashx?id=3000836&use=l&cat=p&typeid=i","cat":309512},{"id":39570,"n":"Céréales Jordans Country Crisp 4 Noix - 550g","p":3.23,"u":"5,87 €/KG","img":"https://fd8-photos.leclercdrive.fr/image.ashx?id=2973487&use=l&cat=p&typeid=i","cat":309512},{"id":39572,"n":"Biscuits batonnets P'tit Déli Chocolat au lait 90g","p":1.29,"u":"14,33 €/KG","img":"https://fd8-photos.leclercdrive.fr/image.ashx?id=2927182&use=l&cat=p&typeid=i","cat":284488},{"id":39584,"n":"AOP Côtes de Provence rosé Berne Grande récolte - 1,5L","p":24.0,"u":"16,00 €/L","img":"https://fd8-photos.leclercdrive.fr/image.ashx?id=2857536&use=l&cat=p&typeid=i","cat":289558},{"id":39616,"n":"Sirop Moulin de Valdonne Fraise - 70cl","p":3.31,"u":"4,73 €/L","img":"https://fd8-photos.leclercdrive.fr/image.ashx?id=2170559&use=l&cat=p&typeid=i","cat":295020},{"id":39617,"n":"Sirop Moulin de Valdonne Menthe - 70cl","p":3.01,"u":"4,30 €/L","img":"https://fd8-photos.leclercdrive.fr/image.ashx?id=2170550&use=l&cat=p&typeid=i","cat":295020},{"id":39621,"n":"Boisson énergisante Red Bull 4x355ml","p":6.23,"u":"4,39 €/L","img":"https://fd8-photos.leclercdrive.fr/image.ashx?id=3011983&use=l&cat=p&typeid=i","cat":284533},{"id":39651,"n":"Sel fin iodé Cérébos Boîte 125g","p":0.5,"u":"4,00 €/KG","img":"https://fd8-photos.leclercdrive.fr/image.ashx?id=2817536&use=l&cat=p&typeid=i","cat":284457},{"id":39735,"n":"Huile Isio 4 Lesieur Stop goutte - 675ml","p":2.68,"u":"3,97 €/L","img":"https://fd8-photos.leclercdrive.fr/image.ashx?id=2916015&use=l&cat=p&typeid=i","cat":284453},{"id":39740,"n":"Tortilla dürüm Antalya 12x30cm","p":3.69,"u":"3,08 €/KG","img":"https://fd8-photos.leclercdrive.fr/image.ashx?id=1594844&use=l&cat=p&typeid=i","cat":288993},{"id":39768,"n":"Préparation de fruits Myrtilles  Lucien Georgelin 320g","p":2.35,"u":"7,34 €/KG","img":"https://fd8-photos.leclercdrive.fr/image.ashx?id=1953840&use=l&cat=p&typeid=i","cat":284480},{"id":39769,"n":"Préparation de fruits Figues  rouges Lucien Georgelin 320g","p":2.05,"u":"6,41 €/KG","img":"https://fd8-photos.leclercdrive.fr/image.ashx?id=1611755&use=l&cat=p&typeid=i","cat":284480},{"id":39770,"n":"Edulcorant Canderel Pot, poudre 80g","p":2.29,"u":"28,63 €/KG","img":"https://fd8-photos.leclercdrive.fr/image.ashx?id=2811020&use=l&cat=p&typeid=i","cat":324846},{"id":39783,"n":"Liqueur Malibu Coco 18% vol - 1L","p":15.45,"u":"15,45 €/L","img":"https://fd8-photos.leclercdrive.fr/image.ashx?id=2396881&use=l&cat=p&typeid=i","cat":284551},{"id":39796,"n":"Bûche de chèvre Soignon Crémeuse - 180g","p":3.15,"u":"17,50 €/KG","img":"https://fd8-photos.leclercdrive.fr/image.ashx?id=2787134&use=l&cat=p&typeid=i","cat":314031},{"id":39827,"n":"Sauce Algerienne Colona 500ml","p":2.96,"u":"5,92 €/L","img":"https://fd8-photos.leclercdrive.fr/image.ashx?id=2687182&use=l&cat=p&typeid=i","cat":318431},{"id":39840,"n":"Eau de source Laqueuille 50cl","p":0.28,"u":"0,56 €/L","img":"https://fd8-photos.leclercdrive.fr/image.ashx?id=805068&use=l&cat=p&typeid=i","cat":284535},{"id":39842,"n":"Eau minérale gazeuse St-Diery Naturelle - 50cl","p":0.25,"u":"0,50 €/L","img":"https://fd8-photos.leclercdrive.fr/image.ashx?id=2617231&use=l&cat=p&typeid=i","cat":284536},{"id":39856,"n":"Sirop Frucci  Citron vert - 75cl","p":3.29,"u":"4,39 €/L","img":"https://fd8-photos.leclercdrive.fr/image.ashx?id=2842307&use=l&cat=p&typeid=i","cat":295020},{"id":39858,"n":"Sirop Frucci Fruits exotiques - 75cl","p":2.65,"u":"3,53 €/L","img":"https://fd8-photos.leclercdrive.fr/image.ashx?id=2842313&use=l&cat=p&typeid=i","cat":295020},{"id":39872,"n":"Pur jus d'ananas Jafaden 4x20cl","p":3.35,"u":"4,19 €/L","img":"https://fd8-photos.leclercdrive.fr/image.ashx?id=2553333&use=l&cat=p&typeid=i","cat":284524},{"id":39894,"n":"Bière blanche Hilbörg 4,5%vol. -  6x25cl","p":3.45,"u":"2,30 €/L","img":"https://fd8-photos.leclercdrive.fr/image.ashx?id=2913706&use=l&cat=p&typeid=i","cat":334878},{"id":39934,"n":"Yaourts à la Grecque Délisse Nature - 8x125g","p":2.15,"u":"2,15 €/KG","img":"https://fd8-photos.leclercdrive.fr/image.ashx?id=2699480&use=l&cat=p&typeid=i","cat":314999},{"id":39941,"n":"Laque Fixation Forte 24h Dop Vivelle - 250ml","p":3.79,"u":"15,16 €/L","img":"https://fd8-photos.leclercdrive.fr/image.ashx?id=2457239&use=l&cat=p&typeid=i","cat":284609},{"id":39943,"n":"Laque fixation Extra-Forte Dop Vivelle - 250ml","p":3.77,"u":"15,08 €/L","img":"https://fd8-photos.leclercdrive.fr/image.ashx?id=2457236&use=l&cat=p&typeid=i","cat":284609},{"id":39946,"n":"Crème de nuit L'Oréal Paris Revitalift anti-rides - 50ml","p":7.72,"u":"154,40 €/L","img":"https://fd8-photos.leclercdrive.fr/image.ashx?id=2865869&use=l&cat=p&typeid=i","cat":325345},{"id":39947,"n":"Soin de jour L'Oréal Paris Revitalift Anti-rides - 50ml","p":7.72,"u":"154,40 €/L","img":"https://fd8-photos.leclercdrive.fr/image.ashx?id=2851078&use=l&cat=p&typeid=i","cat":325345},{"id":39950,"n":"Yaourts Lait de brebis Délisse Nature - 4x125g","p":2.19,"u":"4,38 €/KG","img":"https://fd8-photos.leclercdrive.fr/image.ashx?id=1872007&use=l&cat=p&typeid=i","cat":314998},{"id":39951,"n":"Crème dessert Délisse Pistache - 4x125g","p":0.89,"u":"1,78 €/KG","img":"https://fd8-photos.leclercdrive.fr/image.ashx?id=2441333&use=l&cat=p&typeid=i","cat":285041},{"id":39953,"n":"crème dessert chocolat danette pop billes 3 chocolats - 4x117g","p":2.5,"u":"5,34 €/KG","img":"https://fd8-photos.leclercdrive.fr/image.ashx?id=2926230&use=l&cat=p&typeid=i","cat":285041},{"id":39954,"n":"Crème dessert vanille Danette  Billes 3 chocolats - 4x117g","p":2.53,"u":"5,41 €/KG","img":"https://fd8-photos.leclercdrive.fr/image.ashx?id=2926227&use=l&cat=p&typeid=i","cat":285041},{"id":39973,"n":"Plat bébé Blédina 12 mois  Boulghour tomate saumon -2x200g","p":2.66,"u":"6,65 €/KG","img":"https://fd8-photos.leclercdrive.fr/image.ashx?id=2975083&use=l&cat=p&typeid=i","cat":312237},{"id":39974,"n":"Plat bébé Blédina 6 mois  Purée butternut poulet - 2x200g","p":2.61,"u":"6,53 €/KG","img":"https://fd8-photos.leclercdrive.fr/image.ashx?id=2975080&use=l&cat=p&typeid=i","cat":312236},{"id":39988,"n":"Crème de douche Manava Douceur de crème - 250ml","p":1.05,"u":"4,20 €/L","img":"https://fd8-photos.leclercdrive.fr/image.ashx?id=2699282&use=l&cat=p&typeid=i","cat":284594},{"id":39989,"n":"Savon douceur Manava 1/4 de crème 100g","p":0.93,"u":"9,30 €/KG","img":"https://fd8-photos.leclercdrive.fr/image.ashx?id=2331318&use=l&cat=p&typeid=i","cat":284597},{"id":39992,"n":"Gel douche Manava Monoï de Polynésie 250ml","p":1.15,"u":"4,60 €/L","img":"https://fd8-photos.leclercdrive.fr/image.ashx?id=2626805&use=l&cat=p&typeid=i","cat":284594},{"id":39995,"n":"Recharge gel lavant Manava Savon de Marseil. Olive - 250ml","p":0.66,"u":"2,64 €/L","img":"https://fd8-photos.leclercdrive.fr/image.ashx?id=2935501&use=l&cat=p&typeid=i","cat":284597},{"id":40004,"n":"Saucisson Mini Justin Bridou  Bâton de Berger - 100g","p":2.29,"u":"22,90 €/KG","img":"https://fd8-photos.leclercdrive.fr/image.ashx?id=3011440&use=l&cat=p&typeid=i","cat":316006},{"id":40006,"n":"Houmous Extra l'Atelier Blini 175g","p":2.71,"u":"15,49 €/KG","img":"https://fd8-photos.leclercdrive.fr/image.ashx?id=2795093&use=l&cat=p&typeid=i","cat":315999},{"id":40010,"n":"Emiettés de thon chorizo  Gastromer - 150g","p":1.99,"pp":1.31,"u":"8,73 €/KG","img":"https://fd8-photos.leclercdrive.fr/image.ashx?id=2049910&use=l&cat=p&typeid=i","cat":285191},{"id":40015,"n":"Tarama Blini Extra - 175g","p":3.12,"u":"17,83 €/KG","img":"https://fd8-photos.leclercdrive.fr/image.ashx?id=2795096&use=l&cat=p&typeid=i","cat":315999},{"id":40017,"n":"Tzatziki Blini Extra - 175g","p":2.76,"u":"15,77 €/KG","img":"https://fd8-photos.leclercdrive.fr/image.ashx?id=2973703&use=l&cat=p&typeid=i","cat":315999},{"id":40027,"n":"Tartinable Thon Cap Océan MSC Fromage Frais Ciboulette - 140g","p":1.88,"u":"13,43 €/KG","img":"https://fd8-photos.leclercdrive.fr/image.ashx?id=2434425&use=l&cat=p&typeid=i","cat":285191},{"id":40033,"n":"Yaourt nature sucré Yoplait - 16x125g","p":3.28,"u":"1,64 €/KG","img":"https://fd8-photos.leclercdrive.fr/image.ashx?id=2796821&use=l&cat=p&typeid=i","cat":284409},{"id":40034,"n":"Menthe Pastille Giffard 24%vol - 70cl","p":12.43,"u":"17,76 €/L","img":"https://fd8-photos.leclercdrive.fr/image.ashx?id=2529903&use=l&cat=p&typeid=i","cat":286032},{"id":40038,"n":"Bière Lindemans Kriek 3.5%vol. - 25cl","p":1.65,"u":"6,60 €/L","img":"https://fd8-photos.leclercdrive.fr/image.ashx?id=2830894&use=l&cat=p&typeid=i","cat":334872},{"id":40051,"n":"Crêpes bretonnes Saint Michel Nature - x12 - 315g","p":2.23,"u":"7,08 €/KG","img":"https://fd8-photos.leclercdrive.fr/image.ashx?id=2060238&use=l&cat=p&typeid=i","cat":284494},{"id":40089,"n":"Gel douche Manava Cranberry myrtille - 250ml","p":1.15,"u":"4,60 €/L","img":"https://fd8-photos.leclercdrive.fr/image.ashx?id=2626802&use=l&cat=p&typeid=i","cat":284594},{"id":40090,"n":"Lait corps Inell Nourrissant - 250ml","p":2.33,"u":"9,32 €/L","img":"https://fd8-photos.leclercdrive.fr/image.ashx?id=1732820&use=l&cat=p&typeid=i","cat":325349},{"id":40094,"n":"Saucissons secs Saint Azay Stick nature 100g","p":1.99,"u":"19,90 €/KG","img":"https://fd8-photos.leclercdrive.fr/image.ashx?id=2474128&use=l&cat=p&typeid=i","cat":316006},{"id":40101,"n":"Saucisson Saint-Azay  Fuet Catalan - 170 g","p":2.09,"u":"12,29 €/KG","img":"https://fd8-photos.leclercdrive.fr/image.ashx?id=2856302&use=l&cat=p&typeid=i","cat":316006},{"id":40103,"n":"Aiguillettes poulet jaune Volandrie - 210g","p":2.95,"u":"14,05 €/KG","img":"https://fd8-photos.leclercdrive.fr/image.ashx?id=2048872&use=l&cat=p&typeid=i","cat":284336},{"id":40106,"n":"Aiguillettes poulet blanc Volandrie - 210g","p":2.95,"u":"14,05 €/KG","img":"https://fd8-photos.leclercdrive.fr/image.ashx?id=2445805&use=l&cat=p&typeid=i","cat":284336},{"id":40107,"n":"Adoucissant Hyperdou Provence - 750ml","p":1.99,"u":"2,65 €/L","img":"https://fd8-photos.leclercdrive.fr/image.ashx?id=2614473&use=l&cat=p&typeid=i","cat":284650},{"id":40108,"n":"Adoucissant Hyperdou Rêve fraicheur - 750ml","p":1.89,"u":"2,52 €/L","img":"https://fd8-photos.leclercdrive.fr/image.ashx?id=2602850&use=l&cat=p&typeid=i","cat":284650},{"id":40121,"n":"AOC Entre-Deux-Mers vin blanc Chantet Blanet - 75cl","p":3.89,"u":"5,19 €/L","img":"https://fd8-photos.leclercdrive.fr/image.ashx?id=2918466&use=l&cat=p&typeid=i","cat":289557},{"id":40122,"n":"AOP Côtes de Provence vin rosé Terres Ocrées - 75cl - 13%","p":4.99,"u":"6,65 €/L","img":"https://fd8-photos.leclercdrive.fr/image.ashx?id=2896895&use=l&cat=p&typeid=i","cat":289558},{"id":40133,"n":"Gaufrettes Paille d'Or LU Framboise - 170g","p":1.85,"u":"10,88 €/KG","img":"https://fd8-photos.leclercdrive.fr/image.ashx?id=2883753&use=l&cat=p&typeid=i","cat":284489},{"id":40134,"n":"Biscottes Heudebert  Nature - 830g","p":3.26,"u":"3,93 €/KG","img":"https://fd8-photos.leclercdrive.fr/image.ashx?id=2473705&use=l&cat=p&typeid=i","cat":284479},{"id":40135,"n":"Biscottes Heudebert  Nature - 300g","p":1.31,"u":"4,37 €/KG","img":"https://fd8-photos.leclercdrive.fr/image.ashx?id=2368291&use=l&cat=p&typeid=i","cat":284479},{"id":40138,"n":"Biscuits Petit Ecolier Chocolat au lait - 150g","p":1.68,"u":"11,20 €/KG","img":"https://fd8-photos.leclercdrive.fr/image.ashx?id=2323844&use=l&cat=p&typeid=i","cat":284488},{"id":40140,"n":"Pain grillé Pelletier Froment - 500g","p":2.12,"u":"4,24 €/KG","img":"https://fd8-photos.leclercdrive.fr/image.ashx?id=3002249&use=l&cat=p&typeid=i","cat":284479},{"id":40142,"n":"Compote Douceur du Verger Coupelle multivariétés -16x100g","p":3.99,"u":"2,49 €/KG","img":"https://fd8-photos.leclercdrive.fr/image.ashx?id=2663533&use=l&cat=p&typeid=i","cat":284508},{"id":40169,"n":"IGP Sel fin Le Guérandais  Label rouge - 250g","p":2.13,"u":"8,52 €/KG","img":"https://fd8-photos.leclercdrive.fr/image.ashx?id=2457887&use=l&cat=p&typeid=i","cat":284457},{"id":40180,"n":"Emiettés surimi crabe Gastromer 150g","p":1.99,"pp":1.31,"u":"8,73 €/KG","img":"https://fd8-photos.leclercdrive.fr/image.ashx?id=1605662&use=l&cat=p&typeid=i","cat":285191},{"id":40214,"n":"Sauce Pesto Barilla Basilic et Roquette - 190g","p":1.94,"u":"10,21 €/KG","img":"https://fd8-photos.leclercdrive.fr/image.ashx?id=2457980&use=l&cat=p&typeid=i","cat":287599},{"id":40215,"n":"Petit pot soir Babybio Bio P.pois maïs riz, 6 mois 2x200g","p":2.6,"u":"6,50 €/KG","img":"https://fd8-photos.leclercdrive.fr/image.ashx?id=2827476&use=l&cat=p&typeid=i","cat":312239},{"id":40217,"n":"Petits pots Babybio Bio Légumes jambon - 8mois 2x200g","p":2.91,"u":"7,28 €/KG","img":"https://fd8-photos.leclercdrive.fr/image.ashx?id=2838464&use=l&cat=p&typeid=i","cat":312236},{"id":40271,"n":"Baguette céréales 250g","p":1.05,"u":"4,20 €/KG","img":"https://fd8-photos.leclercdrive.fr/image.ashx?id=2063062&use=l&cat=p&typeid=i","cat":284359},{"id":40278,"n":"Barres glacées Twix  Caramel & Biscuit x6 - 205g","p":2.76,"u":"13,46 €/KG","img":"https://fd8-photos.leclercdrive.fr/image.ashx?id=2906742&use=l&cat=p&typeid=i","cat":284264},{"id":40279,"n":"Jus innocent orange sans pulpe 900ml","p":2.48,"u":"2,76 €/L","img":"https://fd8-photos.leclercdrive.fr/image.ashx?id=2736583&use=l&cat=p&typeid=i","cat":285435},{"id":40303,"n":"Coton Duo Démaquillants Inell Ovale - Aloé véra - Disques x60","p":1.69,"img":"https://fd8-photos.leclercdrive.fr/image.ashx?id=1926957&use=l&cat=p&typeid=i","cat":285593},{"id":40312,"n":"Cèpes déshydratés Notre Jardin 40g","p":3.11,"u":"77,75 €/KG","img":"https://fd8-photos.leclercdrive.fr/image.ashx?id=2403276&use=l&cat=p&typeid=i","cat":284352},{"id":40313,"n":"Madeleines marbrées P'tit Déli Chocolat 400g","p":2.15,"u":"5,38 €/KG","img":"https://fd8-photos.leclercdrive.fr/image.ashx?id=2646065&use=l&cat=p&typeid=i","cat":284492},{"id":40318,"n":"Mini cornichons Rustica 210g","p":2.03,"u":"9,67 €/KG","img":"https://fd8-photos.leclercdrive.fr/image.ashx?id=2916704&use=l&cat=p&typeid=i","cat":284458},{"id":40329,"n":"Chocolat en poudre Equador Pur Cacao non sucré - 250g","p":3.28,"u":"13,12 €/KG","img":"https://fd8-photos.leclercdrive.fr/image.ashx?id=2120290&use=l&cat=p&typeid=i","cat":284504},{"id":40332,"n":"Bière aromatisée Desperados 5.9%vol. - 20x25cl","p":18.23,"u":"3,65 €/L","img":"https://fd8-photos.leclercdrive.fr/image.ashx?id=2977300&use=l&cat=p&typeid=i","cat":334878},{"id":40336,"n":"Bière blonde Heineken 12x33cl","p":12.32,"u":"3,11 €/L","img":"https://fd8-photos.leclercdrive.fr/image.ashx?id=3008110&use=l&cat=p&typeid=i","cat":334873},{"id":40337,"n":"Morilles déshydratées Notre Jardin pot 30g","p":12.78,"u":"426,00 €/KG","img":"https://fd8-photos.leclercdrive.fr/image.ashx?id=2418332&use=l&cat=p&typeid=i","cat":284352},{"id":40342,"n":"Serviette Tena Lady - Maxi Night - x12","p":5.99,"u":"0,50 €/P","img":"https://fd8-photos.leclercdrive.fr/image.ashx?id=2597232&use=l&cat=p&typeid=i","cat":284628},{"id":40345,"n":"Cotons Démaquillants Demak'Up Original ovale x70","p":1.82,"u":"0,03 €/P","img":"https://fd8-photos.leclercdrive.fr/image.ashx?id=2791458&use=l&cat=p&typeid=i","cat":285593},{"id":40372,"n":"Sauce Tomate Sacla'Italia Roquette - 190g","p":3.01,"u":"15,84 €/KG","img":"https://fd8-photos.leclercdrive.fr/image.ashx?id=2111544&use=l&cat=p&typeid=i","cat":287599},{"id":40373,"n":"Sauce Sacla'Italia Aubergines Alla parmigiana 190g","p":3.09,"u":"16,26 €/KG","img":"https://fd8-photos.leclercdrive.fr/image.ashx?id=2507041&use=l&cat=p&typeid=i","cat":287599},{"id":40390,"n":"Sauce Sacla'Italia Basilic 345g","p":2.33,"u":"6,75 €/KG","img":"https://fd8-photos.leclercdrive.fr/image.ashx?id=2662150&use=l&cat=p&typeid=i","cat":287599},{"id":40403,"n":"Sauce Pesto Sacla'Italia Bio Sans gluten - 190g","p":2.93,"u":"15,42 €/KG","img":"https://fd8-photos.leclercdrive.fr/image.ashx?id=2507068&use=l&cat=p&typeid=i","cat":318654},{"id":40412,"n":"Thon entier Petit Navire Huile de tournesol - 160g","p":1.92,"u":"12,00 €/KG","img":"https://fd8-photos.leclercdrive.fr/image.ashx?id=2523846&use=l&cat=p&typeid=i","cat":303867},{"id":40430,"n":"Plat bébé soir Blédiner 8 mois  Patate douce carotte - 2x200g","p":2.29,"u":"5,73 €/KG","img":"https://fd8-photos.leclercdrive.fr/image.ashx?id=2902969&use=l&cat=p&typeid=i","cat":312239},{"id":40494,"n":"Compotes Andros Pomme châtaigne 8x100g","p":2.84,"u":"3,55 €/KG","img":"https://fd8-photos.leclercdrive.fr/image.ashx?id=2988611&use=l&cat=p&typeid=i","cat":284416},{"id":40495,"n":"Gâteau mix max Balconi Cacao 350g","p":1.93,"u":"5,51 €/KG","img":"https://fd8-photos.leclercdrive.fr/image.ashx?id=2878408&use=l&cat=p&typeid=i","cat":284495},{"id":40506,"n":"Sauce Sacla'Italia Gorgonzola oignon doux - 190g","p":2.94,"u":"15,47 €/KG","img":"https://fd8-photos.leclercdrive.fr/image.ashx?id=2507044&use=l&cat=p&typeid=i","cat":287599},{"id":40516,"n":"Compote Douceur du Verger Gourdes multivariétés - 12x90g","p":4.09,"u":"3,79 €/KG","img":"https://fd8-photos.leclercdrive.fr/image.ashx?id=2837051&use=l&cat=p&typeid=i","cat":284508},{"id":40519,"n":"Kit fajitas Old El Paso extra doux - 478g","p":5.2,"u":"10,88 €/KG","img":"https://fd8-photos.leclercdrive.fr/image.ashx?id=2765405&use=l&cat=p&typeid=i","cat":288993},{"id":40522,"n":"Préparation cassis NRT D'Ile de France - 315g","p":3.77,"u":"11,97 €/KG","img":"https://fd8-photos.leclercdrive.fr/image.ashx?id=779320&use=l&cat=p&typeid=i","cat":284480},{"id":40566,"n":"Pain aux céréales tranché 300g","p":1.8,"u":"6,00 €/KG","img":"https://fd8-photos.leclercdrive.fr/image.ashx?id=2063077&use=l&cat=p&typeid=i","cat":284359},{"id":40573,"n":"Tablette chocolat Milka Chocolat lait/Noisette - 2x100g","p":3.41,"u":"17,05 €/KG","img":"https://fd8-photos.leclercdrive.fr/image.ashx?id=2832422&use=l&cat=p&typeid=i","cat":284497},{"id":40574,"n":"Tablette chocolat Milka Chocolat lait/Riz - 2x100g","p":3.06,"u":"15,30 €/KG","img":"https://fd8-photos.leclercdrive.fr/image.ashx?id=2400448&use=l&cat=p&typeid=i","cat":284497},{"id":40610,"n":"Pérail Lou Pérac Fromage de brebis - 100g","p":2.17,"u":"21,70 €/KG","img":"https://fd8-photos.leclercdrive.fr/image.ashx?id=2848545&use=l&cat=p&typeid=i","cat":314031},{"id":40612,"n":"Fromage de Brebis Etorki  180g","p":3.47,"u":"19,28 €/KG","img":"https://fd8-photos.leclercdrive.fr/image.ashx?id=2702816&use=l&cat=p&typeid=i","cat":329184},{"id":40620,"n":"Jus innocent  orange sans pulpe 1.5L","p":3.6,"u":"2,40 €/L","img":"https://fd8-photos.leclercdrive.fr/image.ashx?id=2889811&use=l&cat=p&typeid=i","cat":285435},{"id":40627,"n":"AOC Rosé d'Anjou vin rosé Les Caractères - 75cl","p":3.89,"u":"5,19 €/L","img":"https://fd8-photos.leclercdrive.fr/image.ashx?id=2756146&use=l&cat=p&typeid=i","cat":289558},{"id":40631,"n":"Levure Chimique Alsacienne alsa 8 sachets - 88g","p":0.68,"u":"7,73 €/KG","img":"https://fd8-photos.leclercdrive.fr/image.ashx?id=3009335&use=l&cat=p&typeid=i","cat":294686},{"id":40649,"n":"Pansement Primoplast Transparents x40","p":0.99,"u":"0,02 €/P","img":"https://fd8-photos.leclercdrive.fr/image.ashx?id=2832957&use=l&cat=p&typeid=i","cat":284630},{"id":40656,"n":"Gel douche Manava Surgras - 500ml","p":1.85,"u":"3,70 €/L","img":"https://fd8-photos.leclercdrive.fr/image.ashx?id=2799239&use=l&cat=p&typeid=i","cat":284594},{"id":40657,"n":"Gel douche Manava Hypoallergenique - 500ml","p":1.85,"u":"3,70 €/L","img":"https://fd8-photos.leclercdrive.fr/image.ashx?id=2799165&use=l&cat=p&typeid=i","cat":284594},{"id":40666,"n":"Antiseptique Primoplast Spray - 100ml","p":2.4,"u":"24,00 €/L","img":"https://fd8-photos.leclercdrive.fr/image.ashx?id=1724578&use=l&cat=p&typeid=i","cat":284630},{"id":40676,"n":"Beurre Tendre Président Demi-sel - 80% MG - 250g","p":3.17,"u":"12,68 €/KG","img":"https://fd8-photos.leclercdrive.fr/image.ashx?id=2731420&use=l&cat=p&typeid=i","cat":284379},{"id":40708,"n":"IGP Gard vin rosé Rives & Terrasses 12% vol - BIB 5L","p":13.99,"u":"2,80 €/L","img":"https://fd8-photos.leclercdrive.fr/image.ashx?id=2882325&use=l&cat=p&typeid=i","cat":289560},{"id":40774,"n":"Lingettes nettoyantes La Croix Désinfectant Javel - x 25","p":1.53,"u":"0,06 €/P","img":"https://fd8-photos.leclercdrive.fr/image.ashx?id=2540106&use=l&cat=p&typeid=i","cat":325358},{"id":40776,"n":"Détachant avant lavage K2R  Tâche incrustée mousse  - 400mL","p":2.77,"u":"6,93 €/L","img":"https://fd8-photos.leclercdrive.fr/image.ashx?id=2101177&use=l&cat=p&typeid=i","cat":284651},{"id":40786,"n":"Riz au lait Bio Bio Village Vanille - 4x100g","p":1.79,"u":"4,48 €/KG","img":"https://fd8-photos.leclercdrive.fr/image.ashx?id=2992636&use=l&cat=p&typeid=i","cat":284418},{"id":40789,"n":"Yaourts à boire Délisse Fraise - 8x100g","p":1.95,"u":"2,44 €/KG","img":"https://fd8-photos.leclercdrive.fr/image.ashx?id=2762504&use=l&cat=p&typeid=i","cat":284415},{"id":40790,"n":"Yaourt brassé Bio Bio Village Nature - 4x125g","p":1.2,"u":"2,40 €/KG","img":"https://fd8-photos.leclercdrive.fr/image.ashx?id=2064624&use=l&cat=p&typeid=i","cat":284409},{"id":40799,"n":"Cylindre d'échange CO2 Sodastream - à visser - 60L","p":11.9,"img":"https://fd8-photos.leclercdrive.fr/image.ashx?id=2858690&use=l&cat=p&typeid=i","cat":335916},{"id":40805,"n":"Rondelle caoutchouc Le Parfait Diamètre 70 - x10","p":2.6,"u":"0,26 €/P","img":"https://fd8-photos.leclercdrive.fr/image.ashx?id=2807489&use=l&cat=p&typeid=i","cat":284710},{"id":40806,"n":"Recharge Frixion Ball Pilot Moyen x3","p":4.7,"u":"1,57 €/P","img":"https://fd8-photos.leclercdrive.fr/image.ashx?id=2969073&use=l&cat=p&typeid=i","cat":284696},{"id":40819,"n":"Olives noires Brin d'Olivier Aux aromates de Provence 150g","p":1.87,"u":"12,47 €/KG","img":"https://fd8-photos.leclercdrive.fr/image.ashx?id=1876826&use=l&cat=p&typeid=i","cat":284458},{"id":40828,"n":"Cornets La Basquaise x18 - 58g","p":2.28,"u":"39,31 €/KG","img":"https://fd8-photos.leclercdrive.fr/image.ashx?id=2983273&use=l&cat=p&typeid=i","cat":284487},{"id":40829,"n":"Sirop Eyguebelle Menthe - 1L","p":3.62,"u":"3,62 €/L","img":"https://fd8-photos.leclercdrive.fr/image.ashx?id=2020131&use=l&cat=p&typeid=i","cat":295020},{"id":40904,"n":"Pesto rosso Turini 190g","p":1.68,"u":"8,84 €/KG","img":"https://fd8-photos.leclercdrive.fr/image.ashx?id=2546257&use=l&cat=p&typeid=i","cat":287599},{"id":40908,"n":"Sauce pizza Tomapizza Panzani aux tomates et origan - 390g","p":1.36,"u":"3,49 €/KG","img":"https://fd8-photos.leclercdrive.fr/image.ashx?id=2744626&use=l&cat=p&typeid=i","cat":288384},{"id":40946,"n":"Whisky Chivas Regal 18 ans Blended Scotch 40% vol - 70cl","p":55.0,"u":"78,57 €/L","img":"https://fd8-photos.leclercdrive.fr/image.ashx?id=2884084&use=l&cat=p&typeid=i","cat":284547},{"id":40948,"n":"Whisky Season Knockando 12 ans - 43%vol - 70cl","p":30.93,"u":"44,19 €/L","img":"https://fd8-photos.leclercdrive.fr/image.ashx?id=2397496&use=l&cat=p&typeid=i","cat":284547},{"id":40967,"n":"AOP Bourgogne Aligoté vin blanc Antoine Barrier - 75cl","p":6.49,"u":"8,65 €/L","img":"https://fd8-photos.leclercdrive.fr/image.ashx?id=2883011&use=l&cat=p&typeid=i","cat":289557},{"id":40970,"n":"Croûtons Tipiak Fromage sachet - 140g","p":1.36,"u":"9,71 €/KG","img":"https://fd8-photos.leclercdrive.fr/image.ashx?id=2453355&use=l&cat=p&typeid=i","cat":284464},{"id":40980,"n":"Chargeur universel Foxter x1","p":17.99,"u":"Dont 0,10 € d'éco-part.","img":"https://fd8-photos.leclercdrive.fr/image.ashx?id=2162318&use=l&cat=p&typeid=i","cat":300572},{"id":40984,"n":"Chargeur piles Basic' Foxter AA/HR6 1 AAA/HR3 + 4 piles HR6","p":14.79,"u":"Dont 0,10 € d'éco-part.","img":"https://fd8-photos.leclercdrive.fr/image.ashx?id=2034160&use=l&cat=p&typeid=i","cat":300572},{"id":40988,"n":"Détachant Ace Délicat Système 8+ 2L","p":4.4,"u":"2,20 €/L","img":"https://fd8-photos.leclercdrive.fr/image.ashx?id=2559152&use=l&cat=p&typeid=i","cat":284651},{"id":40996,"n":"Cèpes extra déshydratés Borde 40g","p":3.74,"u":"93,50 €/KG","img":"https://fd8-photos.leclercdrive.fr/image.ashx?id=2552532&use=l&cat=p&typeid=i","cat":312610},{"id":40997,"n":"Panier forestier déshydraté  30g","p":1.79,"u":"59,67 €/KG","img":"https://fd8-photos.leclercdrive.fr/image.ashx?id=2618853&use=l&cat=p&typeid=i","cat":312610},{"id":41002,"n":"Repas fraicheur pour chat Sheba Volaille en sauce - 6x50g","p":2.56,"u":"8,53 €/KG","img":"https://fd8-photos.leclercdrive.fr/image.ashx?id=2888097&use=l&cat=p&typeid=i","cat":285286},{"id":41006,"n":"Biscuits chien Pedigree Markies fourrés - 500g","p":1.74,"u":"3,48 €/KG","img":"https://fd8-photos.leclercdrive.fr/image.ashx?id=2254319&use=l&cat=p&typeid=i","cat":294527},{"id":41009,"n":"Friandises chat Catisfactions Fromage - 60g","p":1.06,"u":"17,67 €/KG","img":"https://fd8-photos.leclercdrive.fr/image.ashx?id=2912608&use=l&cat=p&typeid=i","cat":285285},{"id":41016,"n":"Sachet fraîcheur chat Sheba Poissons en sauce - 4x85g","p":2.12,"u":"6,24 €/KG","img":"https://fd8-photos.leclercdrive.fr/image.ashx?id=2759625&use=l&cat=p&typeid=i","cat":285286},{"id":41018,"n":"Pur jus d'ananas Jafaden Bouteille 1L","p":1.99,"u":"1,99 €/L","img":"https://fd8-photos.leclercdrive.fr/image.ashx?id=2956729&use=l&cat=p&typeid=i","cat":284916},{"id":41019,"n":"Pur jus de raisin Jafaden Bouteille 1L","p":1.54,"u":"1,54 €/L","img":"https://fd8-photos.leclercdrive.fr/image.ashx?id=2860757&use=l&cat=p&typeid=i","cat":284915},{"id":41020,"n":"Pur jus Jafaden Clémentine - 1L","p":1.91,"u":"1,91 €/L","img":"https://fd8-photos.leclercdrive.fr/image.ashx?id=2895786&use=l&cat=p&typeid=i","cat":284915},{"id":41022,"n":"Sachet fraicheur chat Sheba Thon cabillaud en sauce - 6x50g","p":2.56,"u":"8,53 €/KG","img":"https://fd8-photos.leclercdrive.fr/image.ashx?id=2347128&use=l&cat=p&typeid=i","cat":285286},{"id":41053,"n":"Poêlée Paysan Breton Aux 5 légumes - 1kg","p":3.8,"u":"3,80 €/KG","img":"https://fd8-photos.leclercdrive.fr/image.ashx?id=2882403&use=l&cat=p&typeid=i","cat":319823},{"id":41076,"n":"Café en grains Folliet A l'ancienne - 250g","p":5.66,"u":"22,64 €/KG","img":"https://fd8-photos.leclercdrive.fr/image.ashx?id=2118818&use=l&cat=p&typeid=i","cat":293237},{"id":41077,"n":"Café moulu Folliet Café à l'ancienne - 2x250g","p":11.21,"u":"22,42 €/KG","img":"https://fd8-photos.leclercdrive.fr/image.ashx?id=2021400&use=l&cat=p&typeid=i","cat":284750},{"id":41078,"n":"Yaourts Savoie Yaourt Fruits jaunes - 6x125g","p":2.67,"u":"3,56 €/KG","img":"https://fd8-photos.leclercdrive.fr/image.ashx?id=2504752&use=l&cat=p&typeid=i","cat":284410},{"id":41079,"n":"Yaourts Savoie Yaourt Fruits rouges - 6x125g","p":2.69,"u":"3,59 €/KG","img":"https://fd8-photos.leclercdrive.fr/image.ashx?id=2504746&use=l&cat=p&typeid=i","cat":284410},{"id":41112,"n":"Préparation de fruits Cerises noires Lucien Georgelin 320g","p":2.48,"u":"7,75 €/KG","img":"https://fd8-photos.leclercdrive.fr/image.ashx?id=1638547&use=l&cat=p&typeid=i","cat":284480},{"id":41117,"n":"Vinaigre de nettoyage Clair Citron - 750ml","p":1.95,"u":"2,60 €/L","img":"https://fd8-photos.leclercdrive.fr/image.ashx?id=2949188&use=l&cat=p&typeid=i","cat":325365},{"id":41140,"n":"Filets maquereaux Pêche Océan Naturel - 95g","p":1.48,"u":"15,58 €/KG","img":"https://fd8-photos.leclercdrive.fr/image.ashx?id=2515685&use=l&cat=p&typeid=i","cat":303868},{"id":41147,"n":"Bain de bouche Dentamyl Expert Sensitive - 500ml","p":1.89,"u":"3,78 €/L","img":"https://fd8-photos.leclercdrive.fr/image.ashx?id=2594570&use=l&cat=p&typeid=i","cat":284613},{"id":41162,"n":"Olives Apéritives Cassées à l'ail - 250g","p":2.83,"u":"11,32 €/KG","img":"https://fd8-photos.leclercdrive.fr/image.ashx?id=2833696&use=l&cat=p&typeid=i","cat":316002},{"id":41188,"n":"Captain Morgan Original Spiced Boisson à base de rhum- 70cl","p":12.52,"u":"17,89 €/L","img":"https://fd8-photos.leclercdrive.fr/image.ashx?id=2518403&use=l&cat=p&typeid=i","cat":284551},{"id":41190,"n":"Liqueur de Whisky Jack Daniel's Honey 70cL","p":22.15,"u":"31,64 €/L","img":"https://fd8-photos.leclercdrive.fr/image.ashx?id=2973982&use=l&cat=p&typeid=i","cat":286032},{"id":41192,"n":"Absorbeur Aero 360° Rubson Stop humidité - 20m²+1 recharge","p":18.38,"img":"https://fd8-photos.leclercdrive.fr/image.ashx?id=2380955&use=l&cat=p&typeid=i","cat":300576},{"id":41212,"n":"Tomate et olive Cruscana 150g","p":2.46,"u":"16,40 €/KG","img":"https://fd8-photos.leclercdrive.fr/image.ashx?id=2790633&use=l&cat=p&typeid=i","cat":315999},{"id":41223,"n":"Chips natures paysannes Bret's Au sel de Guérande 250g","p":2.27,"u":"9,08 €/KG","img":"https://fd8-photos.leclercdrive.fr/image.ashx?id=2217651&use=l&cat=p&typeid=i","cat":284447},{"id":41236,"n":"Beurre gastronomique Président Demi-sel - 80% MG - 250g","p":2.83,"u":"11,32 €/KG","img":"https://fd8-photos.leclercdrive.fr/image.ashx?id=2962257&use=l&cat=p&typeid=i","cat":284379},{"id":41237,"n":"Beurre La Motte Président Doux - 82%mg - 250g","p":3.52,"u":"14,08 €/KG","img":"https://fd8-photos.leclercdrive.fr/image.ashx?id=2896955&use=l&cat=p&typeid=i","cat":284379},{"id":41238,"n":"Beurre La Motte Président Sel de mer - 80% MG - 250g","p":3.31,"u":"13,24 €/KG","img":"https://fd8-photos.leclercdrive.fr/image.ashx?id=2896958&use=l&cat=p&typeid=i","cat":284379},{"id":41268,"n":"Croquettes chat  Eco+ Viandes légumes-  2kg","p":2.33,"u":"1,17 €/KG","img":"https://fd8-photos.leclercdrive.fr/image.ashx?id=2932381&use=l&cat=p&typeid=i","cat":284680},{"id":41271,"n":"Croquettes chiens Eco+ Adulte - Boeuf - 10kg","p":9.97,"u":"1,00 €/KG","img":"https://fd8-photos.leclercdrive.fr/image.ashx?id=2946808&use=l&cat=p&typeid=i","cat":284672},{"id":41275,"n":"Croquettes chat Purina One Sterilisé - Poulet - 1,5kg","p":6.96,"u":"4,64 €/KG","img":"https://fd8-photos.leclercdrive.fr/image.ashx?id=2488046&use=l&cat=p&typeid=i","cat":284680},{"id":41278,"n":"Croquettes chiens Eco+ Adulte - Viande -  4kg","p":3.93,"u":"0,98 €/KG","img":"https://fd8-photos.leclercdrive.fr/image.ashx?id=2046986&use=l&cat=p&typeid=i","cat":284672},{"id":41283,"n":"Sachets pour chats Gourmet Multivariétés - 12x85g","p":5.6,"u":"5,49 €/KG","img":"https://fd8-photos.leclercdrive.fr/image.ashx?id=2902343&use=l&cat=p&typeid=i","cat":285286},{"id":41285,"n":"Croquettes chaton Purina One  Junior -Poulet/Céréales - 1,5kg","p":7.34,"u":"4,89 €/KG","img":"https://fd8-photos.leclercdrive.fr/image.ashx?id=2433563&use=l&cat=p&typeid=i","cat":284680},{"id":41286,"n":"Croquettes chat Purina One  Stérilisé Adulte-Saumon/Blé-3kg","p":13.31,"u":"4,44 €/KG","img":"https://fd8-photos.leclercdrive.fr/image.ashx?id=2488049&use=l&cat=p&typeid=i","cat":284680},{"id":41287,"n":"Croquettes chiens Purina One Minis chiens adultes -  1,5kg","p":5.39,"u":"3,59 €/KG","img":"https://fd8-photos.leclercdrive.fr/image.ashx?id=2899674&use=l&cat=p&typeid=i","cat":294526},{"id":41289,"n":"Croquettes chat Purina One Urinary care - Poulet - 450g","p":2.85,"u":"6,33 €/KG","img":"https://fd8-photos.leclercdrive.fr/image.ashx?id=2459940&use=l&cat=p&typeid=i","cat":284680},{"id":41291,"n":"Croquettes chat Purina One Stérilisé Adulte-Boeuf/blé -3kg","p":13.19,"u":"4,40 €/KG","img":"https://fd8-photos.leclercdrive.fr/image.ashx?id=2488043&use=l&cat=p&typeid=i","cat":284680},{"id":41293,"n":"Sachets repas chats Purina One Stérilisés - Saumon Dinde 4x85g","p":2.07,"u":"6,09 €/KG","img":"https://fd8-photos.leclercdrive.fr/image.ashx?id=2902349&use=l&cat=p&typeid=i","cat":285286},{"id":41337,"n":"Lait céréales Blédidej 9 mois Madeleine - 4x250ml","p":3.58,"u":"3,58 €/L","img":"https://fd8-photos.leclercdrive.fr/image.ashx?id=2921052&use=l&cat=p&typeid=i","cat":312226},{"id":41340,"n":"Fromage St Félicien 60% mat.grasse - 180g","p":6.24,"u":"34,67 €/KG","img":"https://fd8-photos.leclercdrive.fr/image.ashx?id=792089&use=l&cat=p&typeid=i","cat":329558},{"id":41357,"n":"Steak *** Charal 130g","p":3.84,"u":"29,54 €/KG","img":"https://fd8-photos.leclercdrive.fr/image.ashx?id=1893005&use=l&cat=p&typeid=i","cat":284328},{"id":41358,"n":"Tournedos *** Charal 280g","p":14.31,"u":"51,11 €/KG","img":"https://fd8-photos.leclercdrive.fr/image.ashx?id=2421159&use=l&cat=p&typeid=i","cat":284328},{"id":41422,"n":"Fromage à Tartiner St Môret  Nature - 300g","p":3.41,"u":"11,37 €/KG","img":"https://fd8-photos.leclercdrive.fr/image.ashx?id=2755465&use=l&cat=p&typeid=i","cat":314029},{"id":41460,"n":"Pain de mie 100% Mie Harrys Complet sans croûte - 500g","p":1.82,"u":"3,64 €/KG","img":"https://fd8-photos.leclercdrive.fr/image.ashx?id=2731864&use=l&cat=p&typeid=i","cat":284477},{"id":41463,"n":"Autocollants Insectivor Anti-mouches - x4","p":2.54,"u":"0,64 €/P","img":"https://fd8-photos.leclercdrive.fr/image.ashx?id=2606828&use=l&cat=p&typeid=i","cat":298368},{"id":41464,"n":"Purée de tomates Turini Brique 500g","p":0.75,"u":"1,50 €/KG","img":"https://fd8-photos.leclercdrive.fr/image.ashx?id=2729287&use=l&cat=p&typeid=i","cat":288384},{"id":41465,"n":"Cotons Inell Maxi confort x80","p":1.78,"img":"https://fd8-photos.leclercdrive.fr/image.ashx?id=1926969&use=l&cat=p&typeid=i","cat":284636},{"id":41466,"n":"Coton carré bébé Mots d'Enfants Aloe vera x50","p":1.67,"u":"0,03 €/P","img":"https://fd8-photos.leclercdrive.fr/image.ashx?id=3014236&use=l&cat=p&typeid=i","cat":284739},{"id":41467,"n":"Sauce Pesto Tradizioni d'Italia Rosso - 180g","p":1.82,"u":"10,11 €/KG","img":"https://fd8-photos.leclercdrive.fr/image.ashx?id=2840034&use=l&cat=p&typeid=i","cat":287599},{"id":41478,"n":"Mouchoirs blancs 3 plis Univert Boîte mouchoirs en papier -x100","p":1.55,"u":"0,02 €/P","img":"https://fd8-photos.leclercdrive.fr/image.ashx?id=1960038&use=l&cat=p&typeid=i","cat":284638},{"id":41488,"n":"Sachets Insectivor Anti-mites anti-acariens - x24","p":2.89,"u":"0,12 €/P","img":"https://fd8-photos.leclercdrive.fr/image.ashx?id=2930352&use=l&cat=p&typeid=i","cat":298368},{"id":41491,"n":"Tartines croustillantes Wasa Léger - 270g","p":1.63,"u":"6,04 €/KG","img":"https://fd8-photos.leclercdrive.fr/image.ashx?id=3011851&use=l&cat=p&typeid=i","cat":284479},{"id":41492,"n":"Tartines croustillantes Wasa Fibres - 230g","p":1.54,"u":"6,70 €/KG","img":"https://fd8-photos.leclercdrive.fr/image.ashx?id=3011854&use=l&cat=p&typeid=i","cat":284479},{"id":41493,"n":"Tartines croustillantes Wasa Authentique - 275g","p":1.46,"u":"5,31 €/KG","img":"https://fd8-photos.leclercdrive.fr/image.ashx?id=3011857&use=l&cat=p&typeid=i","cat":284479},{"id":41517,"n":"Couches bébé Mots d'Enfants T6 Douceur - 16kg+ - x58 changes","p":12.75,"img":"https://fd8-photos.leclercdrive.fr/image.ashx?id=2904577&use=l&cat=p&typeid=i","cat":284737},{"id":41524,"n":"Ossau Iraty AOP Istara Fromage de brebis - 180g","p":3.63,"u":"20,17 €/KG","img":"https://fd8-photos.leclercdrive.fr/image.ashx?id=2766193&use=l&cat=p&typeid=i","cat":329184},{"id":41532,"n":"Gressins Tradizioni d'Italia A la turinoise - 250g","p":2.29,"u":"9,16 €/KG","img":"https://fd8-photos.leclercdrive.fr/image.ashx?id=2743918&use=l&cat=p&typeid=i","cat":297000},{"id":41538,"n":"Déodorant Homme Stick Williams Peau Sensible 75ml","p":3.0,"u":"40,00 €/L","img":"https://fd8-photos.leclercdrive.fr/image.ashx?id=2905102&use=l&cat=p&typeid=i","cat":284618},{"id":41549,"n":"Piles Duracell CR2032 Lithium 3V - x2","p":5.5,"u":"2,75 €/P","img":"https://fd8-photos.leclercdrive.fr/image.ashx?id=3003411&use=l&cat=p&typeid=i","cat":300572},{"id":41551,"n":"Soda Schweppes Saveur Citron - 1,5L","p":1.95,"u":"1,30 €/L","img":"https://fd8-photos.leclercdrive.fr/image.ashx?id=2852417&use=l&cat=p&typeid=i","cat":284532},{"id":41556,"n":"Boisson aux fruits Oasis Orange - 2L","p":2.5,"u":"1,25 €/L","img":"https://fd8-photos.leclercdrive.fr/image.ashx?id=2688653&use=l&cat=p&typeid=i","cat":295018},{"id":41579,"n":"Macédoine déjà égouttée D'aucy  530g","p":2.04,"u":"3,85 €/KG","img":"https://fd8-photos.leclercdrive.fr/image.ashx?id=2835833&use=l&cat=p&typeid=i","cat":312612},{"id":41603,"n":"Coeurs d'artichauts Eco + 240g","p":1.6,"u":"6,67 €/KG","img":"https://fd8-photos.leclercdrive.fr/image.ashx?id=2674020&use=l&cat=p&typeid=i","cat":312611},{"id":41606,"n":"Artichauts Tradizioni d'Italia  Demi coeurs - 280g","p":3.89,"u":"13,89 €/KG","img":"https://fd8-photos.leclercdrive.fr/image.ashx?id=2840040&use=l&cat=p&typeid=i","cat":312611},{"id":41625,"n":"Tomates Tradizioni d'Italia Séchées à huile d'olive - 270g","p":3.49,"u":"12,93 €/KG","img":"https://fd8-photos.leclercdrive.fr/image.ashx?id=2840037&use=l&cat=p&typeid=i","cat":284458},{"id":41643,"n":"Crème anti-rides L'Oréal Soin jour - Revitalift - 2x50ml","p":16.48,"u":"164,80 €/L","img":"https://fd8-photos.leclercdrive.fr/image.ashx?id=2408590&use=l&cat=p&typeid=i","cat":325345},{"id":41647,"n":"AOP Alsace Gewurztraminer   vin blanc Rebmann - 75 cl","p":5.99,"u":"7,99 €/L","img":"https://fd8-photos.leclercdrive.fr/image.ashx?id=2836322&use=l&cat=p&typeid=i","cat":289557},{"id":41691,"n":"AOP Cabernet d'Anjou BIO vin  rosé Les Caractères - 75cl","p":4.99,"u":"6,65 €/L","img":"https://fd8-photos.leclercdrive.fr/image.ashx?id=2816484&use=l&cat=p&typeid=i","cat":289558},{"id":41700,"n":"Sauce Tomate Cuisinée Heinz Ail & Oignon - 520g","p":1.37,"u":"2,63 €/KG","img":"https://fd8-photos.leclercdrive.fr/image.ashx?id=2950849&use=l&cat=p&typeid=i","cat":288384},{"id":41754,"n":"IGP Mortadelle Bologna Montorsi I Freshi - 120g","p":1.98,"u":"16,50 €/KG","img":"https://fd8-photos.leclercdrive.fr/image.ashx?id=2525852&use=l&cat=p&typeid=i","cat":316009},{"id":41781,"n":"Whisky Cardhu Gold reserve 40%vol. - 70cl","p":33.77,"u":"48,24 €/L","img":"https://fd8-photos.leclercdrive.fr/image.ashx?id=2518400&use=l&cat=p&typeid=i","cat":284547},{"id":41782,"n":"Whisky Talisker Skye 45,8%vol. Etui - 70cl","p":33.9,"u":"48,43 €/L","img":"https://fd8-photos.leclercdrive.fr/image.ashx?id=2165887&use=l&cat=p&typeid=i","cat":284547},{"id":41800,"n":"Mayonnaise Fine & Douce Lesieur 475g","p":2.25,"u":"4,74 €/KG","img":"https://fd8-photos.leclercdrive.fr/image.ashx?id=2918541&use=l&cat=p&typeid=i","cat":298295},{"id":41806,"n":"Ketchup nature Amora 850g","p":2.28,"u":"2,68 €/KG","img":"https://fd8-photos.leclercdrive.fr/image.ashx?id=2589690&use=l&cat=p&typeid=i","cat":284455},{"id":41821,"n":"Pomme dauphine Maison Tino 500g","p":4.92,"u":"9,84 €/KG","img":"https://fd8-photos.leclercdrive.fr/image.ashx?id=1746056&use=l&cat=p&typeid=i","cat":333665},{"id":41827,"n":"Nuggets de Poulet Père Dodu   x20 - 400g - Familial","p":3.99,"u":"9,98 €/KG","img":"https://fd8-photos.leclercdrive.fr/image.ashx?id=2957167&use=l&cat=p&typeid=i","cat":333684},{"id":41830,"n":"Saucisses Francfort Stoeffler Cuites et fumées - 6x40g","p":2.37,"u":"9,88 €/KG","img":"https://fd8-photos.leclercdrive.fr/image.ashx?id=2767537&use=l&cat=p&typeid=i","cat":316012},{"id":41831,"n":"AOC Bordeaux Sauvignon vin  blanc Chantet Blanet - 75cl","p":3.95,"u":"5,27 €/L","img":"https://fd8-photos.leclercdrive.fr/image.ashx?id=2934957&use=l&cat=p&typeid=i","cat":289557},{"id":41832,"n":"Saucisse Strasbourg Stoeffler Cuites et fumées 6x40g","p":2.64,"u":"11,00 €/KG","img":"https://fd8-photos.leclercdrive.fr/image.ashx?id=2767534&use=l&cat=p&typeid=i","cat":316012},{"id":41834,"n":"AOC Bandol vin rosé Terres Ocrées - 75cl","p":7.49,"u":"9,99 €/L","img":"https://fd8-photos.leclercdrive.fr/image.ashx?id=2900151&use=l&cat=p&typeid=i","cat":289558},{"id":41837,"n":"AOC Alsace Riesling Prestique vin blanc Rebmann - 75 cl","p":6.99,"u":"9,32 €/L","img":"https://fd8-photos.leclercdrive.fr/image.ashx?id=2745481&use=l&cat=p&typeid=i","cat":289557},{"id":41838,"n":"AOP Alsace Sylvaner  vin blanc Rebmann - 75 cl","p":4.49,"u":"5,99 €/L","img":"https://fd8-photos.leclercdrive.fr/image.ashx?id=2717355&use=l&cat=p&typeid=i","cat":289557},{"id":41839,"n":"AOC Côtes du Rhône vin rouge Grégoire XI - 37,5 cl","p":2.39,"u":"6,37 €/L","img":"https://fd8-photos.leclercdrive.fr/image.ashx?id=2714986&use=l&cat=p&typeid=i","cat":289556},{"id":41841,"n":"AOP Bordeaux vin rouge Chantet Blanet - 75cl","p":2.89,"u":"3,85 €/L","img":"https://fd8-photos.leclercdrive.fr/image.ashx?id=2741285&use=l&cat=p&typeid=i","cat":289556},{"id":41846,"n":"Compotes Andros Panachés 16x100g","p":4.83,"u":"3,02 €/KG","img":"https://fd8-photos.leclercdrive.fr/image.ashx?id=2921343&use=l&cat=p&typeid=i","cat":284416},{"id":41852,"n":"Sauce pomme frite Amora 260g","p":1.71,"u":"6,58 €/KG","img":"https://fd8-photos.leclercdrive.fr/image.ashx?id=2957776&use=l&cat=p&typeid=i","cat":318431},{"id":41858,"n":"Yaourt SMARTIES Fraise bonbons chocolat 4x120g","p":2.47,"u":"5,15 €/KG","img":"https://fd8-photos.leclercdrive.fr/image.ashx?id=2890046&use=l&cat=p&typeid=i","cat":284414},{"id":41862,"n":"Compotes Andros 6 Pommes  et 6 pommes fraises - 12x100g","p":3.68,"u":"3,07 €/KG","img":"https://fd8-photos.leclercdrive.fr/image.ashx?id=2988318&use=l&cat=p&typeid=i","cat":284416},{"id":41865,"n":"AOC Coteaux Varois en Provence vin rosé Terres Ocrées - 75cl","p":4.49,"u":"5,99 €/L","img":"https://fd8-photos.leclercdrive.fr/image.ashx?id=2750141&use=l&cat=p&typeid=i","cat":289558},{"id":41868,"n":"Bûche de chèvre Soignon 400g","p":4.25,"u":"10,63 €/KG","img":"https://fd8-photos.leclercdrive.fr/image.ashx?id=2840988&use=l&cat=p&typeid=i","cat":314031},{"id":41874,"n":"AOC Muscadet Sèvre et Maine sur Lie Les Caractères - 37,5cl","p":3.29,"u":"8,77 €/L","img":"https://fd8-photos.leclercdrive.fr/image.ashx?id=2750144&use=l&cat=p&typeid=i","cat":289557},{"id":41876,"n":"AOP Tavel vin rosé Rives & Terrasses - 75cl","p":6.85,"u":"9,13 €/L","img":"https://fd8-photos.leclercdrive.fr/image.ashx?id=2890015&use=l&cat=p&typeid=i","cat":289558},{"id":41880,"n":"AOC Graves vin rouge Chantet Blanet - 75cl","p":4.75,"u":"6,33 €/L","img":"https://fd8-photos.leclercdrive.fr/image.ashx?id=2943656&use=l&cat=p&typeid=i","cat":289556},{"id":41883,"n":"Steaks Hachés Charolais Charal Pur Bœuf 12%MG - 10x100g - 1kg","p":14.26,"u":"14,26 €/KG","img":"https://fd8-photos.leclercdrive.fr/image.ashx?id=2741943&use=l&cat=p&typeid=i","cat":319778},{"id":41903,"n":"Jus de pomme Jafaden A base de concentré - 2L","p":1.85,"u":"0,93 €/L","img":"https://fd8-photos.leclercdrive.fr/image.ashx?id=2470240&use=l&cat=p&typeid=i","cat":284522},{"id":41912,"n":"Sirop fraise de Plougastel NRT 70cl","p":3.2,"u":"4,57 €/L","img":"https://fd8-photos.leclercdrive.fr/image.ashx?id=2590481&use=l&cat=p&typeid=i","cat":295020},{"id":41915,"n":"AOP Morgon vin rouge Antoine Barrier - 75cl","p":6.99,"u":"9,32 €/L","img":"https://fd8-photos.leclercdrive.fr/image.ashx?id=2919640&use=l&cat=p&typeid=i","cat":289556},{"id":41917,"n":"AOC Ventoux vin rouge Rives & Terrasses - 75cl","p":2.99,"u":"3,99 €/L","img":"https://fd8-photos.leclercdrive.fr/image.ashx?id=2905916&use=l&cat=p&typeid=i","cat":289556},{"id":41920,"n":"Patch pureté Inell x6","p":2.4,"u":"0,40 €/P","img":"https://fd8-photos.leclercdrive.fr/image.ashx?id=2657727&use=l&cat=p&typeid=i","cat":284603},{"id":41923,"n":"Vin d'Union Européenne rosé Adrien Champaud 11% vol BIB 5L","p":8.49,"u":"1,70 €/L","img":"https://fd8-photos.leclercdrive.fr/image.ashx?id=2959707&use=l&cat=p&typeid=i","cat":289560},{"id":41924,"n":"Vin d'Union Européenne rouge Adrien Champaud 12% vol BIB 5L","p":8.49,"u":"1,70 €/L","img":"https://fd8-photos.leclercdrive.fr/image.ashx?id=2760798&use=l&cat=p&typeid=i","cat":289560},{"id":41942,"n":"Bière Extreme 8.6 Canette - 10.5%vol. - 50cl","p":1.76,"u":"3,52 €/L","img":"https://fd8-photos.leclercdrive.fr/image.ashx?id=1883597&use=l&cat=p&typeid=i","cat":334853},{"id":41990,"n":"Steaks Hachés Limousin Charal Pur Bœuf 12%MG - 8x125g - 1kg","p":14.26,"u":"14,26 €/KG","img":"https://fd8-photos.leclercdrive.fr/image.ashx?id=2974626&use=l&cat=p&typeid=i","cat":319778},{"id":42041,"n":"Olives vertes Tropic Apéro Dénoyautées à l'ail - 110g","p":1.95,"u":"17,73 €/KG","img":"https://fd8-photos.leclercdrive.fr/image.ashx?id=2438972&use=l&cat=p&typeid=i","cat":316002},{"id":42044,"n":"Noix de cajou Maître Prunille Sans sel, grillé, sachet 200g","p":4.57,"u":"22,85 €/KG","img":"https://fd8-photos.leclercdrive.fr/image.ashx?id=1750478&use=l&cat=p&typeid=i","cat":284357},{"id":42045,"n":"Amande grillée Maître Prunille Décortiquée sans sel 250g","p":4.1,"u":"16,40 €/KG","img":"https://fd8-photos.leclercdrive.fr/image.ashx?id=1750481&use=l&cat=p&typeid=i","cat":284448},{"id":42046,"n":"Pruneaux d'Agen Maître Prunille IGP Dénoyautés - 500g","p":5.61,"u":"11,22 €/KG","img":"https://fd8-photos.leclercdrive.fr/image.ashx?id=2016029&use=l&cat=p&typeid=i","cat":284357},{"id":42057,"n":"Asperges blanches d'aucy  21,2cl","p":2.19,"u":"19,91 €/KG","img":"https://fd8-photos.leclercdrive.fr/image.ashx?id=2597720&use=l&cat=p&typeid=i","cat":312611},{"id":42058,"n":"Asperges blanches d'aucy 37cl","p":2.99,"u":"14,59 €/KG","img":"https://fd8-photos.leclercdrive.fr/image.ashx?id=2665895&use=l&cat=p&typeid=i","cat":312611},{"id":42063,"n":"Madeleines Saint Michel Oeufs de poule plein air - 500g","p":1.83,"u":"3,66 €/KG","img":"https://fd8-photos.leclercdrive.fr/image.ashx?id=2936191&use=l&cat=p&typeid=i","cat":284492},{"id":42064,"n":"Madeleines Saint Michel Oeufs de poule plein air - 300g","p":3.47,"u":"11,57 €/KG","img":"https://fd8-photos.leclercdrive.fr/image.ashx?id=2936203&use=l&cat=p&typeid=i","cat":284492},{"id":42067,"n":"Biscuits p'tit déjeuner BN Chocolat - 200g","p":1.55,"u":"7,75 €/KG","img":"https://fd8-photos.leclercdrive.fr/image.ashx?id=2603468&use=l&cat=p&typeid=i","cat":284491},{"id":42111,"n":"Haché de veau Férial Façon bouchère - x2 - 200g","p":3.19,"u":"15,95 €/KG","img":"https://fd8-photos.leclercdrive.fr/image.ashx?id=2903986&use=l&cat=p&typeid=i","cat":284332},{"id":42117,"n":"Céréales muesli Bjorg Bio Sans sucre ajoutés - 375g","p":1.88,"u":"5,01 €/KG","img":"https://fd8-photos.leclercdrive.fr/image.ashx?id=2906163&use=l&cat=p&typeid=i","cat":309512},{"id":42140,"n":"Sirop La Maison Guiot Grenadine - 70cl","p":3.06,"u":"4,37 €/L","img":"https://fd8-photos.leclercdrive.fr/image.ashx?id=2857195&use=l&cat=p&typeid=i","cat":295020},{"id":42188,"n":"Fromage fouetté Madame Loïk Échalote Ciboulette - 275g","p":2.93,"u":"10,65 €/KG","img":"https://fd8-photos.leclercdrive.fr/image.ashx?id=2774616&use=l&cat=p&typeid=i","cat":314029},{"id":42218,"n":"Bloc WC Bref Power  Activ'Océan toilettes - 50g x1","p":1.42,"u":"28,40 €/KG","img":"https://fd8-photos.leclercdrive.fr/image.ashx?id=2789802&use=l&cat=p&typeid=i","cat":284662},{"id":42236,"n":"Gambas rouge Gimbert Ocean Sauvage royale 6/8 - 400g","p":13.72,"u":"34,30 €/KG","img":"https://fd8-photos.leclercdrive.fr/image.ashx?id=2889652&use=l&cat=p&typeid=i","cat":319787},{"id":42289,"n":"Huile pimentée pizza Cauvin A l'huile d'olive - 25cl","p":2.39,"u":"9,56 €/L","img":"https://fd8-photos.leclercdrive.fr/image.ashx?id=2539857&use=l&cat=p&typeid=i","cat":284453},{"id":42291,"n":"Huile pour friture Eco + 1L","p":2.23,"u":"2,23 €/L","img":"https://fd8-photos.leclercdrive.fr/image.ashx?id=2913639&use=l&cat=p&typeid=i","cat":284453},{"id":42295,"n":"Vinaigrette bi-phase Rustica Vin rouge/échalote - 50cl","p":2.49,"u":"4,98 €/L","img":"https://fd8-photos.leclercdrive.fr/image.ashx?id=2142190&use=l&cat=p&typeid=i","cat":284456},{"id":42297,"n":"Sauce caesar Rustica 50cl","p":2.59,"u":"5,18 €/L","img":"https://fd8-photos.leclercdrive.fr/image.ashx?id=1972928&use=l&cat=p&typeid=i","cat":284456},{"id":42298,"n":"Boisson végétale Bio Village Avoine bio - 1l","p":1.39,"u":"1,39 €/L","img":"https://fd8-photos.leclercdrive.fr/image.ashx?id=2358096&use=l&cat=p&typeid=i","cat":316067},{"id":42321,"n":"Nettoyant Menager Cif lingettes Ocean Antibacterien - x120","p":2.21,"img":"https://fd8-photos.leclercdrive.fr/image.ashx?id=2747163&use=l&cat=p&typeid=i","cat":325358},{"id":42325,"n":"Spray Nettoyant Menager Cif  Antibacterien - 750 ml","p":2.52,"u":"3,36 €/L","img":"https://fd8-photos.leclercdrive.fr/image.ashx?id=2813540&use=l&cat=p&typeid=i","cat":325357},{"id":42331,"n":"Saucisses Knacki Herta Poulet x10 - 350g","p":1.53,"u":"4,37 €/KG","img":"https://fd8-photos.leclercdrive.fr/image.ashx?id=2290431&use=l&cat=p&typeid=i","cat":316012},{"id":42341,"n":"Compotes Pom'Potes Gourdes  Multivariétés Inédits - 12x90g","p":5.59,"u":"5,18 €/KG","img":"https://fd8-photos.leclercdrive.fr/image.ashx?id=2864309&use=l&cat=p&typeid=i","cat":284508},{"id":42428,"n":"Pains au chocolat Pasquier x8 - 360g","p":2.23,"u":"6,19 €/KG","img":"https://fd8-photos.leclercdrive.fr/image.ashx?id=2863446&use=l&cat=p&typeid=i","cat":296366},{"id":42433,"n":"Olives Noires Confites Tramier  Dénoyautées 250g","p":3.08,"u":"12,32 €/KG","img":"https://fd8-photos.leclercdrive.fr/image.ashx?id=2840820&use=l&cat=p&typeid=i","cat":284458},{"id":42442,"n":"Moutarde forte Eco + 370g","p":0.73,"u":"1,97 €/KG","img":"https://fd8-photos.leclercdrive.fr/image.ashx?id=2954319&use=l&cat=p&typeid=i","cat":288850},{"id":42448,"n":"Capsules Nescafé Dolce Gusto  Ricoré Latte - x16","p":5.04,"u":"30,00 €/KG","img":"https://fd8-photos.leclercdrive.fr/image.ashx?id=2818085&use=l&cat=p&typeid=i","cat":293239},{"id":42449,"n":"Antipasto tomate séchée Sacla 280g","p":3.09,"u":"11,04 €/KG","img":"https://fd8-photos.leclercdrive.fr/image.ashx?id=2290482&use=l&cat=p&typeid=i","cat":284458},{"id":42452,"n":"Moutarde douce Amora Flacon souple - 260g","p":1.98,"u":"7,62 €/KG","img":"https://fd8-photos.leclercdrive.fr/image.ashx?id=3005401&use=l&cat=p&typeid=i","cat":288850},{"id":42461,"n":"Olives vertes Eco + Dénoyautées - 320g","p":1.88,"u":"5,88 €/KG","img":"https://fd8-photos.leclercdrive.fr/image.ashx?id=2609264&use=l&cat=p&typeid=i","cat":284458},{"id":42505,"n":"Crème dessert Mont Blanc Boîte Caramel - 570g","p":2.24,"u":"3,93 €/KG","img":"https://fd8-photos.leclercdrive.fr/image.ashx?id=3011599&use=l&cat=p&typeid=i","cat":284506},{"id":42508,"n":"Cookies Nestlé Dessert Pépites de chocolat - 351g","p":3.99,"u":"11,37 €/KG","img":"https://fd8-photos.leclercdrive.fr/image.ashx?id=2848382&use=l&cat=p&typeid=i","cat":284505},{"id":42516,"n":"Préparation Francine Pâte à pizza - 520g","p":1.64,"u":"3,15 €/KG","img":"https://fd8-photos.leclercdrive.fr/image.ashx?id=2989123&use=l&cat=p&typeid=i","cat":284503},{"id":42560,"n":"Jus innocent ananas passion 900ml","p":2.69,"u":"2,99 €/L","img":"https://fd8-photos.leclercdrive.fr/image.ashx?id=2861740&use=l&cat=p&typeid=i","cat":285435},{"id":42563,"n":"Boisson végétale lait d'amande bio bjorg sans sucre - 1l","p":1.7,"u":"1,70 €/L","img":"https://fd8-photos.leclercdrive.fr/image.ashx?id=2939415&use=l&cat=p&typeid=i","cat":316067},{"id":42565,"n":"Vinaigre blanc d'alcool Eco +  - 1,5L","p":0.6,"u":"0,40 €/L","img":"https://fd8-photos.leclercdrive.fr/image.ashx?id=2954049&use=l&cat=p&typeid=i","cat":298543},{"id":42567,"n":"Pâte à tartiner Bio Jardin Bio - 750g","p":7.02,"u":"9,36 €/KG","img":"https://fd8-photos.leclercdrive.fr/image.ashx?id=2918925&use=l&cat=p&typeid=i","cat":284481},{"id":42569,"n":"Double concentré Bio Jardin Bio Tomate - 140g","p":0.93,"u":"6,64 €/KG","img":"https://fd8-photos.leclercdrive.fr/image.ashx?id=2944867&use=l&cat=p&typeid=i","cat":288384},{"id":42574,"n":"Café moulu Bio Ethiquable  100% arabica Honduras - 250g","p":4.68,"u":"18,72 €/KG","img":"https://fd8-photos.leclercdrive.fr/image.ashx?id=2876815&use=l&cat=p&typeid=i","cat":284750},{"id":42575,"n":"Café moulu Bio Ethiquable  100% arabica Pérou - 250g","p":4.68,"u":"18,72 €/KG","img":"https://fd8-photos.leclercdrive.fr/image.ashx?id=2876818&use=l&cat=p&typeid=i","cat":284750},{"id":42577,"n":"Chocolat noir Bio Ethiquable Ecorces d'orange - 100g","p":2.73,"u":"27,30 €/KG","img":"https://fd8-photos.leclercdrive.fr/image.ashx?id=2870851&use=l&cat=p&typeid=i","cat":284956},{"id":42578,"n":"Chocolat pâtissier Ethiquable Bio - Noir - 200g","p":3.67,"u":"18,35 €/KG","img":"https://fd8-photos.leclercdrive.fr/image.ashx?id=2870863&use=l&cat=p&typeid=i","cat":285562},{"id":42624,"n":"Pâtes coudes rayés Panzani 1kg","p":2.13,"u":"2,13 €/KG","img":"https://fd8-photos.leclercdrive.fr/image.ashx?id=2876029&use=l&cat=p&typeid=i","cat":284427},{"id":42628,"n":"Chips Bret's Fromage du Jura - 125g","p":1.1,"u":"8,80 €/KG","img":"https://fd8-photos.leclercdrive.fr/image.ashx?id=1916976&use=l&cat=p&typeid=i","cat":284447},{"id":42649,"n":"Crème douche Manava Surgras - 250ml","p":0.94,"u":"3,76 €/L","img":"https://fd8-photos.leclercdrive.fr/image.ashx?id=2456147&use=l&cat=p&typeid=i","cat":284594},{"id":42655,"n":"Huile merveilleuse Garnier Huile d'argan & camélia - 150ml","p":6.23,"u":"41,53 €/L","img":"https://fd8-photos.leclercdrive.fr/image.ashx?id=2661730&use=l&cat=p&typeid=i","cat":284608},{"id":42667,"n":"Soin de jour L'Oréal Paris Revitalift Anti-Âge - 50ml","p":14.05,"u":"281,00 €/L","img":"https://fd8-photos.leclercdrive.fr/image.ashx?id=2921876&use=l&cat=p&typeid=i","cat":325345},{"id":42677,"n":"Soin cheveux nutrition Dessange Cheveux secs - 100ml","p":5.56,"u":"55,60 €/L","img":"https://fd8-photos.leclercdrive.fr/image.ashx?id=2400969&use=l&cat=p&typeid=i","cat":284608},{"id":42680,"n":"Gorgonzola AOP Tradizioni d'Italia - 200g","p":3.37,"u":"16,85 €/KG","img":"https://fd8-photos.leclercdrive.fr/image.ashx?id=794147&use=l&cat=p&typeid=i","cat":314032},{"id":42681,"n":"Mozzarella Tradizioni d'Italia Di Bufala Campana AOP - 200g","p":3.31,"u":"16,55 €/KG","img":"https://fd8-photos.leclercdrive.fr/image.ashx?id=2954190&use=l&cat=p&typeid=i","cat":314026},{"id":42682,"n":"Parmigiano Tradizioni d'Italia Reggiano AOP 30 mois - 200g","p":5.99,"u":"29,95 €/KG","img":"https://fd8-photos.leclercdrive.fr/image.ashx?id=2661963&use=l&cat=p&typeid=i","cat":314034},{"id":42703,"n":"P'tit Basque Istara Fromage de brebis - 220g","p":5.32,"u":"24,18 €/KG","img":"https://fd8-photos.leclercdrive.fr/image.ashx?id=2759876&use=l&cat=p&typeid=i","cat":329184},{"id":42747,"n":"Whisky blend the Famous grouse 40%vol. - 1L","p":23.26,"u":"23,26 €/L","img":"https://fd8-photos.leclercdrive.fr/image.ashx?id=2958878&use=l&cat=p&typeid=i","cat":284547},{"id":42757,"n":"Emmental rapé Eco + 30% MG - 500g","p":3.7,"u":"7,40 €/KG","img":"https://fd8-photos.leclercdrive.fr/image.ashx?id=2615801&use=l&cat=p&typeid=i","cat":314035},{"id":42759,"n":"Copeaux Parmigiano Reggiano AOP Les Croisés - 80g","p":1.9,"u":"23,75 €/KG","img":"https://fd8-photos.leclercdrive.fr/image.ashx?id=2935504&use=l&cat=p&typeid=i","cat":314035},{"id":42789,"n":"Cheddar Les Croisés 32% MG Tranchettes - 200g","p":2.64,"u":"13,20 €/KG","img":"https://fd8-photos.leclercdrive.fr/image.ashx?id=2796064&use=l&cat=p&typeid=i","cat":314028},{"id":42798,"n":"Miel de fleurs d'Oranger Nid d'Abeille - 250g","p":2.99,"u":"11,96 €/KG","img":"https://fd8-photos.leclercdrive.fr/image.ashx?id=2434242&use=l&cat=p&typeid=i","cat":287643},{"id":42799,"n":"Miel liquide Bio Squeezer Bio village - 250g","p":2.95,"u":"11,80 €/KG","img":"https://fd8-photos.leclercdrive.fr/image.ashx?id=795654&use=l&cat=p&typeid=i","cat":287643},{"id":42826,"n":"Nettoyant vitre cristal Clair 750 ml","p":1.75,"u":"2,33 €/L","img":"https://fd8-photos.leclercdrive.fr/image.ashx?id=1647715&use=l&cat=p&typeid=i","cat":325363},{"id":42846,"n":"Cacahuètes Menguy's Grillées et salées - 800g","p":5.42,"u":"6,78 €/KG","img":"https://fd8-photos.leclercdrive.fr/image.ashx?id=2979800&use=l&cat=p&typeid=i","cat":284448},{"id":42847,"n":"Pop corn salé Menguy's Micro-ondes - 3x90g","p":1.74,"u":"6,44 €/KG","img":"https://fd8-photos.leclercdrive.fr/image.ashx?id=2966023&use=l&cat=p&typeid=i","cat":284449},{"id":42872,"n":"Jus innocent pomme framboise 900ml","p":2.76,"u":"3,07 €/L","img":"https://fd8-photos.leclercdrive.fr/image.ashx?id=2862877&use=l&cat=p&typeid=i","cat":285435},{"id":42873,"n":"Jus innocent orange carotte 900ml","p":2.94,"u":"3,27 €/L","img":"https://fd8-photos.leclercdrive.fr/image.ashx?id=2892217&use=l&cat=p&typeid=i","cat":285435},{"id":42874,"n":"Jus innocent poire pêche 900ml","p":2.84,"u":"3,16 €/L","img":"https://fd8-photos.leclercdrive.fr/image.ashx?id=2893000&use=l&cat=p&typeid=i","cat":285435},{"id":42876,"n":"Jus innocent pomme mangue 900ml","p":2.92,"u":"3,24 €/L","img":"https://fd8-photos.leclercdrive.fr/image.ashx?id=2892220&use=l&cat=p&typeid=i","cat":285435},{"id":42936,"n":"Rouleau papier cadeau Esquisse Crèche - 2m x0.7m","p":0.99,"img":"https://fd8-photos.leclercdrive.fr/image.ashx?id=2600294&use=l&cat=p&typeid=i","cat":335914},{"id":42964,"n":"Os à mâcher Lydog Fourrés boeuf - 2x100g","p":2.3,"u":"11,50 €/KG","img":"https://fd8-photos.leclercdrive.fr/image.ashx?id=1947283&use=l&cat=p&typeid=i","cat":294527},{"id":42965,"n":"Pepites de chocolat au lait Tablier Blanc - 100g","p":2.03,"u":"20,30 €/KG","img":"https://fd8-photos.leclercdrive.fr/image.ashx?id=2723141&use=l&cat=p&typeid=i","cat":284504},{"id":42966,"n":"Haricots verts Notre Jardin Extra fins - 455g","p":1.97,"u":"4,33 €/KG","img":"https://fd8-photos.leclercdrive.fr/image.ashx?id=2988084&use=l&cat=p&typeid=i","cat":312606},{"id":42969,"n":"Petits pois doux Notre Jardin Vapeur - 265g","p":1.29,"u":"4,87 €/KG","img":"https://fd8-photos.leclercdrive.fr/image.ashx?id=3002611&use=l&cat=p&typeid=i","cat":312607},{"id":42974,"n":"Haricots rouges Notre Jardin A la mexicaine - 800g","p":2.42,"u":"3,03 €/KG","img":"https://fd8-photos.leclercdrive.fr/image.ashx?id=3002614&use=l&cat=p&typeid=i","cat":312612},{"id":42977,"n":"Mini crackers Bio Village Bio Fromage/courges - 110g","p":2.49,"u":"22,64 €/KG","img":"https://fd8-photos.leclercdrive.fr/image.ashx?id=1944150&use=l&cat=p&typeid=i","cat":297000},{"id":42980,"n":"Goûter fourré Bio Village Bio Chocolat noir - 185g","p":2.03,"u":"10,97 €/KG","img":"https://fd8-photos.leclercdrive.fr/image.ashx?id=2704502&use=l&cat=p&typeid=i","cat":284488},{"id":42981,"n":"Goûter fourré Bio Village Bio - Chocolat au lait - 185g","p":2.06,"u":"11,14 €/KG","img":"https://fd8-photos.leclercdrive.fr/image.ashx?id=2704505&use=l&cat=p&typeid=i","cat":284488},{"id":43006,"n":"Colorants alimentaires  Tablier Blanc - 3x6ml","p":1.24,"u":"68,89 €/L","img":"https://fd8-photos.leclercdrive.fr/image.ashx?id=2487470&use=l&cat=p&typeid=i","cat":284504},{"id":43009,"n":"Biscuits fourrés P'tit Deli Noisette - 225g","p":1.38,"u":"6,13 €/KG","img":"https://fd8-photos.leclercdrive.fr/image.ashx?id=2861419&use=l&cat=p&typeid=i","cat":284488},{"id":43010,"n":"Biscuit roulé P'tit Deli Cacao/vanille - 154g","p":0.88,"u":"5,71 €/KG","img":"https://fd8-photos.leclercdrive.fr/image.ashx?id=2124110&use=l&cat=p&typeid=i","cat":284488},{"id":43016,"n":"Asperges blanches moyennes Notre Jardin - 205g","p":1.99,"u":"9,71 €/KG","img":"https://fd8-photos.leclercdrive.fr/image.ashx?id=2049058&use=l&cat=p&typeid=i","cat":312611},{"id":43017,"n":"Betterave en Dés Notre Jardin 265g","p":1.02,"u":"3,85 €/KG","img":"https://fd8-photos.leclercdrive.fr/image.ashx?id=1993203&use=l&cat=p&typeid=i","cat":312611},{"id":43019,"n":"Biscuits animaux P'tit Déli Nappés chocolat lait - 225g","p":1.64,"u":"7,29 €/KG","img":"https://fd8-photos.leclercdrive.fr/image.ashx?id=2529602&use=l&cat=p&typeid=i","cat":284488},{"id":43049,"n":"Steak haché charolais Férial  15%mg x4 - 400g","p":6.39,"u":"15,98 €/KG","img":"https://fd8-photos.leclercdrive.fr/image.ashx?id=2823762&use=l&cat=p&typeid=i","cat":319778},{"id":43197,"n":"Tartine Grilletine de Pasquier Briochées - x18 - 242g","p":1.84,"u":"7,60 €/KG","img":"https://fd8-photos.leclercdrive.fr/image.ashx?id=2333054&use=l&cat=p&typeid=i","cat":284479},{"id":43237,"n":"Lotion démaquillante Inell Douceur yeux - 150ml","p":1.6,"u":"10,67 €/L","img":"https://fd8-photos.leclercdrive.fr/image.ashx?id=1993197&use=l&cat=p&typeid=i","cat":284603},{"id":43246,"n":"Nouilles de Savoie NRT 250g","p":1.19,"u":"4,76 €/KG","img":"https://fd8-photos.leclercdrive.fr/image.ashx?id=2704906&use=l&cat=p&typeid=i","cat":284427},{"id":43287,"n":"Dentifrice Dentamyl Blancheur extrême - 75ml","p":0.95,"u":"12,67 €/L","img":"https://fd8-photos.leclercdrive.fr/image.ashx?id=2613837&use=l&cat=p&typeid=i","cat":284612},{"id":43303,"n":"Panna Cotta Fruits rouges Rians 2x120g","p":2.58,"u":"10,75 €/KG","img":"https://fd8-photos.leclercdrive.fr/image.ashx?id=2555412&use=l&cat=p&typeid=i","cat":284419},{"id":43309,"n":"Dessert végétal Sojasun  Chocolat - 6x100g","p":2.44,"u":"4,07 €/KG","img":"https://fd8-photos.leclercdrive.fr/image.ashx?id=2355692&use=l&cat=p&typeid=i","cat":316071},{"id":43330,"n":"Crème dessert chocolat Danette Pop billes magix - 4x120g","p":2.46,"u":"5,13 €/KG","img":"https://fd8-photos.leclercdrive.fr/image.ashx?id=2935717&use=l&cat=p&typeid=i","cat":285041},{"id":43341,"n":"Thon mariné Petit Navire Basilic - 110g","p":2.07,"u":"18,82 €/KG","img":"https://fd8-photos.leclercdrive.fr/image.ashx?id=2542965&use=l&cat=p&typeid=i","cat":303867},{"id":43344,"n":"Coriandre France Sainte Lucie Flacon 8g","p":1.81,"u":"226,25 €/KG","img":"https://fd8-photos.leclercdrive.fr/image.ashx?id=2774301&use=l&cat=p&typeid=i","cat":298297},{"id":43358,"n":"Sel fin Eco+ Boîte verseuse - 750g","p":0.53,"u":"0,71 €/KG","img":"https://fd8-photos.leclercdrive.fr/image.ashx?id=2050582&use=l&cat=p&typeid=i","cat":284457},{"id":43369,"n":"Boisson végétale avoine Bio  Bjorg- 1L","p":1.75,"u":"1,75 €/L","img":"https://fd8-photos.leclercdrive.fr/image.ashx?id=2939430&use=l&cat=p&typeid=i","cat":316067},{"id":43371,"n":"AOC Saint-Nicolas-de-Bourgueil vin rouge Les Caractères - 75cl","p":4.99,"u":"6,65 €/L","img":"https://fd8-photos.leclercdrive.fr/image.ashx?id=2894734&use=l&cat=p&typeid=i","cat":289556},{"id":43373,"n":"AOP Vin rouge  Alsace Pinot noir - 75 cl","p":5.99,"u":"7,99 €/L","img":"https://fd8-photos.leclercdrive.fr/image.ashx?id=2919637&use=l&cat=p&typeid=i","cat":289556},{"id":43381,"n":"Dessert liégeois Viennois  Chocolat - 12x100g","p":3.99,"u":"3,33 €/KG","img":"https://fd8-photos.leclercdrive.fr/image.ashx?id=2875987&use=l&cat=p&typeid=i","cat":285042},{"id":43394,"n":"Spaghetti  Tradizioni d'Italia n°118  Pasta di Gragnano 500g","p":1.52,"u":"3,04 €/KG","img":"https://fd8-photos.leclercdrive.fr/image.ashx?id=2657301&use=l&cat=p&typeid=i","cat":284427},{"id":43396,"n":"Farfalle Tradizioni d'Italia N°210 - 500g","p":1.52,"u":"3,04 €/KG","img":"https://fd8-photos.leclercdrive.fr/image.ashx?id=2657304&use=l&cat=p&typeid=i","cat":284427},{"id":43398,"n":"Fusilli Tradizioni d'Italia N°140 - 500g","p":1.52,"u":"3,04 €/KG","img":"https://fd8-photos.leclercdrive.fr/image.ashx?id=2657307&use=l&cat=p&typeid=i","cat":284427},{"id":43403,"n":"Orechiette Tradizioni d'Italia N°292 - 500g","p":1.69,"u":"3,38 €/KG","img":"https://fd8-photos.leclercdrive.fr/image.ashx?id=2699507&use=l&cat=p&typeid=i","cat":284427},{"id":43407,"n":"Glace à l'eau Smicy Star  Framboise Orange Citron x8 480g","p":2.59,"u":"5,40 €/KG","img":"https://fd8-photos.leclercdrive.fr/image.ashx?id=2954884&use=l&cat=p&typeid=i","cat":285250},{"id":43408,"n":"AOP Chinon vin rouge Les Caractères - 75cl","p":4.95,"u":"6,60 €/L","img":"https://fd8-photos.leclercdrive.fr/image.ashx?id=2745484&use=l&cat=p&typeid=i","cat":289556},{"id":43409,"n":"AOP Côtes de Bergerac moelleux Terrasses d'Autan - 75cl","p":3.7,"u":"4,93 €/L","img":"https://fd8-photos.leclercdrive.fr/image.ashx?id=2929873&use=l&cat=p&typeid=i","cat":289557},{"id":43411,"n":"Fromage St marcellin  Le Gourmand mère Richard 80g","p":5.82,"u":"72,75 €/KG","img":"https://fd8-photos.leclercdrive.fr/image.ashx?id=799137&use=l&cat=p&typeid=i","cat":329558},{"id":43412,"n":"Vin rouge La Canole Côtes du Rhône -  75cl","p":7.75,"u":"10,33 €/L","img":"https://fd8-photos.leclercdrive.fr/image.ashx?id=968885&use=l&cat=p&typeid=i","cat":289556},{"id":43420,"n":"Poires Williams rouge  1kg","p":3.49,"u":"3,49 €/KG","img":"https://fd8-photos.leclercdrive.fr/image.ashx?id=1636590&use=l&cat=p&typeid=i","cat":284356},{"id":43444,"n":"AOP Chinon vin rouge Domaine Morandière - 75cl","p":9.65,"u":"12,87 €/L","img":"https://fd8-photos.leclercdrive.fr/image.ashx?id=2720659&use=l&cat=p&typeid=i","cat":289556},{"id":43589,"n":"Consigne Sodastream Pour la recharge CO2 60L","p":5.4,"img":"https://fd8-photos.leclercdrive.fr/image.ashx?id=802695&use=l&cat=p&typeid=i","cat":335916},{"id":43604,"n":"Jus d'orange Jafaden Sans pulpe - 1.5L","p":3.13,"u":"2,09 €/L","img":"https://fd8-photos.leclercdrive.fr/image.ashx?id=2723147&use=l&cat=p&typeid=i","cat":285435},{"id":43605,"n":"Jus de clémentine Jafaden  1.5L","p":2.99,"u":"1,99 €/L","img":"https://fd8-photos.leclercdrive.fr/image.ashx?id=2723150&use=l&cat=p&typeid=i","cat":285435},{"id":43618,"n":"Flocons d'avoine Quaker Oats 550g","p":1.79,"u":"3,25 €/KG","img":"https://fd8-photos.leclercdrive.fr/image.ashx?id=2140656&use=l&cat=p&typeid=i","cat":309512},{"id":43621,"n":"Liquide vaisselle Uni vert Ecologique PSS 500ml","p":1.15,"u":"2,30 €/L","img":"https://fd8-photos.leclercdrive.fr/image.ashx?id=2999508&use=l&cat=p&typeid=i","cat":284655},{"id":43669,"n":"AOC Puisseguin Saint-Émilion vin rouge Chantet Blanet - 75cl","p":6.49,"u":"8,65 €/L","img":"https://fd8-photos.leclercdrive.fr/image.ashx?id=2783431&use=l&cat=p&typeid=i","cat":289556},{"id":43670,"n":"AOC Juliénas vin rouge Antoine Barrier - 75cl","p":6.99,"u":"9,32 €/L","img":"https://fd8-photos.leclercdrive.fr/image.ashx?id=2909401&use=l&cat=p&typeid=i","cat":289556},{"id":43697,"n":"AOP Côtes de Bourg vin rouge Chantet Blanet - 75cl","p":3.89,"u":"5,19 €/L","img":"https://fd8-photos.leclercdrive.fr/image.ashx?id=2728255&use=l&cat=p&typeid=i","cat":289556},{"id":43707,"n":"Laque Ultra-Forte L'Oréal Paris Thermoprotecteur - 150ml","p":5.2,"u":"34,67 €/L","img":"https://fd8-photos.leclercdrive.fr/image.ashx?id=2582237&use=l&cat=p&typeid=i","cat":284609},{"id":43718,"n":"Croquettes chat Whiskas Stérilisé saumon - 1,75kg","p":5.17,"u":"2,95 €/KG","img":"https://fd8-photos.leclercdrive.fr/image.ashx?id=2915597&use=l&cat=p&typeid=i","cat":284680},{"id":43719,"n":"Croquettes chat Whiskas Stérilisé poulet - 1.75kg","p":5.22,"u":"2,98 €/KG","img":"https://fd8-photos.leclercdrive.fr/image.ashx?id=2952872&use=l&cat=p&typeid=i","cat":284680},{"id":43758,"n":"AOP Brouilly vin rouge Antoine Barrier - 75cl","p":6.79,"u":"9,05 €/L","img":"https://fd8-photos.leclercdrive.fr/image.ashx?id=3004552&use=l&cat=p&typeid=i","cat":289556},{"id":43760,"n":"Biscuits fourrés Prince Vanille - 300g","p":1.49,"u":"4,97 €/KG","img":"https://fd8-photos.leclercdrive.fr/image.ashx?id=2907695&use=l&cat=p&typeid=i","cat":284488},{"id":43761,"n":"Flacon persil de France 7g","p":1.62,"u":"231,43 €/KG","img":"https://fd8-photos.leclercdrive.fr/image.ashx?id=2973583&use=l&cat=p&typeid=i","cat":298297},{"id":43763,"n":"Safran en poudre 4x0.1g","p":4.99,"img":"https://fd8-photos.leclercdrive.fr/image.ashx?id=2774424&use=l&cat=p&typeid=i","cat":298297},{"id":43769,"n":"Préservatifs Skyn Manix Original - x10","p":11.95,"img":"https://fd8-photos.leclercdrive.fr/image.ashx?id=2928810&use=l&cat=p&typeid=i","cat":284631},{"id":43771,"n":"Spray démelant  200ml","p":2.55,"u":"12,75 €/L","img":"https://fd8-photos.leclercdrive.fr/image.ashx?id=2712986&use=l&cat=p&typeid=i","cat":284608},{"id":43772,"n":"Baies roses poivre doux 25g","p":2.77,"u":"110,80 €/KG","img":"https://fd8-photos.leclercdrive.fr/image.ashx?id=1867012&use=l&cat=p&typeid=i","cat":284457},{"id":43778,"n":"Morceaux de thon Listao Eco+ 130g","p":0.99,"u":"7,62 €/KG","img":"https://fd8-photos.leclercdrive.fr/image.ashx?id=2698141&use=l&cat=p&typeid=i","cat":303867},{"id":43781,"n":"Céréales Extra Kellogg's Chocolat Noir Noisettes - 800g","p":4.85,"u":"6,06 €/KG","img":"https://fd8-photos.leclercdrive.fr/image.ashx?id=2775026&use=l&cat=p&typeid=i","cat":309512},{"id":43818,"n":"Pralines Raffaello Noix de coco amandes x30 - 300g","p":9.8,"u":"32,67 €/KG","img":"https://fd8-photos.leclercdrive.fr/image.ashx?id=2922197&use=l&cat=p&typeid=i","cat":327595},{"id":43844,"n":"Friandises chats Tous mes amis Sticks au Poulet - 3x5g - 15g","p":0.56,"u":"37,33 €/KG","img":"https://fd8-photos.leclercdrive.fr/image.ashx?id=1947507&use=l&cat=p&typeid=i","cat":285285},{"id":43895,"n":"AOC Ventoux vin rosé Rives & Terrasses - 75cl","p":2.99,"u":"3,99 €/L","img":"https://fd8-photos.leclercdrive.fr/image.ashx?id=2869489&use=l&cat=p&typeid=i","cat":289558},{"id":43924,"n":"AOP Vin blanc italien  Prosecco Vilaveroni 75cl","p":7.29,"u":"9,72 €/L","img":"https://fd8-photos.leclercdrive.fr/image.ashx?id=2492351&use=l&cat=p&typeid=i","cat":289461},{"id":43943,"n":"Champagne Cordon rouge Mumm Millésime - 75cl","p":37.95,"pp":34.95,"u":"46,60 €/L","img":"https://fd8-photos.leclercdrive.fr/image.ashx?id=2953758&use=l&cat=p&typeid=i","cat":284542},{"id":43944,"n":"Champagne rosé G.H. Mumm Brut - 12%vol - 75cl","p":35.9,"pp":32.9,"u":"43,87 €/L","img":"https://fd8-photos.leclercdrive.fr/image.ashx?id=2998913&use=l&cat=p&typeid=i","cat":284542},{"id":43964,"n":"Mini bûches Eskiss Fruits - x6 - 333g","p":2.29,"u":"6,88 €/KG","img":"https://fd8-photos.leclercdrive.fr/image.ashx?id=2232586&use=l&cat=p&typeid=i","cat":284266},{"id":43965,"n":"Blinis cocktail entrée maxi format x12 - 300g","p":2.79,"u":"9,30 €/KG","img":"https://fd8-photos.leclercdrive.fr/image.ashx?id=2974623&use=l&cat=p&typeid=i","cat":285191},{"id":44002,"n":"Vin rouge Alain Paret Côtes du Rhône village - 75cl","p":9.95,"u":"13,27 €/L","img":"https://fd8-photos.leclercdrive.fr/image.ashx?id=968869&use=l&cat=p&typeid=i","cat":289556},{"id":44004,"n":"Vin blanc Le Rapillon Côtes du Rhône - 75cl","p":9.45,"u":"12,60 €/L","img":"https://fd8-photos.leclercdrive.fr/image.ashx?id=969769&use=l&cat=p&typeid=i","cat":289557},{"id":44007,"n":"Vin rouge La Canole Saint Joseph - 75cl","p":13.51,"u":"18,01 €/L","img":"https://fd8-photos.leclercdrive.fr/image.ashx?id=969761&use=l&cat=p&typeid=i","cat":289556},{"id":44008,"n":"Vin blanc Le Rapillon Saint Joseph - 75cl","p":17.75,"u":"23,67 €/L","img":"https://fd8-photos.leclercdrive.fr/image.ashx?id=969757&use=l&cat=p&typeid=i","cat":289557},{"id":44009,"n":"Vin rouge La Canole Crozes-Hermitage - 75cl","p":18.03,"u":"24,04 €/L","img":"https://fd8-photos.leclercdrive.fr/image.ashx?id=968881&use=l&cat=p&typeid=i","cat":289556},{"id":44016,"n":"Bocal Morilles extra séchées   Borde - 25g","p":13.91,"u":"556,40 €/KG","img":"https://fd8-photos.leclercdrive.fr/image.ashx?id=2731081&use=l&cat=p&typeid=i","cat":284352},{"id":44071,"n":"Boudins blancs Bahier Truffe x3 - 375g","p":4.89,"u":"13,04 €/KG","img":"https://fd8-photos.leclercdrive.fr/image.ashx?id=2967016&use=l&cat=p&typeid=i","cat":316012},{"id":44081,"n":"Eau aromatisée Volvic Juicy Fraise - 1,5L","p":1.38,"u":"0,92 €/L","img":"https://fd8-photos.leclercdrive.fr/image.ashx?id=2964664&use=l&cat=p&typeid=i","cat":284537},{"id":44082,"n":"Eau aromatisée Volvic juicy Fruits exotiques - 1,5L","p":1.43,"u":"0,95 €/L","img":"https://fd8-photos.leclercdrive.fr/image.ashx?id=2964667&use=l&cat=p&typeid=i","cat":284537},{"id":44085,"n":"Petit quatre quarts Bonne Maman x10 - 300g","p":2.98,"u":"9,93 €/KG","img":"https://fd8-photos.leclercdrive.fr/image.ashx?id=2936149&use=l&cat=p&typeid=i","cat":284492},{"id":44090,"n":"AOP Monbazillac vin blanc Moelleux Terrasses d'Autan-75cl","p":6.99,"u":"9,32 €/L","img":"https://fd8-photos.leclercdrive.fr/image.ashx?id=2756873&use=l&cat=p&typeid=i","cat":289557},{"id":44091,"n":"AOC Côtes du Rhône Villages vin rouge Rives & Terrasses - 75cl","p":3.89,"u":"5,19 €/L","img":"https://fd8-photos.leclercdrive.fr/image.ashx?id=2967570&use=l&cat=p&typeid=i","cat":289556},{"id":44092,"n":"AOC Lalande-de-Pomerol vin rouge Chantet Blanet - 75cl","p":8.49,"u":"11,32 €/L","img":"https://fd8-photos.leclercdrive.fr/image.ashx?id=2942792&use=l&cat=p&typeid=i","cat":289556},{"id":44094,"n":"Bière blonde Leffe 6,6% - 50cl canette","p":1.59,"u":"3,18 €/L","img":"https://fd8-photos.leclercdrive.fr/image.ashx?id=2948417&use=l&cat=p&typeid=i","cat":334853},{"id":44095,"n":"Bière blonde Leffe 6,6% - 75cl","p":2.49,"u":"3,32 €/L","img":"https://fd8-photos.leclercdrive.fr/image.ashx?id=1720789&use=l&cat=p&typeid=i","cat":334852},{"id":44097,"n":"Quinoa 500g","p":2.84,"u":"5,68 €/KG","img":"https://fd8-photos.leclercdrive.fr/image.ashx?id=3012845&use=l&cat=p&typeid=i","cat":284429},{"id":44166,"n":"Vinaigre de Riz Tanoshi Flacon 150ml","p":3.52,"u":"23,47 €/L","img":"https://fd8-photos.leclercdrive.fr/image.ashx?id=2907982&use=l&cat=p&typeid=i","cat":288992},{"id":44168,"n":"Guacamole en pot 300g","p":1.75,"u":"5,83 €/KG","img":"https://fd8-photos.leclercdrive.fr/image.ashx?id=2466072&use=l&cat=p&typeid=i","cat":288993},{"id":44171,"n":"6 wraps de blé nature 370g","p":1.99,"u":"5,38 €/KG","img":"https://fd8-photos.leclercdrive.fr/image.ashx?id=2679741&use=l&cat=p&typeid=i","cat":288993},{"id":44172,"n":"Assaisonnement pour Guacamole Tables du monde - 20g","p":0.95,"u":"47,50 €/KG","img":"https://fd8-photos.leclercdrive.fr/image.ashx?id=2489125&use=l&cat=p&typeid=i","cat":288993},{"id":44174,"n":"Après-shampooing doux Nateis Cheveux secs - 250ml","p":1.35,"u":"5,40 €/KG","img":"https://fd8-photos.leclercdrive.fr/image.ashx?id=2626811&use=l&cat=p&typeid=i","cat":284607},{"id":44179,"n":"Sachets détachants Texil Anti-transferts - x12","p":4.44,"u":"0,37 €/P","img":"https://fd8-photos.leclercdrive.fr/image.ashx?id=2958741&use=l&cat=p&typeid=i","cat":284651},{"id":44181,"n":"Poivrons grillés Florelli Antipasti - 280g","p":3.13,"u":"11,18 €/KG","img":"https://fd8-photos.leclercdrive.fr/image.ashx?id=2633091&use=l&cat=p&typeid=i","cat":289010},{"id":44183,"n":"Tortillas Old El Paso de blé nature x8 - 326g","p":2.41,"u":"7,39 €/KG","img":"https://fd8-photos.leclercdrive.fr/image.ashx?id=2737642&use=l&cat=p&typeid=i","cat":288993},{"id":44184,"n":"Kit fajitas Old El Paso Original doux - 500g","p":4.86,"u":"9,72 €/KG","img":"https://fd8-photos.leclercdrive.fr/image.ashx?id=2940576&use=l&cat=p&typeid=i","cat":288993},{"id":44185,"n":"Kit Burritos Old El Paso Original paprika doux - 510g","p":5.07,"u":"9,94 €/KG","img":"https://fd8-photos.leclercdrive.fr/image.ashx?id=2940579&use=l&cat=p&typeid=i","cat":288993},{"id":44186,"n":"Kit Enchiladas Old El Paso au four doux - 657g","p":4.96,"u":"7,55 €/KG","img":"https://fd8-photos.leclercdrive.fr/image.ashx?id=2759502&use=l&cat=p&typeid=i","cat":288993},{"id":44194,"n":"Confiture de lait Bonne Maman 380g","p":2.95,"u":"7,76 €/KG","img":"https://fd8-photos.leclercdrive.fr/image.ashx?id=2785430&use=l&cat=p&typeid=i","cat":284480},{"id":44195,"n":"Détachant avant lavage K2R  Action complète pistolet -750ml","p":3.04,"u":"4,05 €/L","img":"https://fd8-photos.leclercdrive.fr/image.ashx?id=2101180&use=l&cat=p&typeid=i","cat":284651},{"id":44197,"n":"Couches Activ+ Mots d'Enfants T4 : 7/18kg - x39 changes","p":12.89,"u":"0,33 €/P","img":"https://fd8-photos.leclercdrive.fr/image.ashx?id=2934715&use=l&cat=p&typeid=i","cat":284737},{"id":44224,"n":"Aneth Les Crudettes 11g","p":1.48,"u":"134,55 €/KG","img":"https://fd8-photos.leclercdrive.fr/image.ashx?id=2654623&use=l&cat=p&typeid=i","cat":293607},{"id":44231,"n":"Estragon de france Sainte Lucie flacon 11g","p":2.15,"u":"195,45 €/KG","img":"https://fd8-photos.leclercdrive.fr/image.ashx?id=2774292&use=l&cat=p&typeid=i","cat":298297},{"id":44236,"n":"Epices paëlla Sainte Lucie à l'espagnole 30g","p":1.66,"u":"55,33 €/KG","img":"https://fd8-photos.leclercdrive.fr/image.ashx?id=2104591&use=l&cat=p&typeid=i","cat":298297},{"id":44278,"n":"Ravioli bolognaise Panzani - 400g","p":2.59,"u":"6,48 €/KG","img":"https://fd8-photos.leclercdrive.fr/image.ashx?id=2876059&use=l&cat=p&typeid=i","cat":284442},{"id":44279,"n":"Fromage apéritif Apericube Panier de campagne 24 cubes","p":2.39,"u":"19,12 €/KG","img":"https://fd8-photos.leclercdrive.fr/image.ashx?id=2882656&use=l&cat=p&typeid=i","cat":314027},{"id":44285,"n":"Thon cuisiné Saupiquet  sauce catalane 1/6 2x135g","p":2.22,"u":"8,22 €/KG","img":"https://fd8-photos.leclercdrive.fr/image.ashx?id=2731549&use=l&cat=p&typeid=i","cat":303867},{"id":44293,"n":"Emmental râpé  Entremont  français 160g","p":1.81,"u":"11,31 €/KG","img":"https://fd8-photos.leclercdrive.fr/image.ashx?id=2983153&use=l&cat=p&typeid=i","cat":314035},{"id":44298,"n":"L'Ortolan familial  Fromagerie Milleret-  330g","p":3.28,"u":"9,94 €/KG","img":"https://fd8-photos.leclercdrive.fr/image.ashx?id=2226400&use=l&cat=p&typeid=i","cat":314033},{"id":44299,"n":"Fromage à Tartiner Tartare  Ail et fines herbes - 250g","p":2.8,"u":"11,20 €/KG","img":"https://fd8-photos.leclercdrive.fr/image.ashx?id=2903170&use=l&cat=p&typeid=i","cat":314029},{"id":44300,"n":"Mini bûches de chèvre Soignon x6 - 150g","p":2.91,"u":"19,40 €/KG","img":"https://fd8-photos.leclercdrive.fr/image.ashx?id=2646560&use=l&cat=p&typeid=i","cat":314030},{"id":44307,"n":"Fromage Tomme noire NRT IGP  des Pyrénées - 200g","p":2.45,"u":"12,25 €/KG","img":"https://fd8-photos.leclercdrive.fr/image.ashx?id=2849596&use=l&cat=p&typeid=i","cat":329184},{"id":44336,"n":"Savon Noir liquide Briochin Ecocert - 1L","p":2.48,"u":"2,48 €/L","img":"https://fd8-photos.leclercdrive.fr/image.ashx?id=3011389&use=l&cat=p&typeid=i","cat":325365},{"id":44342,"n":"Eau de cologne Bien Etre  Verveine, Romarin - 250ml","p":4.43,"u":"17,72 €/L","img":"https://fd8-photos.leclercdrive.fr/image.ashx?id=2353668&use=l&cat=p&typeid=i","cat":291525},{"id":44355,"n":"Sandwich Baguette Mega Viennois  Sodebo Poulet Œuf - 270g","p":1.7,"u":"6,30 €/KG","img":"https://fd8-photos.leclercdrive.fr/image.ashx?id=2732392&use=l&cat=p&typeid=i","cat":333658},{"id":44361,"n":"Chocolat Pâtissier Nestlé Dessert : Noir - 205g","p":3.01,"u":"14,68 €/KG","img":"https://fd8-photos.leclercdrive.fr/image.ashx?id=2938920&use=l&cat=p&typeid=i","cat":285562},{"id":44364,"n":"Bonbon Alpin Fresh Ricola Sans sucres - 50g","p":1.62,"u":"32,40 €/KG","img":"https://fd8-photos.leclercdrive.fr/image.ashx?id=2387831&use=l&cat=p&typeid=i","cat":304256},{"id":44370,"n":"Préservatifs perles et nervures X12","p":2.42,"u":"0,20 €/P","img":"https://fd8-photos.leclercdrive.fr/image.ashx?id=2856196&use=l&cat=p&typeid=i","cat":284631},{"id":44385,"n":"Saumon fumé Ronde des Mers   Sauvage Alaska x8T - 240g","p":12.49,"u":"52,04 €/KG","img":"https://fd8-photos.leclercdrive.fr/image.ashx?id=2822747&use=l&cat=p&typeid=i","cat":285188},{"id":44434,"n":"Nectar Bio Pressade Multifruits - 1,5L","p":2.27,"u":"1,51 €/L","img":"https://fd8-photos.leclercdrive.fr/image.ashx?id=2732533&use=l&cat=p&typeid=i","cat":284917},{"id":44445,"n":"Wraps Old El Paso de blé nature x6 - 350g","p":2.32,"u":"6,63 €/KG","img":"https://fd8-photos.leclercdrive.fr/image.ashx?id=2737645&use=l&cat=p&typeid=i","cat":288993},{"id":44567,"n":"Oeufs de Nos Régions Plein air Oméga 3 - x6","p":1.52,"u":"0,25 €/P","img":"https://fd8-photos.leclercdrive.fr/image.ashx?id=2969779&use=l&cat=p&typeid=i","cat":284378},{"id":44568,"n":"Oeufs frais De Nos Régions  Oméga 3 - Plein Air - x12","p":2.88,"u":"0,24 €/P","img":"https://fd8-photos.leclercdrive.fr/image.ashx?id=2969794&use=l&cat=p&typeid=i","cat":284378},{"id":44574,"n":"Nettoyant textiles TECH9 Avec brosse - 400ml","p":4.59,"u":"11,48 €/L","img":"https://fd8-photos.leclercdrive.fr/image.ashx?id=1543900&use=l&cat=p&typeid=i","cat":298252},{"id":44576,"n":"Dégivrant -25°C TECH9 400ml","p":2.65,"u":"6,63 €/L","img":"https://fd8-photos.leclercdrive.fr/image.ashx?id=1543909&use=l&cat=p&typeid=i","cat":298252},{"id":44577,"n":"Nettoyant jantes TECH9 500ml","p":3.99,"u":"7,98 €/L","img":"https://fd8-photos.leclercdrive.fr/image.ashx?id=2162450&use=l&cat=p&typeid=i","cat":298252},{"id":44578,"n":"Madeleines Saint Michel Pépites chocolat 400g","p":1.84,"u":"4,60 €/KG","img":"https://fd8-photos.leclercdrive.fr/image.ashx?id=2936200&use=l&cat=p&typeid=i","cat":284492},{"id":44605,"n":"Foie gras canard IGP Sud-Ouest NRT Entier - 300g","p":22.9,"u":"76,33 €/KG","img":"https://fd8-photos.leclercdrive.fr/image.ashx?id=2743897&use=l&cat=p&typeid=i","cat":305148},{"id":44657,"n":"Bière blonde Leffe Rituel 9% - 12x25cl","p":10.05,"u":"3,35 €/L","img":"https://fd8-photos.leclercdrive.fr/image.ashx?id=2548288&use=l&cat=p&typeid=i","cat":334852},{"id":44706,"n":"Palets bretons P'tit Déli 2x125g","p":1.84,"u":"7,36 €/KG","img":"https://fd8-photos.leclercdrive.fr/image.ashx?id=2820134&use=l&cat=p&typeid=i","cat":284487},{"id":44732,"n":"Brunoise Notre Jardin méditerranéens 600g","p":3.41,"u":"5,68 €/KG","img":"https://fd8-photos.leclercdrive.fr/image.ashx?id=2873150&use=l&cat=p&typeid=i","cat":319823},{"id":44741,"n":"Riz sushi Table du monde 500g","p":1.19,"u":"2,38 €/KG","img":"https://fd8-photos.leclercdrive.fr/image.ashx?id=2679753&use=l&cat=p&typeid=i","cat":288992},{"id":44743,"n":"Julienne de légumes Bio Village Bio - 600g","p":1.99,"u":"3,32 €/KG","img":"https://fd8-photos.leclercdrive.fr/image.ashx?id=2175780&use=l&cat=p&typeid=i","cat":319823},{"id":44745,"n":"Mini boulettes au boeuf Férial  x50 - 750g","p":6.99,"u":"9,32 €/KG","img":"https://fd8-photos.leclercdrive.fr/image.ashx?id=2966511&use=l&cat=p&typeid=i","cat":319779},{"id":44746,"n":"Glace Mystère Extrême Vanille Meringue x4 308.6g","p":5.44,"u":"17,61 €/KG","img":"https://fd8-photos.leclercdrive.fr/image.ashx?id=2878375&use=l&cat=p&typeid=i","cat":284266},{"id":44748,"n":"Purée de carottes Notre Jardin potirons 750g","p":2.62,"u":"3,49 €/KG","img":"https://fd8-photos.leclercdrive.fr/image.ashx?id=2856190&use=l&cat=p&typeid=i","cat":319805},{"id":44751,"n":"Pom' curv au four Pom'Lisse 600g","p":1.81,"u":"3,02 €/KG","img":"https://fd8-photos.leclercdrive.fr/image.ashx?id=2699690&use=l&cat=p&typeid=i","cat":319791},{"id":44767,"n":"Dés Gouda cumin Les Croisés 30%MG - 150g","p":1.95,"u":"13,00 €/KG","img":"https://fd8-photos.leclercdrive.fr/image.ashx?id=2532844&use=l&cat=p&typeid=i","cat":314027},{"id":44770,"n":"Steak haché Férial  5%mg x4 - 400g","p":6.99,"u":"17,48 €/KG","img":"https://fd8-photos.leclercdrive.fr/image.ashx?id=3004663&use=l&cat=p&typeid=i","cat":319778},{"id":44808,"n":"AOC Côtes du Rhône rouge BIO Rives & Terrasses - 75cl","p":3.99,"u":"5,32 €/L","img":"https://fd8-photos.leclercdrive.fr/image.ashx?id=2928318&use=l&cat=p&typeid=i","cat":289556},{"id":44859,"n":"Olives Vertes -25% sel Tramier  Dénoyautées 160g","p":1.99,"u":"12,44 €/KG","img":"https://fd8-photos.leclercdrive.fr/image.ashx?id=2840823&use=l&cat=p&typeid=i","cat":284458},{"id":44861,"n":"Sauce pesto Tradizioni d'Italia A la génoise - 180g","p":1.79,"u":"9,94 €/KG","img":"https://fd8-photos.leclercdrive.fr/image.ashx?id=2840043&use=l&cat=p&typeid=i","cat":287599},{"id":44865,"n":"Dessert fruits mixés Sojasun Abricot / Goyave - 4x100g","p":1.64,"u":"4,10 €/KG","img":"https://fd8-photos.leclercdrive.fr/image.ashx?id=2355668&use=l&cat=p&typeid=i","cat":316071},{"id":44871,"n":"Nettoyant plastique TECH9 Ecocert - 500ml","p":4.99,"u":"9,98 €/L","img":"https://fd8-photos.leclercdrive.fr/image.ashx?id=2536860&use=l&cat=p&typeid=i","cat":298252},{"id":44874,"n":"Nettoyant tissu moquette TECH9 Ecocert - 500ml","p":4.99,"u":"9,98 €/L","img":"https://fd8-photos.leclercdrive.fr/image.ashx?id=2536863&use=l&cat=p&typeid=i","cat":298252},{"id":44876,"n":"Nettoyant multi-usage TECH9 Ecocert - 500ml","p":3.4,"u":"6,80 €/L","img":"https://fd8-photos.leclercdrive.fr/image.ashx?id=2536866&use=l&cat=p&typeid=i","cat":298252},{"id":44877,"n":"Nettoyant jantes TECH9 Ecocert - 500ml","p":4.65,"u":"9,30 €/L","img":"https://fd8-photos.leclercdrive.fr/image.ashx?id=2536869&use=l&cat=p&typeid=i","cat":298252},{"id":44878,"n":"Shampooing carrosserie TECH9 Ecocert - 500ml","p":5.99,"u":"11,98 €/L","img":"https://fd8-photos.leclercdrive.fr/image.ashx?id=2536872&use=l&cat=p&typeid=i","cat":298252},{"id":44884,"n":"Soupe Mouliné Bio Village Bio - Légumes variés - 1L","p":1.97,"u":"1,97 €/L","img":"https://fd8-photos.leclercdrive.fr/image.ashx?id=2133957&use=l&cat=p&typeid=i","cat":284462},{"id":44885,"n":"Velouté de légumes Bio Village Bio - 1L","p":2.79,"u":"2,79 €/L","img":"https://fd8-photos.leclercdrive.fr/image.ashx?id=2339879&use=l&cat=p&typeid=i","cat":284462},{"id":44900,"n":"Baguette précuite four Epi d'Or précuite four en pierre - 250g","p":1.35,"u":"5,40 €/KG","img":"https://fd8-photos.leclercdrive.fr/image.ashx?id=2956963&use=l&cat=p&typeid=i","cat":325069},{"id":44910,"n":"Crème dessert La Laitière Pot de crème chocolat - 8x100g","p":4.2,"u":"5,25 €/KG","img":"https://fd8-photos.leclercdrive.fr/image.ashx?id=2692116&use=l&cat=p&typeid=i","cat":285041},{"id":44911,"n":"Crème dessert La Laitière Pot de crème vanille - 8x100g","p":4.2,"u":"5,25 €/KG","img":"https://fd8-photos.leclercdrive.fr/image.ashx?id=2692119&use=l&cat=p&typeid=i","cat":285041},{"id":44934,"n":"Beurre Elle&Vire Condé sur Vire Doux - 82% MG - 500g","p":5.84,"u":"11,68 €/KG","img":"https://fd8-photos.leclercdrive.fr/image.ashx?id=2833648&use=l&cat=p&typeid=i","cat":284379},{"id":44939,"n":"Mini gratins Côté Table Pomme de terre salardaise 400g","p":3.89,"u":"9,73 €/KG","img":"https://fd8-photos.leclercdrive.fr/image.ashx?id=2641289&use=l&cat=p&typeid=i","cat":319802},{"id":44944,"n":"Oeufs de caille De Nos Régions x18","p":2.39,"u":"0,13 €/P","img":"https://fd8-photos.leclercdrive.fr/image.ashx?id=1070469&use=l&cat=p&typeid=i","cat":284378},{"id":44947,"n":"Pâtes Tagliatelle Panzani Qualité Pâtes Fraîche - 400G","p":1.68,"u":"4,20 €/KG","img":"https://fd8-photos.leclercdrive.fr/image.ashx?id=2872856&use=l&cat=p&typeid=i","cat":284427},{"id":44953,"n":"Pâtes Sans gluten Barilla Spaghetti - 400g","p":1.89,"u":"4,73 €/KG","img":"https://fd8-photos.leclercdrive.fr/image.ashx?id=2647639&use=l&cat=p&typeid=i","cat":284427},{"id":44954,"n":"Pâtes Sans gluten Barilla Penne Rigate - 400g","p":1.91,"u":"4,78 €/KG","img":"https://fd8-photos.leclercdrive.fr/image.ashx?id=2975461&use=l&cat=p&typeid=i","cat":284427},{"id":44959,"n":"Lingettes démaquillantes Inell Eau micellaire x25","p":2.6,"u":"0,10 €/P","img":"https://fd8-photos.leclercdrive.fr/image.ashx?id=2764392&use=l&cat=p&typeid=i","cat":284603},{"id":44963,"n":"Stick lèvres Inell Miss pink - 1 pièce","p":1.69,"img":"https://fd8-photos.leclercdrive.fr/image.ashx?id=2691673&use=l&cat=p&typeid=i","cat":285485},{"id":44964,"n":"Alèses absorbantes Chorys 60x90cm - x16","p":6.99,"u":"0,44 €/P","img":"https://fd8-photos.leclercdrive.fr/image.ashx?id=2860076&use=l&cat=p&typeid=i","cat":284628},{"id":44967,"n":"Culottes bébé Mots d'Enfants  T5 : 12/18kg - x20 changes","p":5.45,"u":"0,27 €/P","img":"https://fd8-photos.leclercdrive.fr/image.ashx?id=2904580&use=l&cat=p&typeid=i","cat":290633},{"id":44968,"n":"Culottes bébé Mots d'Enfants  T6 : 16kg - x18 changes","p":4.99,"u":"0,28 €/P","img":"https://fd8-photos.leclercdrive.fr/image.ashx?id=2907201&use=l&cat=p&typeid=i","cat":290633},{"id":44980,"n":"Gel lave-vaisselle Visior Classique x75 - 1,5L","p":4.75,"u":"3,17 €/L","img":"https://fd8-photos.leclercdrive.fr/image.ashx?id=1544234&use=l&cat=p&typeid=i","cat":284656},{"id":45001,"n":"Pain de campagne Epi d'Or Spécial - 500g","p":1.79,"u":"3,58 €/KG","img":"https://fd8-photos.leclercdrive.fr/image.ashx?id=2114928&use=l&cat=p&typeid=i","cat":325069},{"id":45005,"n":"Fond de veau Rustica dégraissé 100g","p":2.18,"u":"21,80 €/KG","img":"https://fd8-photos.leclercdrive.fr/image.ashx?id=2979571&use=l&cat=p&typeid=i","cat":288379},{"id":45015,"n":"Biscuits P'tit Déli Pépites de chocolat 300g","p":2.49,"u":"8,30 €/KG","img":"https://fd8-photos.leclercdrive.fr/image.ashx?id=2390425&use=l&cat=p&typeid=i","cat":284487},{"id":45023,"n":"AOC Moulin-à-Vent vin rouge Antoine Barrier - 75cl","p":7.75,"u":"10,33 €/L","img":"https://fd8-photos.leclercdrive.fr/image.ashx?id=3004549&use=l&cat=p&typeid=i","cat":289556},{"id":45024,"n":"AOC Mâcon Villages vin blanc Antoine Barrier - 75cl","p":7.49,"u":"9,99 €/L","img":"https://fd8-photos.leclercdrive.fr/image.ashx?id=2884249&use=l&cat=p&typeid=i","cat":289557},{"id":45033,"n":"AOC Côtes du Rhône vin blanc Rives & Terrasses - 75cl","p":3.99,"u":"5,32 €/L","img":"https://fd8-photos.leclercdrive.fr/image.ashx?id=2856326&use=l&cat=p&typeid=i","cat":289557},{"id":45035,"n":"AOP Alsace Riesling vin blanc Rebmann - 75 cl","p":4.85,"u":"6,47 €/L","img":"https://fd8-photos.leclercdrive.fr/image.ashx?id=2754213&use=l&cat=p&typeid=i","cat":289557},{"id":45036,"n":"AOC Alsace Riesling vin blanc Rebmann - 37,5 cl","p":3.25,"u":"8,67 €/L","img":"https://fd8-photos.leclercdrive.fr/image.ashx?id=2754216&use=l&cat=p&typeid=i","cat":289557},{"id":45038,"n":"AOP Côtes du Rhône vin rouge Grégoire XI - 75 cl","p":2.99,"u":"3,99 €/L","img":"https://fd8-photos.leclercdrive.fr/image.ashx?id=2928222&use=l&cat=p&typeid=i","cat":289556},{"id":45050,"n":"AOP Bourgogne Pinot noir vin rouge Antoine Barrier - 75cl","p":7.99,"u":"10,65 €/L","img":"https://fd8-photos.leclercdrive.fr/image.ashx?id=2694106&use=l&cat=p&typeid=i","cat":289556},{"id":45051,"n":"AOP Chablis vin blanc Antoine Barrier - 75cl","p":12.99,"u":"17,32 €/L","img":"https://fd8-photos.leclercdrive.fr/image.ashx?id=2939067&use=l&cat=p&typeid=i","cat":289557},{"id":45052,"n":"Velouté Régal Soupe Potiron Châtaigne - 1L","p":2.46,"u":"2,46 €/L","img":"https://fd8-photos.leclercdrive.fr/image.ashx?id=2983811&use=l&cat=p&typeid=i","cat":284462},{"id":45053,"n":"Soupe Velouté Régal Soupe Potiron fromage fondu 1L","p":2.36,"u":"2,36 €/L","img":"https://fd8-photos.leclercdrive.fr/image.ashx?id=2607572&use=l&cat=p&typeid=i","cat":284462},{"id":45065,"n":"Bretzels d'alsace NRT sachet 200g","p":0.74,"u":"3,70 €/KG","img":"https://fd8-photos.leclercdrive.fr/image.ashx?id=2638018&use=l&cat=p&typeid=i","cat":297000},{"id":45097,"n":"Panettone Tradizioni d'Italia 500g","p":5.49,"u":"10,98 €/KG","img":"https://fd8-photos.leclercdrive.fr/image.ashx?id=2743921&use=l&cat=p&typeid=i","cat":293600},{"id":45101,"n":"Carrés de soin Mots d'Enfants Bébés - x100","p":1.99,"u":"0,02 €/P","img":"https://fd8-photos.leclercdrive.fr/image.ashx?id=3014245&use=l&cat=p&typeid=i","cat":284739},{"id":45102,"n":"Culottes bébé Mots d'Enfants  T4 : 8/15kg - x22 changes","p":5.35,"u":"0,24 €/P","img":"https://fd8-photos.leclercdrive.fr/image.ashx?id=2907198&use=l&cat=p&typeid=i","cat":290633},{"id":45138,"n":"Biscuits Bio Bjorg complets P'tit nature - 200g","p":1.6,"u":"8,00 €/KG","img":"https://fd8-photos.leclercdrive.fr/image.ashx?id=2906157&use=l&cat=p&typeid=i","cat":284487},{"id":45140,"n":"boisson végétale bio  épeautre bjorg 1l","p":2.48,"u":"2,48 €/L","img":"https://fd8-photos.leclercdrive.fr/image.ashx?id=2967058&use=l&cat=p&typeid=i","cat":316067},{"id":45145,"n":"Crème amande cuisine  Bjorg  Bio - 200ml","p":1.8,"u":"9,00 €/L","img":"https://fd8-photos.leclercdrive.fr/image.ashx?id=2851770&use=l&cat=p&typeid=i","cat":288383},{"id":45147,"n":"boisson végétale bio coco  bjorg 1L","p":2.68,"u":"2,68 €/L","img":"https://fd8-photos.leclercdrive.fr/image.ashx?id=2909530&use=l&cat=p&typeid=i","cat":316067},{"id":45148,"n":"Boisson végétale épeautre noisette Bjorg Bio - 1L","p":2.52,"u":"2,52 €/L","img":"https://fd8-photos.leclercdrive.fr/image.ashx?id=2960804&use=l&cat=p&typeid=i","cat":316067},{"id":45149,"n":"Boisson végétale lait d'amande  chocolat bjorg bio - 1l","p":2.57,"u":"2,57 €/L","img":"https://fd8-photos.leclercdrive.fr/image.ashx?id=2939412&use=l&cat=p&typeid=i","cat":316067},{"id":45150,"n":"Biscuits lunettes Bio Bjorg Fraise 200g","p":2.45,"u":"12,25 €/KG","img":"https://fd8-photos.leclercdrive.fr/image.ashx?id=2999976&use=l&cat=p&typeid=i","cat":284489},{"id":45157,"n":"Boulghour Tunisienne Céréal Bio Bio repas express - 220g","p":1.95,"u":"8,86 €/KG","img":"https://fd8-photos.leclercdrive.fr/image.ashx?id=2574062&use=l&cat=p&typeid=i","cat":287600},{"id":45165,"n":"Pots soir bébé bio Babybio Légumes blé - 6 mois - 2x200g","p":2.6,"u":"6,50 €/KG","img":"https://fd8-photos.leclercdrive.fr/image.ashx?id=2827479&use=l&cat=p&typeid=i","cat":312239},{"id":45167,"n":"Flocons avoine bio  Terres et Céréales - 500g","p":1.96,"u":"3,92 €/KG","img":"https://fd8-photos.leclercdrive.fr/image.ashx?id=2471907&use=l&cat=p&typeid=i","cat":309512},{"id":45168,"n":"Bouillon cube bio Jardin Bio Légumes - 72g","p":1.76,"u":"24,44 €/KG","img":"https://fd8-photos.leclercdrive.fr/image.ashx?id=2535535&use=l&cat=p&typeid=i","cat":288379},{"id":45169,"n":"Bouillon cube bio Jardin Bio Volaille dégraissé x10 - 100g","p":2.1,"u":"21,00 €/KG","img":"https://fd8-photos.leclercdrive.fr/image.ashx?id=2535538&use=l&cat=p&typeid=i","cat":288379},{"id":45171,"n":"Chocolat noir Bio Ethiquable   70% Pérou - 100g","p":2.88,"u":"28,80 €/KG","img":"https://fd8-photos.leclercdrive.fr/image.ashx?id=2870896&use=l&cat=p&typeid=i","cat":284956},{"id":45172,"n":"Chocolat noir Bio Ethiquable 72% Haïti - 100g","p":2.76,"u":"27,60 €/KG","img":"https://fd8-photos.leclercdrive.fr/image.ashx?id=2870914&use=l&cat=p&typeid=i","cat":284956},{"id":45178,"n":"Coulis de tomate Bjorg bio 3x200g","p":1.62,"u":"2,70 €/KG","img":"https://fd8-photos.leclercdrive.fr/image.ashx?id=2757289&use=l&cat=p&typeid=i","cat":288384},{"id":45184,"n":"Chocolat noir Alter Eco Pérou Bio 75% de cacao - 100g","p":2.85,"u":"28,50 €/KG","img":"https://fd8-photos.leclercdrive.fr/image.ashx?id=2906541&use=l&cat=p&typeid=i","cat":284956},{"id":45185,"n":"Tablette de chocolat Alter Eco  Pérou Bio Noir 90% - 100g","p":2.8,"u":"28,00 €/KG","img":"https://fd8-photos.leclercdrive.fr/image.ashx?id=2906544&use=l&cat=p&typeid=i","cat":284956},{"id":45191,"n":"Couscous Jardin Bio Bio légumes du soleil - 220g","p":2.26,"u":"10,27 €/KG","img":"https://fd8-photos.leclercdrive.fr/image.ashx?id=2535022&use=l&cat=p&typeid=i","cat":287600},{"id":45192,"n":"Pâtes bio Jardin Bio Coquillettes 3 min - 500g","p":1.82,"u":"3,64 €/KG","img":"https://fd8-photos.leclercdrive.fr/image.ashx?id=2939976&use=l&cat=p&typeid=i","cat":284427},{"id":45193,"n":"Chocolat noir Bio Ethiquable  85% Madagascar - 100g","p":2.92,"u":"29,20 €/KG","img":"https://fd8-photos.leclercdrive.fr/image.ashx?id=2870881&use=l&cat=p&typeid=i","cat":284956},{"id":45194,"n":"Chocolat noir Bio Ethiquable  80% Equateur - 100g","p":3.0,"u":"30,00 €/KG","img":"https://fd8-photos.leclercdrive.fr/image.ashx?id=2870917&use=l&cat=p&typeid=i","cat":284956},{"id":45197,"n":"Quinoa boulghour  Céréal Bio  à l'Indienne bio -220g","p":2.14,"u":"9,73 €/KG","img":"https://fd8-photos.leclercdrive.fr/image.ashx?id=2574068&use=l&cat=p&typeid=i","cat":287600},{"id":45205,"n":"Biscuits fourrés Bio Bjorg  Chocolat lait noisette - 225g","p":3.78,"u":"16,80 €/KG","img":"https://fd8-photos.leclercdrive.fr/image.ashx?id=2970930&use=l&cat=p&typeid=i","cat":284488},{"id":45207,"n":"Biscuits Bio Bjorg Fourrés à la Vanille - 225g","p":4.26,"u":"18,93 €/KG","img":"https://fd8-photos.leclercdrive.fr/image.ashx?id=2912059&use=l&cat=p&typeid=i","cat":284489},{"id":45212,"n":"Duo de quinoa Jardin Bio  Bio aux légumes - 250g","p":2.17,"u":"8,68 €/KG","img":"https://fd8-photos.leclercdrive.fr/image.ashx?id=2535481&use=l&cat=p&typeid=i","cat":287600},{"id":45213,"n":"Flageolets Jardin Bio  Bio cuisinés - 680g","p":3.0,"u":"4,41 €/KG","img":"https://fd8-photos.leclercdrive.fr/image.ashx?id=2918319&use=l&cat=p&typeid=i","cat":312606},{"id":45225,"n":"Galettes de riz Bio Bjorg Chocolat au lait - 90g","p":3.46,"u":"38,44 €/KG","img":"https://fd8-photos.leclercdrive.fr/image.ashx?id=2882442&use=l&cat=p&typeid=i","cat":318651},{"id":45229,"n":"biscuits gaufres bio bjorg  Miel - 175g","p":2.13,"u":"12,17 €/KG","img":"https://fd8-photos.leclercdrive.fr/image.ashx?id=2915973&use=l&cat=p&typeid=i","cat":294777},{"id":45243,"n":"Lait de coco fluide Bio Bjorg 200ml","p":1.59,"u":"7,95 €/L","img":"https://fd8-photos.leclercdrive.fr/image.ashx?id=2752995&use=l&cat=p&typeid=i","cat":288992},{"id":45244,"n":"boisson végétale lait d'amande  bio bjorg 1l","p":2.26,"u":"2,26 €/L","img":"https://fd8-photos.leclercdrive.fr/image.ashx?id=2967067&use=l&cat=p&typeid=i","cat":316067},{"id":45245,"n":"Boisson végétale lait d'amande  vanille bjorg bio - 1l","p":2.37,"u":"2,37 €/L","img":"https://fd8-photos.leclercdrive.fr/image.ashx?id=2991978&use=l&cat=p&typeid=i","cat":316067},{"id":45247,"n":"Maïs bio Géant Vert extra croquant - 2x140g","p":2.36,"u":"8,43 €/KG","img":"https://fd8-photos.leclercdrive.fr/image.ashx?id=2840545&use=l&cat=p&typeid=i","cat":312611},{"id":45251,"n":"Lentilles vertes Jardin Bio  Bio saveur du terroir - 250g","p":1.58,"u":"6,32 €/KG","img":"https://fd8-photos.leclercdrive.fr/image.ashx?id=2535559&use=l&cat=p&typeid=i","cat":287600},{"id":45252,"n":"Lentilles Jardin Bio  Bio façon petit salé - 250g","p":2.06,"u":"8,24 €/KG","img":"https://fd8-photos.leclercdrive.fr/image.ashx?id=2535019&use=l&cat=p&typeid=i","cat":287600},{"id":45253,"n":"Infusion détox Bio Clipper Hibiscus fruits rouges - 40g","p":2.21,"u":"55,25 €/KG","img":"https://fd8-photos.leclercdrive.fr/image.ashx?id=2922083&use=l&cat=p&typeid=i","cat":293234},{"id":45254,"n":"Infusion Clipper Bio - Citron gingembre - 50g","p":2.17,"u":"43,40 €/KG","img":"https://fd8-photos.leclercdrive.fr/image.ashx?id=2909176&use=l&cat=p&typeid=i","cat":293234},{"id":45261,"n":"Orge riz rouge bio Céréal Bio  lentilles repas express-220g","p":1.79,"u":"7,16 €/KG","img":"https://fd8-photos.leclercdrive.fr/image.ashx?id=2574080&use=l&cat=p&typeid=i","cat":287600},{"id":45262,"n":"Orge pruneaux bio Céréal Bio  Marocain repas express-220g","p":2.23,"u":"10,14 €/KG","img":"https://fd8-photos.leclercdrive.fr/image.ashx?id=2575075&use=l&cat=p&typeid=i","cat":287600},{"id":45263,"n":"pain complet bio bjorg  seigle - 500g","p":2.46,"u":"4,92 €/KG","img":"https://fd8-photos.leclercdrive.fr/image.ashx?id=2753973&use=l&cat=p&typeid=i","cat":325069},{"id":45270,"n":"Pains au chocolat Bio La Boulangère - 6x270g","p":2.62,"u":"9,70 €/KG","img":"https://fd8-photos.leclercdrive.fr/image.ashx?id=2912185&use=l&cat=p&typeid=i","cat":296366},{"id":45274,"n":"Maïs doux Jardin Bio  Bio - 230g","p":2.0,"u":"8,70 €/KG","img":"https://fd8-photos.leclercdrive.fr/image.ashx?id=2903233&use=l&cat=p&typeid=i","cat":312611},{"id":45276,"n":"Pain de mie La Boulangère  Céréales Bio - 500g","p":2.41,"u":"4,82 €/KG","img":"https://fd8-photos.leclercdrive.fr/image.ashx?id=2912398&use=l&cat=p&typeid=i","cat":284477},{"id":45278,"n":"Purée potimarron Céréal Bio  lentilles bio-250g","p":1.78,"u":"7,12 €/KG","img":"https://fd8-photos.leclercdrive.fr/image.ashx?id=2574074&use=l&cat=p&typeid=i","cat":287600},{"id":45287,"n":"Repas bébé Babybio - 4 mois Légumes Bio - 2x130g","p":2.07,"u":"7,96 €/KG","img":"https://fd8-photos.leclercdrive.fr/image.ashx?id=2827443&use=l&cat=p&typeid=i","cat":312234},{"id":45288,"n":"Compote bébé Babybio Bio 4 mois Pomme / Myrtille - 2x130g","p":1.95,"u":"7,50 €/KG","img":"https://fd8-photos.leclercdrive.fr/image.ashx?id=2827491&use=l&cat=p&typeid=i","cat":312387},{"id":45289,"n":"Petits pois bio Jardin Bio A l'étuvée extra fins - 230g","p":2.11,"u":"9,17 €/KG","img":"https://fd8-photos.leclercdrive.fr/image.ashx?id=2944732&use=l&cat=p&typeid=i","cat":312607},{"id":45290,"n":"Petits pois Le jardin Bio  Bio extra fins - 445g","p":3.13,"u":"7,03 €/KG","img":"https://fd8-photos.leclercdrive.fr/image.ashx?id=2944735&use=l&cat=p&typeid=i","cat":312607},{"id":45291,"n":"Quinoa Jardin Bio  Bio poulet et Sésame - 250g","p":2.28,"u":"9,12 €/KG","img":"https://fd8-photos.leclercdrive.fr/image.ashx?id=2956433&use=l&cat=p&typeid=i","cat":287600},{"id":45295,"n":"Asperges vertes d'Aucy Grosses - x2 - 370g","p":4.59,"u":"12,41 €/KG","img":"https://fd8-photos.leclercdrive.fr/image.ashx?id=2217987&use=l&cat=p&typeid=i","cat":312611},{"id":45319,"n":"Pineau blanc Charentes NRT  17% vol - 75cl","p":7.95,"u":"10,60 €/L","img":"https://fd8-photos.leclercdrive.fr/image.ashx?id=2953743&use=l&cat=p&typeid=i","cat":284913},{"id":45339,"n":"Tartine sarrasin Céréal Bio Bio - 145g","p":1.54,"u":"10,62 €/KG","img":"https://fd8-photos.leclercdrive.fr/image.ashx?id=2810792&use=l&cat=p&typeid=i","cat":284479},{"id":45340,"n":"Tartine  Céréal Bio  Bio multicéréales - 145g","p":1.55,"u":"10,69 €/KG","img":"https://fd8-photos.leclercdrive.fr/image.ashx?id=2810795&use=l&cat=p&typeid=i","cat":284479},{"id":45341,"n":"Tartines bio Céréal Bio  Riz et châtaigne - 145g","p":2.43,"u":"16,76 €/KG","img":"https://fd8-photos.leclercdrive.fr/image.ashx?id=2752912&use=l&cat=p&typeid=i","cat":284479},{"id":45351,"n":"Tartines bio Jardin Bio Sarrasin sans gluten - 150g","p":2.05,"u":"13,67 €/KG","img":"https://fd8-photos.leclercdrive.fr/image.ashx?id=2535547&use=l&cat=p&typeid=i","cat":318654},{"id":45353,"n":"Tartines bio Jardin Bio Multicéréales sans gluten -150g","p":2.13,"u":"14,20 €/KG","img":"https://fd8-photos.leclercdrive.fr/image.ashx?id=2537646&use=l&cat=p&typeid=i","cat":318654},{"id":45354,"n":"Tartines bio Jardin Bio Châtaigne sans gluten - 150g","p":2.23,"u":"14,87 €/KG","img":"https://fd8-photos.leclercdrive.fr/image.ashx?id=2537649&use=l&cat=p&typeid=i","cat":318654},{"id":45355,"n":"Thé vert Bio Clipper Au Citron - 20 sachets - 35g","p":2.19,"u":"62,57 €/KG","img":"https://fd8-photos.leclercdrive.fr/image.ashx?id=2922089&use=l&cat=p&typeid=i","cat":293233},{"id":45372,"n":"Tomates pelées Jardin Bio  Bio Entières au jus - 240g","p":1.23,"u":"5,13 €/KG","img":"https://fd8-photos.leclercdrive.fr/image.ashx?id=2967911&use=l&cat=p&typeid=i","cat":288384},{"id":45415,"n":"Fromage Emmental Entremont Râpé  - 300g","p":3.34,"u":"11,13 €/KG","img":"https://fd8-photos.leclercdrive.fr/image.ashx?id=2983156&use=l&cat=p&typeid=i","cat":314035},{"id":45418,"n":"Saucisson brioché 600g","p":8.89,"u":"14,82 €/KG","img":"https://fd8-photos.leclercdrive.fr/image.ashx?id=2921726&use=l&cat=p&typeid=i","cat":316006},{"id":45455,"n":"Soupe Velouté Bio Village Saveurs du sud Bio - 2x30cl","p":1.69,"u":"2,82 €/L","img":"https://fd8-photos.leclercdrive.fr/image.ashx?id=2363814&use=l&cat=p&typeid=i","cat":284462},{"id":45456,"n":"Chips Bio Village Bio Nature - 6x30g","p":2.99,"u":"16,61 €/KG","img":"https://fd8-photos.leclercdrive.fr/image.ashx?id=2838957&use=l&cat=p&typeid=i","cat":284447},{"id":45478,"n":"Nettoyant lave-vaisselle Visior 3x40g","p":2.9,"u":"24,17 €/KG","img":"https://fd8-photos.leclercdrive.fr/image.ashx?id=2742694&use=l&cat=p&typeid=i","cat":284657},{"id":45482,"n":"Brosse à dents Petit Dentamyl Multicoloris - 2-6 ans -  x3","p":1.47,"u":"0,49 €/P","img":"https://fd8-photos.leclercdrive.fr/image.ashx?id=1962444&use=l&cat=p&typeid=i","cat":288897},{"id":45483,"n":"Pastilles javel Clair Parfum Menthe x42 - 168g","p":1.44,"u":"8,57 €/KG","img":"https://fd8-photos.leclercdrive.fr/image.ashx?id=2631447&use=l&cat=p&typeid=i","cat":284661},{"id":45498,"n":"Sacs poubelle 30L Elembal Ultra resist - x20","p":3.25,"u":"0,16 €/P","img":"https://fd8-photos.leclercdrive.fr/image.ashx?id=2958729&use=l&cat=p&typeid=i","cat":285168},{"id":45499,"n":"Sacs poubelle 50L Elembal Ultra résist - x15","p":3.9,"u":"0,26 €/P","img":"https://fd8-photos.leclercdrive.fr/image.ashx?id=2958732&use=l&cat=p&typeid=i","cat":285168},{"id":45500,"n":"Sacs poubelle 100L Elembal Ultra résist - x10","p":3.73,"u":"0,37 €/P","img":"https://fd8-photos.leclercdrive.fr/image.ashx?id=2958735&use=l&cat=p&typeid=i","cat":285168},{"id":45575,"n":"Fromage raclette Les Croisés Nature et 3 poivres - 400g","p":5.3,"u":"13,25 €/KG","img":"https://fd8-photos.leclercdrive.fr/image.ashx?id=2793227&use=l&cat=p&typeid=i","cat":314037},{"id":45576,"n":"Fromage raclette Les Croisés  Nature et fumé 400g","p":5.34,"u":"13,35 €/KG","img":"https://fd8-photos.leclercdrive.fr/image.ashx?id=2793233&use=l&cat=p&typeid=i","cat":314037},{"id":45642,"n":"Ratatouille Cuisinée Cassegrain à la Provençale 185g","p":1.84,"u":"9,95 €/KG","img":"https://fd8-photos.leclercdrive.fr/image.ashx?id=2913007&use=l&cat=p&typeid=i","cat":312612},{"id":45671,"n":"Chips Bret's Chèvre/piment d'espelette -125g","p":1.17,"u":"9,36 €/KG","img":"https://fd8-photos.leclercdrive.fr/image.ashx?id=1941593&use=l&cat=p&typeid=i","cat":284447},{"id":45708,"n":"Yaourt à boire Mini Yop Aromatisé Fraise - 8x100g","p":2.3,"u":"2,88 €/KG","img":"https://fd8-photos.leclercdrive.fr/image.ashx?id=2985159&use=l&cat=p&typeid=i","cat":284415},{"id":45710,"n":"Fromage Burger cheddar/emmental Président - 20 tranches - 340g","p":2.62,"u":"7,71 €/KG","img":"https://fd8-photos.leclercdrive.fr/image.ashx?id=2628239&use=l&cat=p&typeid=i","cat":314028},{"id":45711,"n":"Fromage Croque emmental Président - 20 tranches - 340g","p":2.88,"u":"8,47 €/KG","img":"https://fd8-photos.leclercdrive.fr/image.ashx?id=2838163&use=l&cat=p&typeid=i","cat":314028},{"id":45712,"n":"Emmental râpé fondant Président 500g","p":4.84,"u":"9,68 €/KG","img":"https://fd8-photos.leclercdrive.fr/image.ashx?id=2489464&use=l&cat=p&typeid=i","cat":314035},{"id":45813,"n":"Cire divine Nair Monoï - 400g","p":7.13,"u":"17,83 €/KG","img":"https://fd8-photos.leclercdrive.fr/image.ashx?id=2903239&use=l&cat=p&typeid=i","cat":325351},{"id":45825,"n":"Brosse à dents pro Dentamyl Souple x2","p":0.72,"u":"0,36 €/P","img":"https://fd8-photos.leclercdrive.fr/image.ashx?id=2790979&use=l&cat=p&typeid=i","cat":284614},{"id":45826,"n":"Brosse à dents pro Dentamyl Médium x2","p":0.65,"u":"0,33 €/P","img":"https://fd8-photos.leclercdrive.fr/image.ashx?id=2790982&use=l&cat=p&typeid=i","cat":284614},{"id":45868,"n":"Crème dessert Mont Blanc Coupelles Vanille - 4x125g","p":3.26,"u":"6,52 €/KG","img":"https://fd8-photos.leclercdrive.fr/image.ashx?id=2967301&use=l&cat=p&typeid=i","cat":284506},{"id":45870,"n":"Vinaigre ménager Clair 100% naturel - 1L","p":1.08,"u":"1,08 €/L","img":"https://fd8-photos.leclercdrive.fr/image.ashx?id=2779199&use=l&cat=p&typeid=i","cat":325365},{"id":45908,"n":"Biscuits fourrés Prince Chocolat - 3x300g","p":3.84,"u":"4,27 €/KG","img":"https://fd8-photos.leclercdrive.fr/image.ashx?id=3014641&use=l&cat=p&typeid=i","cat":284488},{"id":45914,"n":"Caramel beurre salé NRT De Guérande -200g","p":3.29,"u":"16,45 €/KG","img":"https://fd8-photos.leclercdrive.fr/image.ashx?id=1907759&use=l&cat=p&typeid=i","cat":284481},{"id":45923,"n":"Pur jus d'orange Bio Village Bio avec pulpe - 1L","p":3.11,"u":"3,11 €/L","img":"https://fd8-photos.leclercdrive.fr/image.ashx?id=2901542&use=l&cat=p&typeid=i","cat":284521},{"id":45965,"n":"Saucisses Knacki Herta Poulet x6 - 210g","p":1.63,"u":"7,76 €/KG","img":"https://fd8-photos.leclercdrive.fr/image.ashx?id=2290428&use=l&cat=p&typeid=i","cat":316012},{"id":46006,"n":"AOP Jurançon vin blanc Moelleux Terrasses d'Autan-75cl","p":6.99,"u":"9,32 €/L","img":"https://fd8-photos.leclercdrive.fr/image.ashx?id=2774859&use=l&cat=p&typeid=i","cat":289557},{"id":46016,"n":"Chocolat Pâtissier Tablette dOr Chocolat Noir - 3x200g","p":5.35,"u":"8,92 €/KG","img":"https://fd8-photos.leclercdrive.fr/image.ashx?id=2958519&use=l&cat=p&typeid=i","cat":285562},{"id":46037,"n":"Biscottes Toast Pelletier  Goût brioché - 150g","p":1.3,"u":"8,67 €/KG","img":"https://fd8-photos.leclercdrive.fr/image.ashx?id=1888023&use=l&cat=p&typeid=i","cat":284479},{"id":46043,"n":"Barre 2 chocolats Gerlinéa  Repas minceur x10, 310g","p":5.65,"u":"18,23 €/KG","img":"https://fd8-photos.leclercdrive.fr/image.ashx?id=2638181&use=l&cat=p&typeid=i","cat":318652},{"id":46044,"n":"Barre chocolat orange GERLINEA  Repas minceur x10, 310g","p":5.83,"u":"18,81 €/KG","img":"https://fd8-photos.leclercdrive.fr/image.ashx?id=2654752&use=l&cat=p&typeid=i","cat":318652},{"id":46047,"n":"Sirop d'érable  250g","p":3.3,"u":"13,20 €/KG","img":"https://fd8-photos.leclercdrive.fr/image.ashx?id=2480298&use=l&cat=p&typeid=i","cat":287643},{"id":46051,"n":"Menus chat Tous mes amis Viande menus gourmands 24x100g","p":6.95,"u":"2,90 €/KG","img":"https://fd8-photos.leclercdrive.fr/image.ashx?id=2027607&use=l&cat=p&typeid=i","cat":285286},{"id":46052,"n":"Gelée pour chat Tous mes amis Poisson menus gourmands 24x100g","p":6.95,"u":"2,90 €/KG","img":"https://fd8-photos.leclercdrive.fr/image.ashx?id=2027604&use=l&cat=p&typeid=i","cat":285286},{"id":46098,"n":"Biscuits chocolat Prince Lu 6x300g","p":8.27,"u":"4,59 €/KG","img":"https://fd8-photos.leclercdrive.fr/image.ashx?id=2737165&use=l&cat=p&typeid=i","cat":284488},{"id":46160,"n":"Bière blanche Hoegaarden 4,9% - 12x25cl","p":8.48,"u":"2,83 €/L","img":"https://fd8-photos.leclercdrive.fr/image.ashx?id=2948420&use=l&cat=p&typeid=i","cat":334878},{"id":46166,"n":"Crackers bio Bio Village 3 graines - 200g","p":2.69,"u":"13,45 €/KG","img":"https://fd8-photos.leclercdrive.fr/image.ashx?id=2310504&use=l&cat=p&typeid=i","cat":297000},{"id":46224,"n":"Friandises chien Pedigree Récompense bœuf fromage - 140g","p":1.72,"u":"12,29 €/KG","img":"https://fd8-photos.leclercdrive.fr/image.ashx?id=2256203&use=l&cat=p&typeid=i","cat":294527},{"id":46231,"n":"Chipolatas Tendre Et Plus x6 - 330g","p":5.16,"u":"15,64 €/KG","img":"https://fd8-photos.leclercdrive.fr/image.ashx?id=2786408&use=l&cat=p&typeid=i","cat":284334},{"id":46381,"n":"Fromage Emmenta Les Croisés En dés - 150g","p":1.89,"u":"12,60 €/KG","img":"https://fd8-photos.leclercdrive.fr/image.ashx?id=2422550&use=l&cat=p&typeid=i","cat":314027},{"id":46433,"n":"Poivrons Tradizioni D'italia  Grillés/huile d'olive - 280g","p":3.49,"u":"12,46 €/KG","img":"https://fd8-photos.leclercdrive.fr/image.ashx?id=2840046&use=l&cat=p&typeid=i","cat":312608},{"id":46462,"n":"Mini coudes Turini 500g","p":0.99,"u":"1,98 €/KG","img":"https://fd8-photos.leclercdrive.fr/image.ashx?id=2607566&use=l&cat=p&typeid=i","cat":284427},{"id":46469,"n":"IGP Pâte Garofalo  Riccioli - 500g","p":2.69,"u":"5,38 €/KG","img":"https://fd8-photos.leclercdrive.fr/image.ashx?id=2884840&use=l&cat=p&typeid=i","cat":284427},{"id":46470,"n":"IGP Penne rigate Garofalo  - 500g","p":1.59,"u":"3,18 €/KG","img":"https://fd8-photos.leclercdrive.fr/image.ashx?id=3011893&use=l&cat=p&typeid=i","cat":284427},{"id":46471,"n":"IGP Pâte Garofalo  Linguine - 500g","p":1.69,"u":"3,38 €/KG","img":"https://fd8-photos.leclercdrive.fr/image.ashx?id=3005347&use=l&cat=p&typeid=i","cat":284427},{"id":46472,"n":"Pandoro Tradizioni D'italia 500g","p":5.99,"u":"11,98 €/KG","img":"https://fd8-photos.leclercdrive.fr/image.ashx?id=2743924&use=l&cat=p&typeid=i","cat":293600},{"id":46473,"n":"Rhum blanc Trois Rivières 40% vol - 70cl","p":12.16,"u":"17,37 €/L","img":"https://fd8-photos.leclercdrive.fr/image.ashx?id=2766334&use=l&cat=p&typeid=i","cat":284550},{"id":46494,"n":"AOC Gewurztraminer Vin blanc Alsace Albert Schoech - 75cl","p":7.5,"u":"10,00 €/L","img":"https://fd8-photos.leclercdrive.fr/image.ashx?id=2628641&use=l&cat=p&typeid=i","cat":289557},{"id":46525,"n":"Brosse à dents pro Dentamyl Souple x1","p":1.32,"img":"https://fd8-photos.leclercdrive.fr/image.ashx?id=2790985&use=l&cat=p&typeid=i","cat":284614},{"id":46528,"n":"Fil dentaire  menthe Dentamyl Ultra résistant  archet  - x50","p":2.05,"img":"https://fd8-photos.leclercdrive.fr/image.ashx?id=2440721&use=l&cat=p&typeid=i","cat":285159},{"id":46533,"n":"Plat à pizza Homeside Avec trous, alluminium - 30cm","p":4.5,"img":"https://fd8-photos.leclercdrive.fr/image.ashx?id=2856642&use=l&cat=p&typeid=i","cat":298490},{"id":46534,"n":"Shaker Ardence 1 pièce","p":4.24,"img":"https://fd8-photos.leclercdrive.fr/image.ashx?id=1467666&use=l&cat=p&typeid=i","cat":334135},{"id":46540,"n":"Croquette chat stérilisé Ultima Poulet - Sénior +10 ans - 1.5kg","p":6.96,"u":"4,64 €/KG","img":"https://fd8-photos.leclercdrive.fr/image.ashx?id=2922227&use=l&cat=p&typeid=i","cat":284680},{"id":46558,"n":"Boîtes alimentaires Eco+ 4x0.9L","p":2.88,"u":"0,72 €/P","img":"https://fd8-photos.leclercdrive.fr/image.ashx?id=1467660&use=l&cat=p&typeid=i","cat":284710},{"id":46559,"n":"Boîtes alimentaires Eco+ 5x0.5L","p":1.72,"u":"0,34 €/P","img":"https://fd8-photos.leclercdrive.fr/image.ashx?id=1467657&use=l&cat=p&typeid=i","cat":284710},{"id":46654,"n":"Bière blonde La Chouffe 33cl","p":2.19,"u":"6,64 €/L","img":"https://fd8-photos.leclercdrive.fr/image.ashx?id=2877073&use=l&cat=p&typeid=i","cat":334872},{"id":46667,"n":"Monster Munch Salé - 135g","p":1.37,"u":"10,15 €/KG","img":"https://fd8-photos.leclercdrive.fr/image.ashx?id=2996935&use=l&cat=p&typeid=i","cat":284449},{"id":46703,"n":"Spray désodorisant Airwick  Pure Douceur de Coton - 250ml","p":2.86,"u":"11,44 €/L","img":"https://fd8-photos.leclercdrive.fr/image.ashx?id=2858600&use=l&cat=p&typeid=i","cat":311626},{"id":46981,"n":"Petit cake Bonne Maman Aux fruits - 300g","p":3.3,"u":"11,00 €/KG","img":"https://fd8-photos.leclercdrive.fr/image.ashx?id=2936173&use=l&cat=p&typeid=i","cat":284493},{"id":46982,"n":"Cookies gros éclats Granola Chocolat - 276g","p":2.42,"u":"8,77 €/KG","img":"https://fd8-photos.leclercdrive.fr/image.ashx?id=3005335&use=l&cat=p&typeid=i","cat":325066},{"id":46984,"n":"Café et Chicorée Soluble Ricoré  Original Recharge - 180g","p":3.79,"u":"21,06 €/KG","img":"https://fd8-photos.leclercdrive.fr/image.ashx?id=2980112&use=l&cat=p&typeid=i","cat":284843},{"id":47034,"n":"Litière chats Tranquille Cristale - 4L","p":6.4,"u":"1,60 €/L","img":"https://fd8-photos.leclercdrive.fr/image.ashx?id=2092256&use=l&cat=p&typeid=i","cat":284683},{"id":47038,"n":"Beurre de cacahuètes Ethiquable  Nicaragua - 350g","p":3.6,"u":"10,29 €/KG","img":"https://fd8-photos.leclercdrive.fr/image.ashx?id=2873396&use=l&cat=p&typeid=i","cat":284481},{"id":47127,"n":"Bière Red Desperados 5.9%vol. - 6x33cl","p":9.19,"u":"4,64 €/L","img":"https://fd8-photos.leclercdrive.fr/image.ashx?id=2766229&use=l&cat=p&typeid=i","cat":334878},{"id":47132,"n":"IGP Pays d'Oc blanc Les Ormes De Cambras Sauvignon 12% BIB 5L","p":17.36,"u":"3,47 €/L","img":"https://fd8-photos.leclercdrive.fr/image.ashx?id=2192389&use=l&cat=p&typeid=i","cat":289557},{"id":47169,"n":"Sacs poubelle 10L Elembal Salle de bain - x20","p":0.8,"u":"0,04 €/P","img":"https://fd8-photos.leclercdrive.fr/image.ashx?id=1732829&use=l&cat=p&typeid=i","cat":285168},{"id":47171,"n":"Papier toilette Eco+ x4","p":1.3,"u":"0,33 €/P","img":"https://fd8-photos.leclercdrive.fr/image.ashx?id=2783337&use=l&cat=p&typeid=i","cat":284634},{"id":47180,"n":"Gel douche enfant Tahiti Fruits exotiques - 300ml","p":1.92,"u":"6,40 €/L","img":"https://fd8-photos.leclercdrive.fr/image.ashx?id=2687332&use=l&cat=p&typeid=i","cat":284594},{"id":47181,"n":"Essuie-tout compact 3=9 Eco+ x3","p":2.27,"u":"0,76 €/P","img":"https://fd8-photos.leclercdrive.fr/image.ashx?id=2726688&use=l&cat=p&typeid=i","cat":284635},{"id":47253,"n":"Escalope de dinde Le Gaulois x6 - 720g","p":10.95,"u":"15,21 €/KG","img":"https://fd8-photos.leclercdrive.fr/image.ashx?id=2405506&use=l&cat=p&typeid=i","cat":284337},{"id":47254,"n":"Pâtes Coudes Rayés Turini 1kg","p":1.75,"u":"1,75 €/KG","img":"https://fd8-photos.leclercdrive.fr/image.ashx?id=2980809&use=l&cat=p&typeid=i","cat":284427},{"id":47255,"n":"Pâtes linguine Turini  500g","p":0.91,"u":"1,82 €/KG","img":"https://fd8-photos.leclercdrive.fr/image.ashx?id=2607554&use=l&cat=p&typeid=i","cat":284427},{"id":47256,"n":"Pâtes Farfalles Turini  1kg","p":1.2,"u":"1,20 €/KG","img":"https://fd8-photos.leclercdrive.fr/image.ashx?id=2665574&use=l&cat=p&typeid=i","cat":284427},{"id":47258,"n":"Pâtes coquillettes Turini Blé complet  - 500g","p":1.09,"u":"2,18 €/KG","img":"https://fd8-photos.leclercdrive.fr/image.ashx?id=2607563&use=l&cat=p&typeid=i","cat":284427},{"id":47259,"n":"Pistaches Tokapi  Grillées à sec - 75g","p":1.65,"u":"22,00 €/KG","img":"https://fd8-photos.leclercdrive.fr/image.ashx?id=2795571&use=l&cat=p&typeid=i","cat":284448},{"id":47263,"n":"Brossettes Dentamyl Interdentaires - x5","p":2.49,"u":"0,50 €/P","img":"https://fd8-photos.leclercdrive.fr/image.ashx?id=2672879&use=l&cat=p&typeid=i","cat":285159},{"id":47359,"n":"Sandwich Mega Club Sodebo  Pain Complet Poulet Mayo - 230g","p":1.86,"u":"8,09 €/KG","img":"https://fd8-photos.leclercdrive.fr/image.ashx?id=2960156&use=l&cat=p&typeid=i","cat":333658},{"id":47360,"n":"Fromage à tartiner Madame Loïk Fouetté Ail Fines Herbes - 150g","p":1.78,"u":"11,87 €/KG","img":"https://fd8-photos.leclercdrive.fr/image.ashx?id=2948021&use=l&cat=p&typeid=i","cat":314029},{"id":47470,"n":"Bouillon de poule Knorr x15 - 150g","p":1.19,"u":"7,93 €/KG","img":"https://fd8-photos.leclercdrive.fr/image.ashx?id=2940678&use=l&cat=p&typeid=i","cat":288379},{"id":47472,"n":"Bouillon herbe Knorr Huile d'olive puget x15 - 150g","p":1.23,"u":"8,20 €/KG","img":"https://fd8-photos.leclercdrive.fr/image.ashx?id=2940681&use=l&cat=p&typeid=i","cat":288379},{"id":47483,"n":"Champagne Rothschild Brut millésimé - 75cl","p":27.18,"u":"36,24 €/L","img":"https://fd8-photos.leclercdrive.fr/image.ashx?id=2819328&use=l&cat=p&typeid=i","cat":284542},{"id":47493,"n":"Tablette chocolat au lait Milka Morceaux de Oreo -  3x100g","p":4.31,"u":"14,37 €/KG","img":"https://fd8-photos.leclercdrive.fr/image.ashx?id=2617081&use=l&cat=p&typeid=i","cat":284497},{"id":47494,"n":"Tablette chocolat au lait Milka Eclats de caramel Daim - 3x100g","p":4.32,"u":"14,40 €/KG","img":"https://fd8-photos.leclercdrive.fr/image.ashx?id=2617084&use=l&cat=p&typeid=i","cat":284497},{"id":47512,"n":"Whisky Jack Daniel's Old N°7 1,5L","p":43.48,"u":"28,99 €/L","img":"https://fd8-photos.leclercdrive.fr/image.ashx?id=2986840&use=l&cat=p&typeid=i","cat":284547},{"id":47529,"n":"Vin mousseux de France Rosé J.P Chenet 11%vol - 75cl","p":5.33,"u":"7,11 €/L","img":"https://fd8-photos.leclercdrive.fr/image.ashx?id=2794472&use=l&cat=p&typeid=i","cat":284544},{"id":47542,"n":"Starmint Haribo Sachet bonbons menthe - 200g","p":1.39,"u":"6,95 €/KG","img":"https://fd8-photos.leclercdrive.fr/image.ashx?id=2984889&use=l&cat=p&typeid=i","cat":304252},{"id":47563,"n":"Macédoine de Légumes Bonduelle 265g","p":0.91,"u":"3,43 €/KG","img":"https://fd8-photos.leclercdrive.fr/image.ashx?id=2910007&use=l&cat=p&typeid=i","cat":312612},{"id":47578,"n":"Yaourt de brebis Petit Basque Châtaignes - 2x125g","p":1.89,"u":"7,56 €/KG","img":"https://fd8-photos.leclercdrive.fr/image.ashx?id=2848839&use=l&cat=p&typeid=i","cat":314998},{"id":47592,"n":"Crêpe fourrée Whaou Cracky choco x8 - 256g","p":2.33,"u":"9,10 €/KG","img":"https://fd8-photos.leclercdrive.fr/image.ashx?id=2971029&use=l&cat=p&typeid=i","cat":284494},{"id":47593,"n":"Yaourts Mamie Nova Chocolat - 2x150g","p":1.31,"u":"4,37 €/KG","img":"https://fd8-photos.leclercdrive.fr/image.ashx?id=2909029&use=l&cat=p&typeid=i","cat":285041},{"id":47646,"n":"Pâtes Macaroni Panzani  3 Minutes - 500G","p":1.24,"u":"2,48 €/KG","img":"https://fd8-photos.leclercdrive.fr/image.ashx?id=2896081&use=l&cat=p&typeid=i","cat":284427},{"id":47657,"n":"Bâtonnets Dentastix Pedigree Grand chien x56 - 2160g","p":17.08,"u":"7,91 €/KG","img":"https://fd8-photos.leclercdrive.fr/image.ashx?id=2980064&use=l&cat=p&typeid=i","cat":294527},{"id":47667,"n":"Pâtes Penne Rigate Panzani 3 Minutes - 500G","p":1.2,"u":"2,40 €/KG","img":"https://fd8-photos.leclercdrive.fr/image.ashx?id=2896087&use=l&cat=p&typeid=i","cat":284427},{"id":47668,"n":"Pâtes Spaghetti Panzani Prêt en 3 min - 1kg","p":2.23,"u":"2,23 €/KG","img":"https://fd8-photos.leclercdrive.fr/image.ashx?id=2896102&use=l&cat=p&typeid=i","cat":284427},{"id":47681,"n":"Sauce pizza Turini aux tomates et origan - 390g","p":0.99,"u":"2,54 €/KG","img":"https://fd8-photos.leclercdrive.fr/image.ashx?id=2412025&use=l&cat=p&typeid=i","cat":288384},{"id":47686,"n":"Fromage Spécialité Babybel Maxi - 200g","p":2.17,"u":"10,85 €/KG","img":"https://fd8-photos.leclercdrive.fr/image.ashx?id=2806913&use=l&cat=p&typeid=i","cat":314030},{"id":47693,"n":"AOP Saint-Émilion vin rouge Chantet Blanet - 75cl","p":8.95,"u":"11,93 €/L","img":"https://fd8-photos.leclercdrive.fr/image.ashx?id=2848493&use=l&cat=p&typeid=i","cat":289556},{"id":47702,"n":"Sirop La Maison Guiot Violette - 70cl","p":3.11,"u":"4,44 €/L","img":"https://fd8-photos.leclercdrive.fr/image.ashx?id=2014832&use=l&cat=p&typeid=i","cat":295020},{"id":47718,"n":"Boisson gourmande PAGO Cocktail Tropical Vitaminé - 75cl","p":1.87,"u":"2,49 €/L","img":"https://fd8-photos.leclercdrive.fr/image.ashx?id=2861854&use=l&cat=p&typeid=i","cat":284917},{"id":47722,"n":"Compotes Pom'Potes Gourdes  Pomme Nature - 12x90g","p":4.7,"u":"4,35 €/KG","img":"https://fd8-photos.leclercdrive.fr/image.ashx?id=2968082&use=l&cat=p&typeid=i","cat":284508},{"id":47724,"n":"Compotes Pom'Potes Gourdes  Sans sucres- 20x90g","p":7.73,"u":"4,29 €/KG","img":"https://fd8-photos.leclercdrive.fr/image.ashx?id=2883408&use=l&cat=p&typeid=i","cat":284508},{"id":47742,"n":"Lait nuage de lait Régilait Non sucré entier - 10x14g","p":0.94,"u":"6,71 €/KG","img":"https://fd8-photos.leclercdrive.fr/image.ashx?id=2018649&use=l&cat=p&typeid=i","cat":299162},{"id":47760,"n":"Gâteaux moelleux Milka Pépites de chocolat - 140g","p":1.93,"u":"13,79 €/KG","img":"https://fd8-photos.leclercdrive.fr/image.ashx?id=2192581&use=l&cat=p&typeid=i","cat":284495},{"id":47792,"n":"Perail NRT Fromage de brebis - 150g","p":2.81,"u":"18,73 €/KG","img":"https://fd8-photos.leclercdrive.fr/image.ashx?id=2975753&use=l&cat=p&typeid=i","cat":314031},{"id":47794,"n":"Fromage Tomme de Savoie NRT IGP 300g","p":4.29,"u":"14,30 €/KG","img":"https://fd8-photos.leclercdrive.fr/image.ashx?id=2934835&use=l&cat=p&typeid=i","cat":329184},{"id":47795,"n":"Papier toilette humide Lotus Aloe Douceur - x42 feuilles","p":1.78,"u":"0,04 €/P","img":"https://fd8-photos.leclercdrive.fr/image.ashx?id=2864840&use=l&cat=p&typeid=i","cat":284634},{"id":47796,"n":"Papier toilette humide Lotus Pure - x42 feuilles","p":1.65,"u":"0,04 €/P","img":"https://fd8-photos.leclercdrive.fr/image.ashx?id=2866070&use=l&cat=p&typeid=i","cat":284634},{"id":47843,"n":"Cordon bleu poulet Maître Coq 1kg","p":6.04,"u":"6,04 €/KG","img":"https://fd8-photos.leclercdrive.fr/image.ashx?id=2939475&use=l&cat=p&typeid=i","cat":319780},{"id":47926,"n":"Ktipiti Extra L'atelier blini - 175g","p":2.8,"u":"16,00 €/KG","img":"https://fd8-photos.leclercdrive.fr/image.ashx?id=2973706&use=l&cat=p&typeid=i","cat":315999},{"id":47927,"n":"Blinis Cocktail Blini x16 - 135g","p":1.67,"u":"12,37 €/KG","img":"https://fd8-photos.leclercdrive.fr/image.ashx?id=2947952&use=l&cat=p&typeid=i","cat":285191},{"id":48007,"n":"Vin mousseux de France Kriter blanc Demi-sec - 75cl","p":4.85,"u":"6,47 €/L","img":"https://fd8-photos.leclercdrive.fr/image.ashx?id=2840871&use=l&cat=p&typeid=i","cat":284544},{"id":48029,"n":"Sirop Moulin de Valdonne Pêche blanche - 70cl","p":3.33,"u":"4,76 €/L","img":"https://fd8-photos.leclercdrive.fr/image.ashx?id=2842678&use=l&cat=p&typeid=i","cat":295020},{"id":48030,"n":"Bâtonnets surimi Fleury Michon  Fromage et herbes MSC x16 -256g","p":3.41,"u":"13,32 €/KG","img":"https://fd8-photos.leclercdrive.fr/image.ashx?id=2936944&use=l&cat=p&typeid=i","cat":285189},{"id":48048,"n":"Flan bio les 2 vaches Vanille caramel - 4x100g","p":1.98,"u":"4,95 €/KG","img":"https://fd8-photos.leclercdrive.fr/image.ashx?id=2735446&use=l&cat=p&typeid=i","cat":284420},{"id":48079,"n":"Vinaigre de Cidre MAILLE au jus de pomme concentré 50cl","p":2.21,"u":"4,42 €/L","img":"https://fd8-photos.leclercdrive.fr/image.ashx?id=2945421&use=l&cat=p&typeid=i","cat":298543},{"id":48106,"n":"Thon vapeur Petit Navire 130g","p":1.99,"u":"15,31 €/KG","img":"https://fd8-photos.leclercdrive.fr/image.ashx?id=2536918&use=l&cat=p&typeid=i","cat":303867},{"id":48107,"n":"Thon mariné Petit Navire Citron/thym - 110g","p":2.13,"u":"19,36 €/KG","img":"https://fd8-photos.leclercdrive.fr/image.ashx?id=2986122&use=l&cat=p&typeid=i","cat":303867},{"id":48117,"n":"Sailor Jerry Boisson à base de Rhum - 40% - 70cl","p":18.51,"u":"26,44 €/L","img":"https://fd8-photos.leclercdrive.fr/image.ashx?id=2506645&use=l&cat=p&typeid=i","cat":284551},{"id":48118,"n":"Whisky Glenmorangie Original 10ans - 40%vol - 70cl","p":31.56,"u":"45,09 €/L","img":"https://fd8-photos.leclercdrive.fr/image.ashx?id=2525408&use=l&cat=p&typeid=i","cat":284547},{"id":48123,"n":"IGP Pâte Radiatori Garofalo Festives - 500g","p":2.9,"u":"5,80 €/KG","img":"https://fd8-photos.leclercdrive.fr/image.ashx?id=2994560&use=l&cat=p&typeid=i","cat":284427},{"id":48179,"n":"Tendre de boeuf Charal  240g","p":6.57,"u":"27,38 €/KG","img":"https://fd8-photos.leclercdrive.fr/image.ashx?id=2915958&use=l&cat=p&typeid=i","cat":284328},{"id":48200,"n":"Rillettes de poulet rôti Bordeau Chesnel - 220g","p":2.35,"u":"10,68 €/KG","img":"https://fd8-photos.leclercdrive.fr/image.ashx?id=2855046&use=l&cat=p&typeid=i","cat":316008},{"id":48203,"n":"Olives vertes Croc'frais A l'orientale Dénoyautées 200g","p":2.99,"u":"14,95 €/KG","img":"https://fd8-photos.leclercdrive.fr/image.ashx?id=2833702&use=l&cat=p&typeid=i","cat":316002},{"id":48210,"n":"Pâte d'amande Maître Prunille Tricolore - 250g","p":2.47,"u":"9,88 €/KG","img":"https://fd8-photos.leclercdrive.fr/image.ashx?id=2248330&use=l&cat=p&typeid=i","cat":284504},{"id":48226,"n":"Petit Pois, Carotte Cassegrain Tendres et Fondants 130g","p":1.22,"u":"9,38 €/KG","img":"https://fd8-photos.leclercdrive.fr/image.ashx?id=2912977&use=l&cat=p&typeid=i","cat":312607},{"id":48255,"n":"Recharge EasyWax Expert Veet Bras Jambes Peaux Normales 50ml","p":7.03,"u":"140,60 €/L","img":"https://fd8-photos.leclercdrive.fr/image.ashx?id=2970789&use=l&cat=p&typeid=i","cat":325351},{"id":48258,"n":"Croquettes chat Ultima Stérilisé - Saumon - 3kg","p":11.32,"u":"3,77 €/KG","img":"https://fd8-photos.leclercdrive.fr/image.ashx?id=2922221&use=l&cat=p&typeid=i","cat":284680},{"id":48267,"n":"Rhum ambré Saint James 45%vol - 70cl","p":14.96,"u":"21,37 €/L","img":"https://fd8-photos.leclercdrive.fr/image.ashx?id=2970945&use=l&cat=p&typeid=i","cat":284550},{"id":48268,"n":"Gin Gordon's 37.5%vol - 70cl","p":14.3,"u":"20,43 €/L","img":"https://fd8-photos.leclercdrive.fr/image.ashx?id=2736388&use=l&cat=p&typeid=i","cat":284550},{"id":48272,"n":"Liqueur de menthe Get 31 24° - 70cl","p":14.33,"u":"20,47 €/L","img":"https://fd8-photos.leclercdrive.fr/image.ashx?id=2840497&use=l&cat=p&typeid=i","cat":286032},{"id":48306,"n":"IGP Pays d'Oc rosé Grenache Les Ormes de Cambras 11.5% 75cl","p":3.15,"u":"4,20 €/L","img":"https://fd8-photos.leclercdrive.fr/image.ashx?id=2285234&use=l&cat=p&typeid=i","cat":289558},{"id":48307,"n":"IGP Pays d'Oc rosé Grenache Les Ormes de Cambras - BIB 5L","p":15.73,"u":"3,15 €/L","img":"https://fd8-photos.leclercdrive.fr/image.ashx?id=2489458&use=l&cat=p&typeid=i","cat":289560},{"id":48309,"n":"Bière aromatisée Skøll Vodka et agrumes - 3x33cl","p":3.95,"u":"3,99 €/L","img":"https://fd8-photos.leclercdrive.fr/image.ashx?id=2803556&use=l&cat=p&typeid=i","cat":334878},{"id":48312,"n":"Eau minérale gazeuse Perrier  Fines bulles - 6x50cl","p":3.39,"u":"1,13 €/L","img":"https://fd8-photos.leclercdrive.fr/image.ashx?id=2737021&use=l&cat=p&typeid=i","cat":284536},{"id":48314,"n":"Spécialité laitière Délisse Oncteux Stracciatella - 4x120g","p":1.76,"u":"3,67 €/KG","img":"https://fd8-photos.leclercdrive.fr/image.ashx?id=2554834&use=l&cat=p&typeid=i","cat":314999},{"id":48339,"n":"Chocolat au lait Lindt  Praliné Noisette - 100g","p":2.03,"u":"20,30 €/KG","img":"https://fd8-photos.leclercdrive.fr/image.ashx?id=2751321&use=l&cat=p&typeid=i","cat":284497},{"id":48348,"n":"Chocolat au lait Lindt Création Caramel - 150g","p":3.25,"u":"21,67 €/KG","img":"https://fd8-photos.leclercdrive.fr/image.ashx?id=2685814&use=l&cat=p&typeid=i","cat":284497},{"id":48352,"n":"Tablette de chocolat noir Lindt Orange intense - 100g","p":2.25,"u":"22,50 €/KG","img":"https://fd8-photos.leclercdrive.fr/image.ashx?id=2689496&use=l&cat=p&typeid=i","cat":284956},{"id":48353,"n":"Tablette de chocolat noir Lindt 70% cacao - 100g","p":2.25,"u":"22,50 €/KG","img":"https://fd8-photos.leclercdrive.fr/image.ashx?id=2681592&use=l&cat=p&typeid=i","cat":284956},{"id":48354,"n":"Tablette de chocolat noir Lindt 85% cacao - 100g","p":2.24,"u":"22,40 €/KG","img":"https://fd8-photos.leclercdrive.fr/image.ashx?id=2681589&use=l&cat=p&typeid=i","cat":284956},{"id":48355,"n":"Tablette de chocolat noir Lindt Caramel Pointe de sel - 100g","p":2.27,"u":"22,70 €/KG","img":"https://fd8-photos.leclercdrive.fr/image.ashx?id=2689493&use=l&cat=p&typeid=i","cat":284956},{"id":48378,"n":"Café moulu Jacques Vabre Brésil 100% Arabica - 250g","p":4.47,"u":"17,88 €/KG","img":"https://fd8-photos.leclercdrive.fr/image.ashx?id=2100380&use=l&cat=p&typeid=i","cat":284750},{"id":48383,"n":"Gel Lubrifiant Massage 2 en 1 Durex Sensuel Ylang Ylang 200ml","p":6.99,"u":"34,95 €/L","img":"https://fd8-photos.leclercdrive.fr/image.ashx?id=2736562&use=l&cat=p&typeid=i","cat":285160},{"id":48419,"n":"AOP Alsace Riesling blanc Wolfberger - 75cl","p":6.5,"pp":4.87,"u":"6,49 €/L","img":"https://fd8-photos.leclercdrive.fr/image.ashx?id=2905357&use=l&cat=p&typeid=i","cat":289557},{"id":48420,"n":"AOC Pinot gris Vin blanc Wolfberger - 75cl","p":8.49,"u":"11,32 €/L","img":"https://fd8-photos.leclercdrive.fr/image.ashx?id=2843995&use=l&cat=p&typeid=i","cat":289557},{"id":48421,"n":"AOP Alsace Gewurztraminer blanc Wolfberger 13,5% - 75cl","p":8.7,"u":"11,60 €/L","img":"https://fd8-photos.leclercdrive.fr/image.ashx?id=2936368&use=l&cat=p&typeid=i","cat":289557},{"id":48485,"n":"Farine à gâteaux Francine 1kg","p":1.55,"u":"1,55 €/KG","img":"https://fd8-photos.leclercdrive.fr/image.ashx?id=1966511&use=l&cat=p&typeid=i","cat":284503},{"id":48508,"n":"Ketchup AMORA Flacon Souple - 550g","p":1.5,"u":"2,73 €/KG","img":"https://fd8-photos.leclercdrive.fr/image.ashx?id=2766649&use=l&cat=p&typeid=i","cat":284455},{"id":48520,"n":"Epices Sainte Lucie Poulet tandoori - 30g","p":1.63,"u":"54,33 €/KG","img":"https://fd8-photos.leclercdrive.fr/image.ashx?id=1952045&use=l&cat=p&typeid=i","cat":298297},{"id":48521,"n":"Oignon semoule Sainte Lucie 40g","p":1.7,"u":"42,50 €/KG","img":"https://fd8-photos.leclercdrive.fr/image.ashx?id=2774415&use=l&cat=p&typeid=i","cat":298297},{"id":48523,"n":"Romarin Sainte Lucie Feuilles coupées - 32g","p":1.9,"u":"59,38 €/KG","img":"https://fd8-photos.leclercdrive.fr/image.ashx?id=2775092&use=l&cat=p&typeid=i","cat":298297},{"id":48525,"n":"Tomato Ketchup Heinz - 700g","p":2.69,"u":"3,84 €/KG","img":"https://fd8-photos.leclercdrive.fr/image.ashx?id=2729326&use=l&cat=p&typeid=i","cat":284455},{"id":48545,"n":"Biscuits petit beurre LU 400g","p":2.17,"u":"5,43 €/KG","img":"https://fd8-photos.leclercdrive.fr/image.ashx?id=2119376&use=l&cat=p&typeid=i","cat":284487},{"id":48589,"n":"Lait bébé poudre Gallia Calisma croissance Dès 12 mois 1,2kg","p":15.3,"u":"12,75 €/KG","img":"https://fd8-photos.leclercdrive.fr/image.ashx?id=2973553&use=l&cat=p&typeid=i","cat":290219},{"id":48602,"n":"Repas du soir Babybio 12 mois Légumes vert Bio - 400g","p":2.76,"u":"6,90 €/KG","img":"https://fd8-photos.leclercdrive.fr/image.ashx?id=2834524&use=l&cat=p&typeid=i","cat":312239},{"id":48603,"n":"Farine de blé Francine 1,4kg","p":1.54,"u":"1,10 €/KG","img":"https://fd8-photos.leclercdrive.fr/image.ashx?id=2881308&use=l&cat=p&typeid=i","cat":284503},{"id":48604,"n":"Farine fluide Francine 1.4kg","p":1.61,"u":"1,15 €/KG","img":"https://fd8-photos.leclercdrive.fr/image.ashx?id=2881305&use=l&cat=p&typeid=i","cat":284503},{"id":48615,"n":"Coton Demak'up Duo disque x108","p":1.74,"u":"0,02 €/P","img":"https://fd8-photos.leclercdrive.fr/image.ashx?id=2791461&use=l&cat=p&typeid=i","cat":285593},{"id":48633,"n":"Boisson gourmande PAGO Fraise 75cl","p":2.61,"u":"3,48 €/L","img":"https://fd8-photos.leclercdrive.fr/image.ashx?id=2954007&use=l&cat=p&typeid=i","cat":284915},{"id":48646,"n":"Soda à l'orange Orangina Sans Sucres - 6x33cl","p":3.61,"u":"1,82 €/L","img":"https://fd8-photos.leclercdrive.fr/image.ashx?id=2946931&use=l&cat=p&typeid=i","cat":284532},{"id":48697,"n":"Sachet chat Purina One Sterillcat - 8x85g","p":3.91,"u":"5,75 €/KG","img":"https://fd8-photos.leclercdrive.fr/image.ashx?id=2899695&use=l&cat=p&typeid=i","cat":285286},{"id":48698,"n":"Croquettes chat Purina One Stérilisé/Intérieur-Poulet1.5kg","p":7.67,"u":"5,11 €/KG","img":"https://fd8-photos.leclercdrive.fr/image.ashx?id=2681257&use=l&cat=p&typeid=i","cat":284680},{"id":48704,"n":"Boîte chat Whiskas Gelée du pêcheur - 4x390g","p":4.61,"u":"2,96 €/KG","img":"https://fd8-photos.leclercdrive.fr/image.ashx?id=2759622&use=l&cat=p&typeid=i","cat":285601},{"id":48717,"n":"Barquettes chats Gourmet Gold Les mousselines - 24x85g","p":10.81,"u":"5,30 €/KG","img":"https://fd8-photos.leclercdrive.fr/image.ashx?id=2861500&use=l&cat=p&typeid=i","cat":285286},{"id":48720,"n":"Poêlée parisienne D'aucy  580g","p":2.85,"u":"4,91 €/KG","img":"https://fd8-photos.leclercdrive.fr/image.ashx?id=2835256&use=l&cat=p&typeid=i","cat":312612},{"id":48721,"n":"Poêlée jardinière D'aucy  580g","p":2.57,"u":"4,43 €/KG","img":"https://fd8-photos.leclercdrive.fr/image.ashx?id=2582816&use=l&cat=p&typeid=i","cat":312612},{"id":48725,"n":"Légumes pour Couscous D'Aucy Orientale - 800g","p":1.75,"u":"2,19 €/KG","img":"https://fd8-photos.leclercdrive.fr/image.ashx?id=2577800&use=l&cat=p&typeid=i","cat":312612},{"id":48745,"n":"Chocolat Pâtissier Nestlé Dessert Lait - 170g","p":3.01,"u":"17,71 €/KG","img":"https://fd8-photos.leclercdrive.fr/image.ashx?id=2961242&use=l&cat=p&typeid=i","cat":285562},{"id":48777,"n":"Confiture Confipote allégée en  Sucres - Pot Fraise - 350g","p":1.8,"u":"5,14 €/KG","img":"https://fd8-photos.leclercdrive.fr/image.ashx?id=2388436&use=l&cat=p&typeid=i","cat":284480},{"id":48785,"n":"Chocolat noir Bio Ethiquable  Caramel pointe de sel - 100g","p":2.96,"u":"29,60 €/KG","img":"https://fd8-photos.leclercdrive.fr/image.ashx?id=2870890&use=l&cat=p&typeid=i","cat":284956},{"id":48786,"n":"Chocolat noir Bio Ethiquable  75% Nicaragua - 100g","p":2.76,"u":"27,60 €/KG","img":"https://fd8-photos.leclercdrive.fr/image.ashx?id=2870884&use=l&cat=p&typeid=i","cat":284956},{"id":48787,"n":"Chocolat noir Bio Ethiquable  Quinoa - 100g","p":2.73,"u":"27,30 €/KG","img":"https://fd8-photos.leclercdrive.fr/image.ashx?id=2870854&use=l&cat=p&typeid=i","cat":284956},{"id":48803,"n":"Confiture Confipote allégée en  Sucres - Pot Abricot - 350g","p":1.76,"u":"5,03 €/KG","img":"https://fd8-photos.leclercdrive.fr/image.ashx?id=2120959&use=l&cat=p&typeid=i","cat":284480},{"id":48807,"n":"Tartines bio Jardin Bio  Craquantes avoine - 150g","p":2.29,"u":"15,27 €/KG","img":"https://fd8-photos.leclercdrive.fr/image.ashx?id=2849187&use=l&cat=p&typeid=i","cat":318654},{"id":48809,"n":"Tartines bio Jardin Bio Craquantes au sarrasin - 300g","p":3.76,"u":"12,53 €/KG","img":"https://fd8-photos.leclercdrive.fr/image.ashx?id=2535562&use=l&cat=p&typeid=i","cat":284479},{"id":48822,"n":"Friandises chat Catisfactions Saumon - 180g","p":3.18,"u":"17,67 €/KG","img":"https://fd8-photos.leclercdrive.fr/image.ashx?id=2912527&use=l&cat=p&typeid=i","cat":285285},{"id":48823,"n":"Haché Végétal bio Céréal Bio Façon Bolognaise au Soja 250g","p":2.67,"u":"10,68 €/KG","img":"https://fd8-photos.leclercdrive.fr/image.ashx?id=2575090&use=l&cat=p&typeid=i","cat":287600},{"id":48839,"n":"Lait concentré Régilait Non sucré, demi écrémé - 410g","p":1.47,"u":"3,59 €/KG","img":"https://fd8-photos.leclercdrive.fr/image.ashx?id=2405863&use=l&cat=p&typeid=i","cat":299162},{"id":48843,"n":"Préparation gâteau Nestlé Fondant chocolat - 317g","p":3.77,"u":"11,89 €/KG","img":"https://fd8-photos.leclercdrive.fr/image.ashx?id=2848379&use=l&cat=p&typeid=i","cat":284505},{"id":48846,"n":"Purée tomate bio Jardin Bio 200g","p":0.86,"u":"4,30 €/KG","img":"https://fd8-photos.leclercdrive.fr/image.ashx?id=2535034&use=l&cat=p&typeid=i","cat":288384},{"id":48859,"n":"Farine de blé épéautre du Gers  Bio 1kg","p":4.2,"u":"4,20 €/KG","img":"https://fd8-photos.leclercdrive.fr/image.ashx?id=2968406&use=l&cat=p&typeid=i","cat":284503},{"id":48862,"n":"Farine de blé semi complète  Gers Bio 1kg","p":3.55,"u":"3,55 €/KG","img":"https://fd8-photos.leclercdrive.fr/image.ashx?id=2916249&use=l&cat=p&typeid=i","cat":288382},{"id":48870,"n":"Infusion bio Jardin Bio Thym de France x20 - 28g","p":2.4,"u":"85,71 €/KG","img":"https://fd8-photos.leclercdrive.fr/image.ashx?id=2792840&use=l&cat=p&typeid=i","cat":293234},{"id":48879,"n":"Purée de piment Tables du Monde - 100g","p":1.19,"u":"11,90 €/KG","img":"https://fd8-photos.leclercdrive.fr/image.ashx?id=2679744&use=l&cat=p&typeid=i","cat":288992},{"id":48915,"n":"Sauce Arôme Maggi 1kg","p":6.22,"u":"6,22 €/KG","img":"https://fd8-photos.leclercdrive.fr/image.ashx?id=2785352&use=l&cat=p&typeid=i","cat":288379},{"id":48993,"n":"Sauce Samouraï Colona Tube - 500ml","p":2.82,"u":"5,64 €/L","img":"https://fd8-photos.leclercdrive.fr/image.ashx?id=2687167&use=l&cat=p&typeid=i","cat":318431},{"id":49018,"n":"Beurre Moulé Paysan Breton Sel de guérande - 80% MG - 250g","p":3.35,"u":"13,40 €/KG","img":"https://fd8-photos.leclercdrive.fr/image.ashx?id=2869035&use=l&cat=p&typeid=i","cat":284379},{"id":49055,"n":"Steak haché charolais 15% MG Férial - 250g","p":4.99,"u":"19,96 €/KG","img":"https://fd8-photos.leclercdrive.fr/image.ashx?id=2903983&use=l&cat=p&typeid=i","cat":284332},{"id":49078,"n":"Gaufrette P'tit Déli  Chocolat lait - 125g","p":1.29,"u":"10,32 €/KG","img":"https://fd8-photos.leclercdrive.fr/image.ashx?id=2858839&use=l&cat=p&typeid=i","cat":284490},{"id":49079,"n":"Petites madeleines P'tit Deli  Pépites de chocolat - 400g","p":1.69,"u":"4,23 €/KG","img":"https://fd8-photos.leclercdrive.fr/image.ashx?id=2999511&use=l&cat=p&typeid=i","cat":284492},{"id":49082,"n":"Gâteau fourré P'tit Deli Tout chocolat, lapin - 140g","p":1.3,"u":"9,29 €/KG","img":"https://fd8-photos.leclercdrive.fr/image.ashx?id=2211200&use=l&cat=p&typeid=i","cat":284495},{"id":49131,"n":"Gin Bombay Sapphire 40° - 70cl","p":22.34,"u":"31,91 €/L","img":"https://fd8-photos.leclercdrive.fr/image.ashx?id=2842879&use=l&cat=p&typeid=i","cat":284550},{"id":49267,"n":"Viande bébé Bio Yooji Boeuf - Dès 6 mois - 120g","p":4.54,"u":"37,83 €/KG","img":"https://fd8-photos.leclercdrive.fr/image.ashx?id=2583629&use=l&cat=p&typeid=i","cat":290631},{"id":49269,"n":"Viande bébé Bio Yooji Poulet - Dès 6 mois - 120g","p":4.56,"u":"38,00 €/KG","img":"https://fd8-photos.leclercdrive.fr/image.ashx?id=2583626&use=l&cat=p&typeid=i","cat":290631},{"id":49282,"n":"Tablette de chocolat noir Lindt Zeste de citron vert - 100g","p":2.66,"u":"26,60 €/KG","img":"https://fd8-photos.leclercdrive.fr/image.ashx?id=2608160&use=l&cat=p&typeid=i","cat":284956},{"id":49288,"n":"Bols soir bébé bio Babybio Pâtes - 8 mois - 2x200g","p":2.85,"u":"7,13 €/KG","img":"https://fd8-photos.leclercdrive.fr/image.ashx?id=2838344&use=l&cat=p&typeid=i","cat":312239},{"id":49294,"n":"Cotons Démaquillants Demak'Up Original - x105","p":1.53,"u":"0,01 €/P","img":"https://fd8-photos.leclercdrive.fr/image.ashx?id=2745274&use=l&cat=p&typeid=i","cat":284636},{"id":49295,"n":"Cotons Démaquillants Demak'Up Ovale sensitive - x48","p":1.5,"u":"0,03 €/P","img":"https://fd8-photos.leclercdrive.fr/image.ashx?id=2745277&use=l&cat=p&typeid=i","cat":284636},{"id":49296,"n":"Barre Chocolat au Lait Lion x10 barres - 420g","p":3.74,"u":"8,90 €/KG","img":"https://fd8-photos.leclercdrive.fr/image.ashx?id=2736988&use=l&cat=p&typeid=i","cat":284498},{"id":49298,"n":"Biscuits croquant Nutella &Go! Pâte à tartiner x2 packs - 104g","p":2.19,"u":"21,06 €/KG","img":"https://fd8-photos.leclercdrive.fr/image.ashx?id=2737240&use=l&cat=p&typeid=i","cat":284488},{"id":49304,"n":"Détachant Vanish  Powergel - 200ml","p":3.93,"u":"19,65 €/L","img":"https://fd8-photos.leclercdrive.fr/image.ashx?id=2587861&use=l&cat=p&typeid=i","cat":284651},{"id":49333,"n":"Déodorant bille Men Expert Carbon Protection 48h - 50ml","p":2.56,"u":"51,20 €/L","img":"https://fd8-photos.leclercdrive.fr/image.ashx?id=2394561&use=l&cat=p&typeid=i","cat":284618},{"id":49340,"n":"Cornichons Eco+ Au vinaigre - 190g","p":0.88,"u":"4,63 €/KG","img":"https://fd8-photos.leclercdrive.fr/image.ashx?id=2974711&use=l&cat=p&typeid=i","cat":284458},{"id":49342,"n":"Moutarde Eco+ Forte au vinaigre - 850g","p":1.66,"u":"1,95 €/KG","img":"https://fd8-photos.leclercdrive.fr/image.ashx?id=2954325&use=l&cat=p&typeid=i","cat":288850},{"id":49349,"n":"Petit croquant Kühne Aigre doux - 360g","p":2.89,"u":"8,03 €/KG","img":"https://fd8-photos.leclercdrive.fr/image.ashx?id=2551036&use=l&cat=p&typeid=i","cat":284458},{"id":49354,"n":"Olives Noires Grecques Tramier  Dénoyautées 220g","p":2.58,"u":"25,80 €/KG","img":"https://fd8-photos.leclercdrive.fr/image.ashx?id=2836340&use=l&cat=p&typeid=i","cat":284450},{"id":49385,"n":"Litchis St-Mamet Dénoyautés - 250g","p":3.26,"u":"13,04 €/KG","img":"https://fd8-photos.leclercdrive.fr/image.ashx?id=2474215&use=l&cat=p&typeid=i","cat":284507},{"id":49401,"n":"Matière grasse Primevere Bio à tartiner - 55% MG - 250g","p":2.48,"u":"9,92 €/KG","img":"https://fd8-photos.leclercdrive.fr/image.ashx?id=2928456&use=l&cat=p&typeid=i","cat":315229},{"id":49561,"n":"Gel Douche 5en1 Men Expert Pure carbon - 300ml","p":3.11,"u":"10,37 €/L","img":"https://fd8-photos.leclercdrive.fr/image.ashx?id=1603553&use=l&cat=p&typeid=i","cat":284619},{"id":49575,"n":"Boisson énergisante Monster Energy Mixxd Punch - 50CL","p":1.54,"u":"3,08 €/L","img":"https://fd8-photos.leclercdrive.fr/image.ashx?id=2206172&use=l&cat=p&typeid=i","cat":284533},{"id":49632,"n":"Pain de mie 100% Mie Harrys Nature Longue conservation 325g","p":2.06,"u":"6,34 €/KG","img":"https://fd8-photos.leclercdrive.fr/image.ashx?id=2469647&use=l&cat=p&typeid=i","cat":284477},{"id":49636,"n":"Biscuits Baiocchi Mulino Bianco Chocolat noisette Snack - 336g","p":2.68,"u":"7,98 €/KG","img":"https://fd8-photos.leclercdrive.fr/image.ashx?id=2787962&use=l&cat=p&typeid=i","cat":284488},{"id":49639,"n":"Haricots verts Rochefontaine Extra-fins - 345g","p":3.61,"u":"10,46 €/KG","img":"https://fd8-photos.leclercdrive.fr/image.ashx?id=2101459&use=l&cat=p&typeid=i","cat":312606},{"id":49649,"n":"Sauce Tomate Cuisinée Heinz Ail & Oignon x2 - 210g","p":1.52,"u":"3,62 €/KG","img":"https://fd8-photos.leclercdrive.fr/image.ashx?id=2926990&use=l&cat=p&typeid=i","cat":288384},{"id":49651,"n":"Marrons entiers cuits vapeur Clément Faugier - 420g","p":6.48,"u":"15,43 €/KG","img":"https://fd8-photos.leclercdrive.fr/image.ashx?id=2018289&use=l&cat=p&typeid=i","cat":312612},{"id":49653,"n":"Chapelure dorée Tipiak 250g","p":0.69,"u":"2,76 €/KG","img":"https://fd8-photos.leclercdrive.fr/image.ashx?id=2563490&use=l&cat=p&typeid=i","cat":288382},{"id":49656,"n":"Sauce burger Amora 448g","p":1.94,"u":"4,33 €/KG","img":"https://fd8-photos.leclercdrive.fr/image.ashx?id=3014656&use=l&cat=p&typeid=i","cat":318431},{"id":49657,"n":"Huile de noisette Cauvin 25cl","p":3.52,"u":"14,08 €/L","img":"https://fd8-photos.leclercdrive.fr/image.ashx?id=2484221&use=l&cat=p&typeid=i","cat":284453},{"id":49664,"n":"Farine complète Francine Boîte - 1kg","p":1.72,"u":"1,72 €/KG","img":"https://fd8-photos.leclercdrive.fr/image.ashx?id=2018898&use=l&cat=p&typeid=i","cat":284503},{"id":49681,"n":"Yaourt La Laitière Nature - 4x125g","p":1.79,"u":"3,58 €/KG","img":"https://fd8-photos.leclercdrive.fr/image.ashx?id=3007978&use=l&cat=p&typeid=i","cat":284409},{"id":49682,"n":"Yaourt La Laitière Vanille - 4x125g","p":1.94,"u":"3,88 €/KG","img":"https://fd8-photos.leclercdrive.fr/image.ashx?id=2650393&use=l&cat=p&typeid=i","cat":286006},{"id":49700,"n":"Matin Léger Bio de Lactel Sans lactose 1.2%mg - 6x1L","p":13.49,"u":"2,25 €/L","img":"https://fd8-photos.leclercdrive.fr/image.ashx?id=2883552&use=l&cat=p&typeid=i","cat":317169},{"id":49704,"n":"Yaourts fruits Savoie Yaourt Fruits de saisons - 6x125g","p":2.66,"u":"3,55 €/KG","img":"https://fd8-photos.leclercdrive.fr/image.ashx?id=2504743&use=l&cat=p&typeid=i","cat":284410},{"id":49761,"n":"Déodorant masculin Williams Stick Ice blue - 75ml","p":2.7,"u":"36,00 €/L","img":"https://fd8-photos.leclercdrive.fr/image.ashx?id=2774742&use=l&cat=p&typeid=i","cat":284618},{"id":49781,"n":"Vinaigrette huile d'olive Puget Balsamique Tomates séchées-33cl","p":2.22,"u":"6,73 €/L","img":"https://fd8-photos.leclercdrive.fr/image.ashx?id=2183552&use=l&cat=p&typeid=i","cat":284456},{"id":49799,"n":"Nectar Mangue Caraibos Sans alcool - 75cl","p":2.34,"u":"3,12 €/L","img":"https://fd8-photos.leclercdrive.fr/image.ashx?id=3011278&use=l&cat=p&typeid=i","cat":284916},{"id":49800,"n":"Chorizo doux César Moroni   200g","p":2.8,"u":"14,00 €/KG","img":"https://fd8-photos.leclercdrive.fr/image.ashx?id=2854420&use=l&cat=p&typeid=i","cat":316006},{"id":49805,"n":"Cocktail Piña colada Caraibos Sans alcool - 75cl","p":2.23,"u":"2,97 €/L","img":"https://fd8-photos.leclercdrive.fr/image.ashx?id=3011299&use=l&cat=p&typeid=i","cat":284549},{"id":49807,"n":"Sex on the beach Caraibos Sans alcool - 75cl","p":2.32,"u":"3,09 €/L","img":"https://fd8-photos.leclercdrive.fr/image.ashx?id=3011308&use=l&cat=p&typeid=i","cat":284549},{"id":49825,"n":"Croco Pik Haribo  Sachet bonbons acidulés - 275g","p":1.7,"u":"6,18 €/KG","img":"https://fd8-photos.leclercdrive.fr/image.ashx?id=2802350&use=l&cat=p&typeid=i","cat":304250},{"id":49828,"n":"Happy Life Haribo Sachet bonbons - 275g","p":1.52,"u":"5,53 €/KG","img":"https://fd8-photos.leclercdrive.fr/image.ashx?id=2803577&use=l&cat=p&typeid=i","cat":304250},{"id":49832,"n":"Dragibus Pik Haribo Sachet bonbons - 230g","p":1.83,"u":"7,96 €/KG","img":"https://fd8-photos.leclercdrive.fr/image.ashx?id=2984907&use=l&cat=p&typeid=i","cat":304250},{"id":49834,"n":"Bonbons LUTTI BestFizz Assortiment Piquant - 550g","p":3.8,"u":"6,91 €/KG","img":"https://fd8-photos.leclercdrive.fr/image.ashx?id=2815022&use=l&cat=p&typeid=i","cat":304250},{"id":49845,"n":"Jus multifruits Jafaden Brique, ABC - 2L","p":2.65,"u":"1,33 €/L","img":"https://fd8-photos.leclercdrive.fr/image.ashx?id=2759220&use=l&cat=p&typeid=i","cat":284917},{"id":49851,"n":"Limonade Sprink's 1.5L","p":0.95,"u":"0,63 €/L","img":"https://fd8-photos.leclercdrive.fr/image.ashx?id=2954103&use=l&cat=p&typeid=i","cat":284531},{"id":49852,"n":"Speck alto adige IGP Tradizioni d'Italia - 70g","p":1.95,"u":"27,86 €/KG","img":"https://fd8-photos.leclercdrive.fr/image.ashx?id=2925225&use=l&cat=p&typeid=i","cat":316007},{"id":49854,"n":"Prosciutto di San daniele AOP Tradizioni d'Italia - 70g","p":3.35,"u":"47,86 €/KG","img":"https://fd8-photos.leclercdrive.fr/image.ashx?id=2925219&use=l&cat=p&typeid=i","cat":316007},{"id":49857,"n":"Mortadella bologna IGP Tradizioni d'Italia - 150g","p":2.59,"u":"17,27 €/KG","img":"https://fd8-photos.leclercdrive.fr/image.ashx?id=2925222&use=l&cat=p&typeid=i","cat":316009},{"id":49858,"n":"Prosciutto di parma AOP 18 mois Tradizioni d'Italia - 80g","p":3.79,"u":"47,38 €/KG","img":"https://fd8-photos.leclercdrive.fr/image.ashx?id=1961988&use=l&cat=p&typeid=i","cat":316007},{"id":49863,"n":"Pizza feu de bois  Turini  Saumon  - 420g","p":2.45,"u":"5,83 €/KG","img":"https://fd8-photos.leclercdrive.fr/image.ashx?id=2816579&use=l&cat=p&typeid=i","cat":284256},{"id":49865,"n":"Steak haché Authentique Charal Pur Bœuf 10% MG  8x125g - 1kg","p":14.26,"u":"14,26 €/KG","img":"https://fd8-photos.leclercdrive.fr/image.ashx?id=2741955&use=l&cat=p&typeid=i","cat":319778},{"id":49870,"n":"Protection Absorbante Tena Men  Médium - x10","p":4.47,"u":"0,45 €/P","img":"https://fd8-photos.leclercdrive.fr/image.ashx?id=2428573&use=l&cat=p&typeid=i","cat":291514},{"id":49872,"n":"Tampons Tampax Compak Pearl Super - x18","p":2.93,"u":"0,16 €/P","img":"https://fd8-photos.leclercdrive.fr/image.ashx?id=2956616&use=l&cat=p&typeid=i","cat":284626},{"id":49881,"n":"Sirop Frucci Zero Grenadine avec edulcorants-75cl","p":2.49,"u":"3,32 €/L","img":"https://fd8-photos.leclercdrive.fr/image.ashx?id=2956110&use=l&cat=p&typeid=i","cat":295020},{"id":49882,"n":"Sirop Frucci Zero Pêche avec édulcorants - 75cl","p":2.35,"u":"3,13 €/L","img":"https://fd8-photos.leclercdrive.fr/image.ashx?id=2954100&use=l&cat=p&typeid=i","cat":295020},{"id":49883,"n":"Soda tonic Sprink's 1.5L","p":1.05,"u":"0,70 €/L","img":"https://fd8-photos.leclercdrive.fr/image.ashx?id=2954106&use=l&cat=p&typeid=i","cat":284531},{"id":49900,"n":"Feuilletés fromage fondu Eco+ 650g","p":1.61,"u":"2,48 €/KG","img":"https://fd8-photos.leclercdrive.fr/image.ashx?id=2079792&use=l&cat=p&typeid=i","cat":319776},{"id":49903,"n":"Bresaola Della Valtellina IGP Tradizioni d'Italia - 70g","p":3.13,"u":"44,71 €/KG","img":"https://fd8-photos.leclercdrive.fr/image.ashx?id=2925228&use=l&cat=p&typeid=i","cat":316007},{"id":49930,"n":"Yaourt douceur Le Petit Basque Brebis nature - 4x100g","p":2.85,"u":"7,13 €/KG","img":"https://fd8-photos.leclercdrive.fr/image.ashx?id=2248084&use=l&cat=p&typeid=i","cat":314998},{"id":49931,"n":"Yaourt douceur Le Petit Basque Brebis citron - 4x100g","p":2.69,"u":"6,73 €/KG","img":"https://fd8-photos.leclercdrive.fr/image.ashx?id=2248087&use=l&cat=p&typeid=i","cat":314998},{"id":49932,"n":"Fromage Pavé d'Affinois Original - 180g","p":2.67,"u":"14,83 €/KG","img":"https://fd8-photos.leclercdrive.fr/image.ashx?id=2644070&use=l&cat=p&typeid=i","cat":314030},{"id":49933,"n":"Fromage Pavé d'Affinois Mini Mix 5 variétés - 130g","p":2.69,"u":"20,69 €/KG","img":"https://fd8-photos.leclercdrive.fr/image.ashx?id=2644076&use=l&cat=p&typeid=i","cat":314030},{"id":49935,"n":"Fromage Pavé d'Affinois Brin -  6x25g","p":2.83,"u":"18,87 €/KG","img":"https://fd8-photos.leclercdrive.fr/image.ashx?id=2644073&use=l&cat=p&typeid=i","cat":314030},{"id":49956,"n":"Soda à l'orange Orangina Sans Sucres - 1,5L","p":1.75,"u":"1,17 €/L","img":"https://fd8-photos.leclercdrive.fr/image.ashx?id=2946496&use=l&cat=p&typeid=i","cat":284532},{"id":49960,"n":"Café en Grains Carte Noire  Arabica Classique - 250g","p":6.14,"u":"24,56 €/KG","img":"https://fd8-photos.leclercdrive.fr/image.ashx?id=2980136&use=l&cat=p&typeid=i","cat":293237},{"id":49971,"n":"Frites Pom Bistro à la Graisse de Canard - 500g","p":3.44,"u":"6,88 €/KG","img":"https://fd8-photos.leclercdrive.fr/image.ashx?id=2866412&use=l&cat=p&typeid=i","cat":319791},{"id":49979,"n":"Soupe liquide Liebig  Potiron Chataîgne - Brique 1L","p":2.89,"u":"2,89 €/L","img":"https://fd8-photos.leclercdrive.fr/image.ashx?id=2785358&use=l&cat=p&typeid=i","cat":284462},{"id":49980,"n":"Soupe liquide Liebig  Légumes poêlés - Brique 1L","p":2.93,"u":"2,93 €/L","img":"https://fd8-photos.leclercdrive.fr/image.ashx?id=2729941&use=l&cat=p&typeid=i","cat":284462},{"id":49981,"n":"Velouté Liebig Légumes du soleil - 1L","p":2.81,"u":"2,81 €/L","img":"https://fd8-photos.leclercdrive.fr/image.ashx?id=2750991&use=l&cat=p&typeid=i","cat":284462},{"id":49983,"n":"Sauce yakitori Kikkoman 250ml","p":4.77,"u":"19,08 €/L","img":"https://fd8-photos.leclercdrive.fr/image.ashx?id=2536299&use=l&cat=p&typeid=i","cat":288992},{"id":50002,"n":"Sauce soja Kikkoman  150ml","p":3.44,"u":"22,93 €/L","img":"https://fd8-photos.leclercdrive.fr/image.ashx?id=2536284&use=l&cat=p&typeid=i","cat":288992},{"id":50003,"n":"Café soluble Maxwell House Qualité Filtre - 20g","p":7.68,"u":"38,40 €/KG","img":"https://fd8-photos.leclercdrive.fr/image.ashx?id=1755025&use=l&cat=p&typeid=i","cat":284843},{"id":50004,"n":"Kit Crousti Fajitas Old El Paso extra doux - 521g","p":4.76,"u":"9,14 €/KG","img":"https://fd8-photos.leclercdrive.fr/image.ashx?id=2765402&use=l&cat=p&typeid=i","cat":288993},{"id":50017,"n":"Confit de tomates séchées  Les Tartinables Florelli 190g","p":2.5,"u":"13,16 €/KG","img":"https://fd8-photos.leclercdrive.fr/image.ashx?id=3011671&use=l&cat=p&typeid=i","cat":289010},{"id":50018,"n":"Légumes grillés Florelli 280g","p":2.86,"u":"10,21 €/KG","img":"https://fd8-photos.leclercdrive.fr/image.ashx?id=2664199&use=l&cat=p&typeid=i","cat":289010},{"id":50052,"n":"Lait bébé en poudre Galliagest croissance Dès 12 mois 900g","p":13.64,"u":"15,16 €/KG","img":"https://fd8-photos.leclercdrive.fr/image.ashx?id=2616844&use=l&cat=p&typeid=i","cat":290219},{"id":50056,"n":"Feutres de coloriage Bic Kids co motif bulles - x18","p":3.08,"u":"0,17 €/P","img":"https://fd8-photos.leclercdrive.fr/image.ashx?id=2732788&use=l&cat=p&typeid=i","cat":284696},{"id":50057,"n":"Crayons de couleurs Bic Ecolution Kids - x18","p":3.24,"u":"0,18 €/P","img":"https://fd8-photos.leclercdrive.fr/image.ashx?id=2758541&use=l&cat=p&typeid=i","cat":284696},{"id":50058,"n":"Bloc correspondanc uni Esquisse 21x29cm - A4 - x50 feuilles","p":1.99,"img":"https://fd8-photos.leclercdrive.fr/image.ashx?id=1928746&use=l&cat=p&typeid=i","cat":284697},{"id":50070,"n":"Soupe velouté  Potiron - 30cl","p":1.37,"u":"4,57 €/L","img":"https://fd8-photos.leclercdrive.fr/image.ashx?id=2740898&use=l&cat=p&typeid=i","cat":284462},{"id":50072,"n":"Soupe Liquide Douceur Knorr 8 légumes à la crème - 50cl","p":1.58,"u":"3,16 €/L","img":"https://fd8-photos.leclercdrive.fr/image.ashx?id=2738023&use=l&cat=p&typeid=i","cat":284462},{"id":50078,"n":"Quinoa Bio Ethiquable Croquant Equateur - 500g","p":4.21,"u":"8,42 €/KG","img":"https://fd8-photos.leclercdrive.fr/image.ashx?id=2876821&use=l&cat=p&typeid=i","cat":284429},{"id":50082,"n":"Dessert fruits mixés Sojasun Myrtilles - 4x100g","p":1.71,"u":"4,28 €/KG","img":"https://fd8-photos.leclercdrive.fr/image.ashx?id=2355680&use=l&cat=p&typeid=i","cat":316071},{"id":50083,"n":"Taboulé aux tomates  Garbit - 730g","p":2.76,"u":"3,78 €/KG","img":"https://fd8-photos.leclercdrive.fr/image.ashx?id=2901905&use=l&cat=p&typeid=i","cat":325094},{"id":50091,"n":"Lait de coco Kara - brique 200ml","p":1.02,"u":"5,10 €/L","img":"https://fd8-photos.leclercdrive.fr/image.ashx?id=2906895&use=l&cat=p&typeid=i","cat":288992},{"id":50106,"n":"Nems au Porc Tables du Monde x4 - 280g","p":1.76,"u":"6,29 €/KG","img":"https://fd8-photos.leclercdrive.fr/image.ashx?id=1760305&use=l&cat=p&typeid=i","cat":333673},{"id":50123,"n":"Vinaigrette Puget  Ciboulette/échalotes - 33cl","p":2.37,"u":"7,18 €/L","img":"https://fd8-photos.leclercdrive.fr/image.ashx?id=2912146&use=l&cat=p&typeid=i","cat":284456},{"id":50126,"n":"Compotes Andros  Pomme/châtaigne - 785g","p":3.5,"u":"4,46 €/KG","img":"https://fd8-photos.leclercdrive.fr/image.ashx?id=2396381&use=l&cat=p&typeid=i","cat":284508},{"id":50132,"n":"Compotes Pom'Potes Gourdes  Multivariétés Inédits - 12x90g","p":5.5,"u":"5,09 €/KG","img":"https://fd8-photos.leclercdrive.fr/image.ashx?id=2870170&use=l&cat=p&typeid=i","cat":284508},{"id":50134,"n":"Poudre anti-calcaire Calgon 4 en 1 - 60 doses","p":10.99,"u":"7,33 €/KG","img":"https://fd8-photos.leclercdrive.fr/image.ashx?id=2954199&use=l&cat=p&typeid=i","cat":284653},{"id":50135,"n":"Lingettes Textil Anti-transfert - x40","p":3.71,"u":"0,09 €/P","img":"https://fd8-photos.leclercdrive.fr/image.ashx?id=2964574&use=l&cat=p&typeid=i","cat":290450},{"id":50211,"n":"Pain Bruschetta La Boulangère 400g","p":2.52,"u":"6,30 €/KG","img":"https://fd8-photos.leclercdrive.fr/image.ashx?id=2912404&use=l&cat=p&typeid=i","cat":284985},{"id":50212,"n":"Pain suédois La Boulangère 180g","p":1.87,"u":"10,39 €/KG","img":"https://fd8-photos.leclercdrive.fr/image.ashx?id=2445376&use=l&cat=p&typeid=i","cat":284985},{"id":50213,"n":"Pain de mie Toastiligne  Toastiligne complet - 500g","p":1.41,"u":"2,82 €/KG","img":"https://fd8-photos.leclercdrive.fr/image.ashx?id=2916225&use=l&cat=p&typeid=i","cat":284477},{"id":50218,"n":"Tronches de Cake St Michel 175g","p":1.79,"u":"10,23 €/KG","img":"https://fd8-photos.leclercdrive.fr/image.ashx?id=2949946&use=l&cat=p&typeid=i","cat":284495},{"id":50220,"n":"Biscuits Duo Mini BN  190g","p":1.87,"u":"9,84 €/KG","img":"https://fd8-photos.leclercdrive.fr/image.ashx?id=2219606&use=l&cat=p&typeid=i","cat":284488},{"id":50224,"n":"Cookies Milka Pépites de chocolat - 168g","p":1.58,"u":"9,40 €/KG","img":"https://fd8-photos.leclercdrive.fr/image.ashx?id=3002285&use=l&cat=p&typeid=i","cat":325066},{"id":50225,"n":"Biscuits Choco suprême Milka Chocolat - 180g","p":2.34,"u":"13,00 €/KG","img":"https://fd8-photos.leclercdrive.fr/image.ashx?id=2990991&use=l&cat=p&typeid=i","cat":284488},{"id":50226,"n":"Biscuits sablés Granola Chocolat au lait - 3x200g","p":4.45,"u":"7,42 €/KG","img":"https://fd8-photos.leclercdrive.fr/image.ashx?id=3009125&use=l&cat=p&typeid=i","cat":284488},{"id":50227,"n":"Biscuits Granola Chocolat au lait - 200g","p":1.43,"u":"7,15 €/KG","img":"https://fd8-photos.leclercdrive.fr/image.ashx?id=2324282&use=l&cat=p&typeid=i","cat":284488},{"id":50231,"n":"Biscuit Dinosaurus Lotus Chocolat au lait - 225g","p":2.08,"u":"9,24 €/KG","img":"https://fd8-photos.leclercdrive.fr/image.ashx?id=2859815&use=l&cat=p&typeid=i","cat":284488},{"id":50235,"n":"Cookies Bonne Maman  Chocolat noisette - 225g","p":2.72,"u":"12,09 €/KG","img":"https://fd8-photos.leclercdrive.fr/image.ashx?id=2936164&use=l&cat=p&typeid=i","cat":325066},{"id":50256,"n":"Soda Sprink's Lemon Lime - 1.5L","p":0.99,"u":"0,66 €/L","img":"https://fd8-photos.leclercdrive.fr/image.ashx?id=2913736&use=l&cat=p&typeid=i","cat":284532},{"id":50257,"n":"Jus d'orange Jafaden Pur jus sans pulpe - 6x1L","p":11.94,"u":"1,99 €/L","img":"https://fd8-photos.leclercdrive.fr/image.ashx?id=2842504&use=l&cat=p&typeid=i","cat":284521},{"id":50262,"n":"Kebab de poulet Fleury Michon Semoule à l'orientale - 280g","p":2.96,"u":"10,57 €/KG","img":"https://fd8-photos.leclercdrive.fr/image.ashx?id=2680167&use=l&cat=p&typeid=i","cat":333665},{"id":50365,"n":"Moelleux Pépites Choco GERBLE  sans sucre - 196g","p":3.31,"u":"16,89 €/KG","img":"https://fd8-photos.leclercdrive.fr/image.ashx?id=2812705&use=l&cat=p&typeid=i","cat":318653},{"id":50432,"n":"Pain Campagnard GERBLE  Sans gluten - 350g","p":4.04,"u":"11,54 €/KG","img":"https://fd8-photos.leclercdrive.fr/image.ashx?id=2662829&use=l&cat=p&typeid=i","cat":325069},{"id":50459,"n":"Fromage à Tartiner St Môret  Nature - 150g","p":2.01,"u":"13,40 €/KG","img":"https://fd8-photos.leclercdrive.fr/image.ashx?id=2755468&use=l&cat=p&typeid=i","cat":314029},{"id":50491,"n":"Bière blanche Hoegaarden 4,9% - 6x25cl","p":4.56,"u":"3,04 €/L","img":"https://fd8-photos.leclercdrive.fr/image.ashx?id=2963922&use=l&cat=p&typeid=i","cat":334878},{"id":50508,"n":"Soin yeux L'Oréal Paris  Revitalift anti-rides  - 15ml","p":14.95,"u":"996,67 €/L","img":"https://fd8-photos.leclercdrive.fr/image.ashx?id=2867524&use=l&cat=p&typeid=i","cat":325345},{"id":50548,"n":"Lait de croissance Lactel Nature - 6x1L","p":11.2,"u":"1,87 €/L","img":"https://fd8-photos.leclercdrive.fr/image.ashx?id=2927438&use=l&cat=p&typeid=i","cat":284728},{"id":50585,"n":"Haricots verts d'aucy  Extra-fins - 440g","p":1.83,"u":"4,16 €/KG","img":"https://fd8-photos.leclercdrive.fr/image.ashx?id=2527370&use=l&cat=p&typeid=i","cat":312606},{"id":50590,"n":"Lentilles préparées D'aucy  530g","p":1.57,"u":"2,96 €/KG","img":"https://fd8-photos.leclercdrive.fr/image.ashx?id=2560597&use=l&cat=p&typeid=i","cat":312609},{"id":50592,"n":"Pois chiches Sultanines 265g","p":0.93,"u":"3,51 €/KG","img":"https://fd8-photos.leclercdrive.fr/image.ashx?id=1920223&use=l&cat=p&typeid=i","cat":312609},{"id":50593,"n":"Eau de source Cristaline 6x1L","p":1.19,"u":"0,20 €/L","img":"https://fd8-photos.leclercdrive.fr/image.ashx?id=2650510&use=l&cat=p&typeid=i","cat":284535},{"id":50599,"n":"Crème soyeuse Bio Lait d'anesse So'Bio Etic - 50 ml","p":8.38,"u":"167,60 €/L","img":"https://fd8-photos.leclercdrive.fr/image.ashx?id=2906463&use=l&cat=p&typeid=i","cat":325345},{"id":50600,"n":"Crème onctueuse lait d'anesse Bio - So'Bio Etic - 50 ml","p":7.59,"u":"151,80 €/L","img":"https://fd8-photos.leclercdrive.fr/image.ashx?id=2909062&use=l&cat=p&typeid=i","cat":325345},{"id":50604,"n":"Lotion micellaire So Bio Etic Aloe vera bio - 500 ml","p":5.51,"u":"11,02 €/L","img":"https://fd8-photos.leclercdrive.fr/image.ashx?id=2493508&use=l&cat=p&typeid=i","cat":284603},{"id":50609,"n":"Savon crème lait d'anesse SoBIO Distrinat bio - 100g","p":2.5,"u":"25,00 €/KG","img":"https://fd8-photos.leclercdrive.fr/image.ashx?id=2494728&use=l&cat=p&typeid=i","cat":284597},{"id":50626,"n":"AOC Saint-Émilion vin rouge Chantet Blanet - 37,5cl","p":4.79,"u":"12,77 €/L","img":"https://fd8-photos.leclercdrive.fr/image.ashx?id=2805981&use=l&cat=p&typeid=i","cat":289556},{"id":50640,"n":"IGP Méditerranée vin rosé Terres Ocrées 12.5% vol BIB 5L","p":12.99,"u":"2,60 €/L","img":"https://fd8-photos.leclercdrive.fr/image.ashx?id=2883318&use=l&cat=p&typeid=i","cat":289560},{"id":50659,"n":"Confisuc gelée Saint Louis 1kg","p":2.42,"u":"2,42 €/KG","img":"https://fd8-photos.leclercdrive.fr/image.ashx?id=1943688&use=l&cat=p&typeid=i","cat":284502},{"id":50672,"n":"Biscuits à la cuillère x30 Bonne Maman - 250g","p":4.54,"u":"18,16 €/KG","img":"https://fd8-photos.leclercdrive.fr/image.ashx?id=2936152&use=l&cat=p&typeid=i","cat":284487},{"id":50673,"n":"Financier amandes Bonne Maman 250g","p":3.54,"u":"14,16 €/KG","img":"https://fd8-photos.leclercdrive.fr/image.ashx?id=2936176&use=l&cat=p&typeid=i","cat":284492},{"id":50674,"n":"Quatre quarts Bonne Maman 500g","p":3.04,"u":"6,08 €/KG","img":"https://fd8-photos.leclercdrive.fr/image.ashx?id=2936158&use=l&cat=p&typeid=i","cat":294776},{"id":50675,"n":"Gâteau Bonne Maman  Marbré chocolat - 475g","p":3.22,"u":"6,78 €/KG","img":"https://fd8-photos.leclercdrive.fr/image.ashx?id=2936161&use=l&cat=p&typeid=i","cat":294776},{"id":50676,"n":"Madeleine coquille St Michel  Oeuf plein air x24 - 600g","p":3.27,"u":"5,45 €/KG","img":"https://fd8-photos.leclercdrive.fr/image.ashx?id=2936197&use=l&cat=p&typeid=i","cat":284492},{"id":50678,"n":"IGP Vinaigre balsamique Modène Maille - 75cl","p":4.84,"u":"6,45 €/L","img":"https://fd8-photos.leclercdrive.fr/image.ashx?id=2805666&use=l&cat=p&typeid=i","cat":298543},{"id":50680,"n":"Barre Chocolatée KINDER Country  Céréales chocolat x15 - 352,5g","p":4.77,"u":"13,55 €/KG","img":"https://fd8-photos.leclercdrive.fr/image.ashx?id=2231903&use=l&cat=p&typeid=i","cat":284498},{"id":50682,"n":"Gâteau Ker Cadélac Le Moelleux Original - 500g","p":2.61,"u":"5,22 €/KG","img":"https://fd8-photos.leclercdrive.fr/image.ashx?id=2955797&use=l&cat=p&typeid=i","cat":294776},{"id":50683,"n":"Barre marbré  Ker Cadélac  Cacao - 500g","p":2.47,"u":"4,94 €/KG","img":"https://fd8-photos.leclercdrive.fr/image.ashx?id=2939508&use=l&cat=p&typeid=i","cat":294776},{"id":50688,"n":"Pains au chocolat Pasquier  x16 - 720g","p":4.4,"u":"6,11 €/KG","img":"https://fd8-photos.leclercdrive.fr/image.ashx?id=2686837&use=l&cat=p&typeid=i","cat":296366},{"id":50689,"n":"Croissants Pasquier x8 - 320g","p":1.93,"u":"6,03 €/KG","img":"https://fd8-photos.leclercdrive.fr/image.ashx?id=2853053&use=l&cat=p&typeid=i","cat":296366},{"id":50690,"n":"Brioche tressée Pasquier Tranchée nature - 500g","p":2.54,"u":"5,08 €/KG","img":"https://fd8-photos.leclercdrive.fr/image.ashx?id=2978706&use=l&cat=p&typeid=i","cat":284478},{"id":50705,"n":"Toasts ronds nature Jacquet - 250g","p":1.46,"u":"5,84 €/KG","img":"https://fd8-photos.leclercdrive.fr/image.ashx?id=2979602&use=l&cat=p&typeid=i","cat":285454},{"id":50706,"n":"Toasts foie gras ronds Jacquet - 250g","p":1.48,"u":"5,92 €/KG","img":"https://fd8-photos.leclercdrive.fr/image.ashx?id=2979599&use=l&cat=p&typeid=i","cat":285454},{"id":50712,"n":"Biscuits Choco Pause Milka Chocolat au lait - 260g","p":1.56,"u":"6,00 €/KG","img":"https://fd8-photos.leclercdrive.fr/image.ashx?id=2192572&use=l&cat=p&typeid=i","cat":284488},{"id":50713,"n":"Biscuits Oreo Vanille / chocolat blanc - 246g","p":2.46,"u":"10,00 €/KG","img":"https://fd8-photos.leclercdrive.fr/image.ashx?id=2989447&use=l&cat=p&typeid=i","cat":284488},{"id":50714,"n":"Biscottes Heudebert  Goût brioché - 290g","p":1.69,"u":"5,83 €/KG","img":"https://fd8-photos.leclercdrive.fr/image.ashx?id=3001979&use=l&cat=p&typeid=i","cat":284479},{"id":50715,"n":"Biscottes Gourmande Pelletier Goût brioché - 260g","p":2.24,"u":"8,62 €/KG","img":"https://fd8-photos.leclercdrive.fr/image.ashx?id=2961825&use=l&cat=p&typeid=i","cat":284479},{"id":50734,"n":"Soda Sprink's Orange - 1.5L","p":0.92,"u":"0,61 €/L","img":"https://fd8-photos.leclercdrive.fr/image.ashx?id=2974810&use=l&cat=p&typeid=i","cat":284532},{"id":50760,"n":"Sablés Bonne Maman  Tout Chocolat - 150g","p":1.47,"u":"9,80 €/KG","img":"https://fd8-photos.leclercdrive.fr/image.ashx?id=2923687&use=l&cat=p&typeid=i","cat":325066},{"id":50773,"n":"Dés de jambon Eco+ 2x100G","p":1.65,"u":"8,25 €/KG","img":"https://fd8-photos.leclercdrive.fr/image.ashx?id=2930936&use=l&cat=p&typeid=i","cat":316011},{"id":50802,"n":"Huile d'olive Tramier Vierge extra - 75cl","p":8.0,"u":"10,67 €/L","img":"https://fd8-photos.leclercdrive.fr/image.ashx?id=2769807&use=l&cat=p&typeid=i","cat":284453},{"id":50810,"n":"Sauce Tomates Barilla Arrabbiata - 400g","p":1.73,"u":"4,33 €/KG","img":"https://fd8-photos.leclercdrive.fr/image.ashx?id=2832509&use=l&cat=p&typeid=i","cat":287599},{"id":50843,"n":"Pastis Ricard Anisé 45% vol - 2L","p":39.6,"u":"19,80 €/L","img":"https://fd8-photos.leclercdrive.fr/image.ashx?id=2919271&use=l&cat=p&typeid=i","cat":284548},{"id":50846,"n":"Apéritif prêt à boire Martini Bellini 8° - 75cl","p":7.95,"u":"10,60 €/L","img":"https://fd8-photos.leclercdrive.fr/image.ashx?id=2867220&use=l&cat=p&typeid=i","cat":289461},{"id":50863,"n":"Savon verveine Petit Olivier 2x100g","p":2.05,"u":"10,25 €/KG","img":"https://fd8-photos.leclercdrive.fr/image.ashx?id=2144839&use=l&cat=p&typeid=i","cat":284597},{"id":50866,"n":"Savon doux karité Petit Olivier Surgras - 250g","p":2.38,"u":"9,52 €/KG","img":"https://fd8-photos.leclercdrive.fr/image.ashx?id=2144848&use=l&cat=p&typeid=i","cat":284597},{"id":50867,"n":"Petit Olivier savon Marseille Avec ou sans pompe -  300ml","p":2.5,"u":"8,33 €/L","img":"https://fd8-photos.leclercdrive.fr/image.ashx?id=2683793&use=l&cat=p&typeid=i","cat":284597},{"id":50903,"n":"Rana Feuilles de lasagnes Fraîches - 250g","p":2.1,"u":"8,40 €/KG","img":"https://fd8-photos.leclercdrive.fr/image.ashx?id=2529144&use=l&cat=p&typeid=i","cat":333682},{"id":50905,"n":"Briquet Mega Lighter U140 Fluo - x1","p":3.52,"img":"https://fd8-photos.leclercdrive.fr/image.ashx?id=2730880&use=l&cat=p&typeid=i","cat":300578},{"id":50906,"n":"Cubes allume-feu Eco+ x32","p":1.4,"u":"0,04 €/P","img":"https://fd8-photos.leclercdrive.fr/image.ashx?id=2645125&use=l&cat=p&typeid=i","cat":300578},{"id":50908,"n":"Gélule bien-être foie Juvamine Artichaut/Radis noir - x50","p":2.77,"img":"https://fd8-photos.leclercdrive.fr/image.ashx?id=2785850&use=l&cat=p&typeid=i","cat":313217},{"id":50915,"n":"Gnocchi à poêler Lustucru Fromage - 300g","p":1.72,"u":"5,73 €/KG","img":"https://fd8-photos.leclercdrive.fr/image.ashx?id=3014482&use=l&cat=p&typeid=i","cat":333682},{"id":50955,"n":"Maison toilette chat Ptit ami  x1","p":9.9,"img":"https://fd8-photos.leclercdrive.fr/image.ashx?id=1008830&use=l&cat=p&typeid=i","cat":284682},{"id":50956,"n":"Bougies chauffe plats Ardence x25","p":2.39,"img":"https://fd8-photos.leclercdrive.fr/image.ashx?id=2635550&use=l&cat=p&typeid=i","cat":335913},{"id":50990,"n":"Fruits au sirop St Mamet Ananas en morceaux - 345g","p":2.6,"u":"7,54 €/KG","img":"https://fd8-photos.leclercdrive.fr/image.ashx?id=2927309&use=l&cat=p&typeid=i","cat":284507},{"id":50991,"n":"Fruits au sirop St Mamet Ananas en tranches - 345g","p":2.96,"u":"8,58 €/KG","img":"https://fd8-photos.leclercdrive.fr/image.ashx?id=2630226&use=l&cat=p&typeid=i","cat":284507},{"id":51046,"n":"Mouchoirs blancs 3 plis Eco+ x15","p":0.97,"u":"0,06 €/P","img":"https://fd8-photos.leclercdrive.fr/image.ashx?id=2824244&use=l&cat=p&typeid=i","cat":284638},{"id":51047,"n":"Biscuits Petit Brun extra 300g","p":1.4,"u":"4,67 €/KG","img":"https://fd8-photos.leclercdrive.fr/image.ashx?id=3002264&use=l&cat=p&typeid=i","cat":284487},{"id":51048,"n":"Lentilles Notre Jardin 3x130g","p":2.09,"u":"5,36 €/KG","img":"https://fd8-photos.leclercdrive.fr/image.ashx?id=3002617&use=l&cat=p&typeid=i","cat":312609},{"id":51086,"n":"Crevettes Argentine Pêche Océan sauvages rouge - 400G","p":6.99,"u":"17,48 €/KG","img":"https://fd8-photos.leclercdrive.fr/image.ashx?id=2340036&use=l&cat=p&typeid=i","cat":319787},{"id":51089,"n":"Soda Sprink's Aux agrumes - 1.5L","p":1.4,"u":"0,93 €/L","img":"https://fd8-photos.leclercdrive.fr/image.ashx?id=2913727&use=l&cat=p&typeid=i","cat":284532},{"id":51108,"n":"Brosse cheveux Glamour Pneumatique brushing x1","p":14.46,"img":"https://fd8-photos.leclercdrive.fr/image.ashx?id=2317014&use=l&cat=p&typeid=i","cat":284610},{"id":51137,"n":"Clic clac Glamour x1","p":7.38,"img":"https://fd8-photos.leclercdrive.fr/image.ashx?id=1971161&use=l&cat=p&typeid=i","cat":284610},{"id":51203,"n":"Filets de maqueraux Saupiquet  Vin blanc - 3x176g","p":5.99,"u":"11,34 €/KG","img":"https://fd8-photos.leclercdrive.fr/image.ashx?id=2826969&use=l&cat=p&typeid=i","cat":303868},{"id":51227,"n":"Papier cuisson Alfapac Naturel 10M x 0.37","p":2.08,"img":"https://fd8-photos.leclercdrive.fr/image.ashx?id=2887734&use=l&cat=p&typeid=i","cat":334134},{"id":51249,"n":"Crème brûlée La Laitière saveur vanille - 4x100g","p":2.99,"u":"7,48 €/KG","img":"https://fd8-photos.leclercdrive.fr/image.ashx?id=2624116&use=l&cat=p&typeid=i","cat":284419},{"id":51250,"n":"Yaourt nature Activia bifidus 0%MG  - 8x125g","p":2.85,"u":"2,85 €/KG","img":"https://fd8-photos.leclercdrive.fr/image.ashx?id=2741688&use=l&cat=p&typeid=i","cat":315000},{"id":51265,"n":"Eau aromatisée O'Fresh Citron - 1.5L","p":0.75,"u":"0,50 €/L","img":"https://fd8-photos.leclercdrive.fr/image.ashx?id=2450041&use=l&cat=p&typeid=i","cat":284537},{"id":51268,"n":"Eau aromatisée O'Fresh Fraise - 1.5L","p":0.75,"u":"0,50 €/L","img":"https://fd8-photos.leclercdrive.fr/image.ashx?id=2450044&use=l&cat=p&typeid=i","cat":284537},{"id":51270,"n":"Tablette chocolat Côte d'Or Chocolat au lait - 3x100g","p":4.7,"u":"15,67 €/KG","img":"https://fd8-photos.leclercdrive.fr/image.ashx?id=2875561&use=l&cat=p&typeid=i","cat":284497},{"id":51271,"n":"Tablette chocolat Côte d'Or Noir extra - 3x100g","p":3.73,"u":"12,43 €/KG","img":"https://fd8-photos.leclercdrive.fr/image.ashx?id=2875564&use=l&cat=p&typeid=i","cat":284956},{"id":51274,"n":"Tablette chocolat Côte d'Or Chocolar lait/ Raisin - 180g","p":3.48,"u":"19,33 €/KG","img":"https://fd8-photos.leclercdrive.fr/image.ashx?id=2961272&use=l&cat=p&typeid=i","cat":284497},{"id":51275,"n":"Tablette chocolat Côte d'Or Chocolat lait/Noisettes - 180g","p":3.27,"u":"18,17 €/KG","img":"https://fd8-photos.leclercdrive.fr/image.ashx?id=2993140&use=l&cat=p&typeid=i","cat":284497},{"id":51276,"n":"Tablette chocolat Côte d'Or Chocolat noir/Noisettes - 180g","p":3.27,"u":"18,17 €/KG","img":"https://fd8-photos.leclercdrive.fr/image.ashx?id=2993143&use=l&cat=p&typeid=i","cat":284956},{"id":51277,"n":"Tablette chocolat Côte d'Or Chocolat noir Amandes - 180g","p":3.56,"u":"19,78 €/KG","img":"https://fd8-photos.leclercdrive.fr/image.ashx?id=2993146&use=l&cat=p&typeid=i","cat":284956},{"id":51289,"n":"Fromage Blanc Calin Nature - 0% extra - 850g","p":2.3,"u":"2,71 €/KG","img":"https://fd8-photos.leclercdrive.fr/image.ashx?id=2973724&use=l&cat=p&typeid=i","cat":315000},{"id":51291,"n":"Fromage blanc Soignon Nature lait de chèvre - 4x100g","p":2.61,"u":"6,53 €/KG","img":"https://fd8-photos.leclercdrive.fr/image.ashx?id=2539902&use=l&cat=p&typeid=i","cat":314998},{"id":51292,"n":"Yaourts Douceur satinée Délisse Nature - 8x125g","p":2.59,"u":"2,59 €/KG","img":"https://fd8-photos.leclercdrive.fr/image.ashx?id=2932414&use=l&cat=p&typeid=i","cat":284409},{"id":51297,"n":"Compotes Andros Pomme nature - 8x100g","p":2.43,"u":"3,04 €/KG","img":"https://fd8-photos.leclercdrive.fr/image.ashx?id=2884006&use=l&cat=p&typeid=i","cat":284416},{"id":51298,"n":"Compotes Andros  Pomme nature - 16x100g","p":3.17,"u":"1,98 €/KG","img":"https://fd8-photos.leclercdrive.fr/image.ashx?id=2908195&use=l&cat=p&typeid=i","cat":284416},{"id":51300,"n":"Yaourt Nature Sucré Yoplait - 4x125g","p":1.18,"u":"2,36 €/KG","img":"https://fd8-photos.leclercdrive.fr/image.ashx?id=2799898&use=l&cat=p&typeid=i","cat":284409},{"id":51346,"n":"Dessert liégeois Viennois Vanille lit de caramel - 4x100g","p":1.71,"u":"4,28 €/KG","img":"https://fd8-photos.leclercdrive.fr/image.ashx?id=2692122&use=l&cat=p&typeid=i","cat":285042},{"id":51353,"n":"Fromage Cantal jeune NRT AOP  200g","p":3.19,"u":"15,95 €/KG","img":"https://fd8-photos.leclercdrive.fr/image.ashx?id=2934832&use=l&cat=p&typeid=i","cat":314034},{"id":51354,"n":"Mascarpone gorgonzola Tradizioni d'Italia - 200g","p":2.69,"u":"13,45 €/KG","img":"https://fd8-photos.leclercdrive.fr/image.ashx?id=2966535&use=l&cat=p&typeid=i","cat":314032},{"id":51392,"n":"Yaourts à la Grecque Délisse Lit de fruit jaunes - 4x150g","p":1.99,"u":"3,32 €/KG","img":"https://fd8-photos.leclercdrive.fr/image.ashx?id=2699699&use=l&cat=p&typeid=i","cat":314999},{"id":51395,"n":"Profiteroles Délisse 4x90g","p":2.49,"u":"6,92 €/KG","img":"https://fd8-photos.leclercdrive.fr/image.ashx?id=2415562&use=l&cat=p&typeid=i","cat":284419},{"id":51514,"n":"Recharge adhésif UHU Rollafix Transparent 25mx19mm - 1 pièce","p":2.49,"img":"https://fd8-photos.leclercdrive.fr/image.ashx?id=1939609&use=l&cat=p&typeid=i","cat":334133},{"id":51607,"n":"Fromage enfant Kiri Goûter 8 portions barquettes - 280g","p":3.5,"u":"12,50 €/KG","img":"https://fd8-photos.leclercdrive.fr/image.ashx?id=2972886&use=l&cat=p&typeid=i","cat":314030},{"id":51646,"n":"Vin blanc Le Rapillon Viognier - 75cl","p":11.7,"u":"15,60 €/L","img":"https://fd8-photos.leclercdrive.fr/image.ashx?id=969033&use=l&cat=p&typeid=i","cat":289557},{"id":51647,"n":"Vin rouge Alain Paret Côtes du Rhône - 75cl","p":7.95,"u":"10,60 €/L","img":"https://fd8-photos.leclercdrive.fr/image.ashx?id=968873&use=l&cat=p&typeid=i","cat":289556},{"id":51654,"n":"Vin blanc Alain Paret Viognier Pays d'OC - 75cl","p":6.75,"u":"9,00 €/L","img":"https://fd8-photos.leclercdrive.fr/image.ashx?id=969029&use=l&cat=p&typeid=i","cat":289557},{"id":51722,"n":"Bâtonnet Magic Smicy Mutlifruits x8 - 320g","p":2.51,"u":"7,84 €/KG","img":"https://fd8-photos.leclercdrive.fr/image.ashx?id=1054378&use=l&cat=p&typeid=i","cat":285250},{"id":51750,"n":"Sel fin La Baleine Iodé - 500g","p":0.52,"u":"1,04 €/KG","img":"https://fd8-photos.leclercdrive.fr/image.ashx?id=1752100&use=l&cat=p&typeid=i","cat":284457},{"id":51751,"n":"Cacolac Chocolat Canettes Pack - 6x25cl","p":5.25,"u":"3,50 €/L","img":"https://fd8-photos.leclercdrive.fr/image.ashx?id=2554623&use=l&cat=p&typeid=i","cat":295246},{"id":51822,"n":"Thé glacé Lipton Ice Tea Pêche - 4x50cl","p":4.09,"u":"2,05 €/L","img":"https://fd8-photos.leclercdrive.fr/image.ashx?id=2505471&use=l&cat=p&typeid=i","cat":295019},{"id":51865,"n":"Bière blonde Kronenbourg 4,2° - 10x25cl","p":5.35,"u":"2,14 €/L","img":"https://fd8-photos.leclercdrive.fr/image.ashx?id=2992750&use=l&cat=p&typeid=i","cat":334873},{"id":51866,"n":"Lait Croissance Mots d'Enfants 12 à 36 mois - 6x1L","p":8.04,"u":"1,34 €/L","img":"https://fd8-photos.leclercdrive.fr/image.ashx?id=2770684&use=l&cat=p&typeid=i","cat":284728},{"id":51934,"n":"Goûter laitier Récré O'Lé Gourdes Chocolat - 12x85g","p":5.63,"u":"5,52 €/KG","img":"https://fd8-photos.leclercdrive.fr/image.ashx?id=2887035&use=l&cat=p&typeid=i","cat":284506},{"id":51935,"n":"Goûter laitier Récré O'Lé Gourdes Saveur Vanille - 12x85g","p":5.75,"u":"5,64 €/KG","img":"https://fd8-photos.leclercdrive.fr/image.ashx?id=2795213&use=l&cat=p&typeid=i","cat":284506},{"id":51939,"n":"Trio salade Florette Mâche roquette betterave - 175g","p":2.62,"u":"14,97 €/KG","img":"https://fd8-photos.leclercdrive.fr/image.ashx?id=2650534&use=l&cat=p&typeid=i","cat":284353},{"id":51957,"n":"Gel désodorisant Bien Air Marine - x1","p":1.35,"img":"https://fd8-photos.leclercdrive.fr/image.ashx?id=2466880&use=l&cat=p&typeid=i","cat":311628},{"id":51979,"n":"Boisson au soja Vanille Végé 1L Végé - 200g","p":1.35,"u":"1,35 €/L","img":"https://fd8-photos.leclercdrive.fr/image.ashx?id=2872703&use=l&cat=p&typeid=i","cat":316067},{"id":51980,"n":"Lait demi-écrémé Délisse UHT -  6x25cl","p":3.36,"u":"2,24 €/L","img":"https://fd8-photos.leclercdrive.fr/image.ashx?id=2971503&use=l&cat=p&typeid=i","cat":284377},{"id":51995,"n":"Spécialité laitière Délisse Epaisse - 7% MG - 50cl","p":1.43,"u":"2,86 €/L","img":"https://fd8-photos.leclercdrive.fr/image.ashx?id=2363802&use=l&cat=p&typeid=i","cat":284381},{"id":51999,"n":"Spécialité laitière Délisse Semi-épaisse 4%mg - 2x25cl","p":1.9,"u":"3,80 €/L","img":"https://fd8-photos.leclercdrive.fr/image.ashx?id=1790942&use=l&cat=p&typeid=i","cat":284381},{"id":52001,"n":"Pâte à pizza fine Herta Rectangulaire - 390g","p":1.54,"u":"3,95 €/KG","img":"https://fd8-photos.leclercdrive.fr/image.ashx?id=2976110&use=l&cat=p&typeid=i","cat":333681},{"id":52002,"n":"HERTA Pâte à pizza fine & ronde 265g","p":1.23,"u":"4,64 €/KG","img":"https://fd8-photos.leclercdrive.fr/image.ashx?id=2975674&use=l&cat=p&typeid=i","cat":333681},{"id":52006,"n":"Blinis Ronde des Mers Medium x8 - 160g","p":1.69,"u":"10,56 €/KG","img":"https://fd8-photos.leclercdrive.fr/image.ashx?id=1069202&use=l&cat=p&typeid=i","cat":285191},{"id":52044,"n":"Croquettes Lydog Mini chien adulte - 1.5kg","p":3.99,"u":"2,66 €/KG","img":"https://fd8-photos.leclercdrive.fr/image.ashx?id=1951079&use=l&cat=p&typeid=i","cat":294526},{"id":52057,"n":"Fromage L'Ortolan Paysange  Fromagerie Milleret - 250g","p":2.45,"u":"9,80 €/KG","img":"https://fd8-photos.leclercdrive.fr/image.ashx?id=1745387&use=l&cat=p&typeid=i","cat":314033},{"id":52071,"n":"Tortillas Table du Monde De maïs - 320g","p":1.69,"u":"5,28 €/KG","img":"https://fd8-photos.leclercdrive.fr/image.ashx?id=2679759&use=l&cat=p&typeid=i","cat":288993},{"id":52078,"n":"Pointe Brie de Meaux NRT AOP 200g","p":3.09,"u":"15,45 €/KG","img":"https://fd8-photos.leclercdrive.fr/image.ashx?id=2564491&use=l&cat=p&typeid=i","cat":314033},{"id":52080,"n":"Emmental fromage rapé Les Croisés - 1kg","p":7.97,"u":"7,97 €/KG","img":"https://fd8-photos.leclercdrive.fr/image.ashx?id=2832990&use=l&cat=p&typeid=i","cat":314035},{"id":52093,"n":"Salade Menu Fraîcheur Lentilles aux oignons - 300g","p":1.52,"u":"5,07 €/KG","img":"https://fd8-photos.leclercdrive.fr/image.ashx?id=2645954&use=l&cat=p&typeid=i","cat":333657},{"id":52096,"n":"Confit de figues NRT De Provence - 150g","p":1.87,"u":"12,47 €/KG","img":"https://fd8-photos.leclercdrive.fr/image.ashx?id=2839995&use=l&cat=p&typeid=i","cat":284480},{"id":52104,"n":"Gaufres P'tit Deli Poudrées - 260g","p":1.69,"u":"6,50 €/KG","img":"https://fd8-photos.leclercdrive.fr/image.ashx?id=2932417&use=l&cat=p&typeid=i","cat":294777},{"id":52105,"n":"Mini brownies chocolat  Sans gluten - 240g","p":3.24,"u":"13,50 €/KG","img":"https://fd8-photos.leclercdrive.fr/image.ashx?id=2188793&use=l&cat=p&typeid=i","cat":318654},{"id":52111,"n":"Chiffonade chorizo Saint Azay 100g","p":2.19,"u":"21,90 €/KG","img":"https://fd8-photos.leclercdrive.fr/image.ashx?id=2845146&use=l&cat=p&typeid=i","cat":316007},{"id":52113,"n":"Jambon sec Saint Azay  8 tranches - 200g","p":4.09,"u":"20,45 €/KG","img":"https://fd8-photos.leclercdrive.fr/image.ashx?id=2872451&use=l&cat=p&typeid=i","cat":316007},{"id":52114,"n":"Fromage Emmental râpé NRT IGP de Savoie - 100g","p":1.99,"u":"19,90 €/KG","img":"https://fd8-photos.leclercdrive.fr/image.ashx?id=2771088&use=l&cat=p&typeid=i","cat":314035},{"id":52115,"n":"Ail Rustica  250g","p":3.29,"u":"13,16 €/KG","img":"https://fd8-photos.leclercdrive.fr/image.ashx?id=2341894&use=l&cat=p&typeid=i","cat":319804},{"id":52118,"n":"Persil Rustica 250g","p":3.29,"u":"13,16 €/KG","img":"https://fd8-photos.leclercdrive.fr/image.ashx?id=2835205&use=l&cat=p&typeid=i","cat":319804},{"id":52122,"n":"Limonade Sprink's Zero - 1.5L","p":0.59,"u":"0,39 €/L","img":"https://fd8-photos.leclercdrive.fr/image.ashx?id=2913681&use=l&cat=p&typeid=i","cat":284531},{"id":52124,"n":"Pâtes Tagliatelles Turini  Fraiches - 600g","p":1.89,"u":"3,15 €/KG","img":"https://fd8-photos.leclercdrive.fr/image.ashx?id=2823081&use=l&cat=p&typeid=i","cat":333682},{"id":52128,"n":"Dés de saumon Ronde des Mers  Fumé nature - 90g","p":4.1,"u":"45,56 €/KG","img":"https://fd8-photos.leclercdrive.fr/image.ashx?id=2966246&use=l&cat=p&typeid=i","cat":285188},{"id":52136,"n":"Mozzarella Pic'Express 250g","p":2.99,"u":"11,96 €/KG","img":"https://fd8-photos.leclercdrive.fr/image.ashx?id=2678800&use=l&cat=p&typeid=i","cat":319774},{"id":52139,"n":"Confit d'oignons NRT 150g","p":1.87,"u":"12,47 €/KG","img":"https://fd8-photos.leclercdrive.fr/image.ashx?id=2839998&use=l&cat=p&typeid=i","cat":284458},{"id":52141,"n":"Bâtonnets Dentastix Pedigree Moyen chien x7 - 180g","p":2.32,"u":"12,89 €/KG","img":"https://fd8-photos.leclercdrive.fr/image.ashx?id=2981301&use=l&cat=p&typeid=i","cat":294527},{"id":52143,"n":"Bâtonnets Dentastix Pedigree Petit chien x7 - 110g","p":1.77,"u":"16,09 €/KG","img":"https://fd8-photos.leclercdrive.fr/image.ashx?id=2832338&use=l&cat=p&typeid=i","cat":294527},{"id":52148,"n":"Filet de poulet Fleury Michon pommes de terre - 300g","p":3.22,"u":"10,73 €/KG","img":"https://fd8-photos.leclercdrive.fr/image.ashx?id=2656754&use=l&cat=p&typeid=i","cat":333665},{"id":52246,"n":"Spray retouche L'Oréal Paris Magic Retouch Noir","p":9.08,"u":"121,07 €/L","img":"https://fd8-photos.leclercdrive.fr/image.ashx?id=2586420&use=l&cat=p&typeid=i","cat":288899},{"id":52249,"n":"Spray retouche L'Oréal Paris Magic Retouch Blond foncé","p":9.07,"u":"120,93 €/L","img":"https://fd8-photos.leclercdrive.fr/image.ashx?id=2586429&use=l&cat=p&typeid=i","cat":288899},{"id":52250,"n":"Spray Coloration L'Oréal Paris Magic Retouch Châtain","p":9.25,"u":"123,33 €/L","img":"https://fd8-photos.leclercdrive.fr/image.ashx?id=2586426&use=l&cat=p&typeid=i","cat":288899},{"id":52251,"n":"Spray retouche L'Oréal Paris Magic Retouch Châtain Foncé","p":8.32,"u":"110,93 €/L","img":"https://fd8-photos.leclercdrive.fr/image.ashx?id=2586423&use=l&cat=p&typeid=i","cat":288899},{"id":52287,"n":"Haut de cuisse de poulet blanc Volaille Française - 1kg","p":4.31,"u":"4,31 €/KG","img":"https://fd8-photos.leclercdrive.fr/image.ashx?id=2551138&use=l&cat=p&typeid=i","cat":284336},{"id":52335,"n":"Sauce tomate cuisinée Panzani Tube légumes - 180g","p":0.99,"u":"5,50 €/KG","img":"https://fd8-photos.leclercdrive.fr/image.ashx?id=2984751&use=l&cat=p&typeid=i","cat":288384},{"id":52367,"n":"Whisky Ballantine's Finest Blended Scotch 40% vol - 1,5L","p":32.22,"u":"21,48 €/L","img":"https://fd8-photos.leclercdrive.fr/image.ashx?id=3000833&use=l&cat=p&typeid=i","cat":284547},{"id":52384,"n":"Règle Double décimètre Esquisse 20 cm x1","p":0.5,"img":"https://fd8-photos.leclercdrive.fr/image.ashx?id=2943247&use=l&cat=p&typeid=i","cat":334133},{"id":52388,"n":"Crème anti-âge So Bio Etic Plaisir d'argan bio - 50ml","p":8.72,"u":"174,40 €/L","img":"https://fd8-photos.leclercdrive.fr/image.ashx?id=2988587&use=l&cat=p&typeid=i","cat":325345},{"id":52389,"n":"Gelée nuit anti âge So Bio Etic Argan bio - 40ml","p":8.99,"u":"224,75 €/L","img":"https://fd8-photos.leclercdrive.fr/image.ashx?id=2494734&use=l&cat=p&typeid=i","cat":325345},{"id":52391,"n":"Lotion micellaire So Bio Etic Tonifiante bio - 500ml","p":5.7,"u":"11,40 €/L","img":"https://fd8-photos.leclercdrive.fr/image.ashx?id=2909065&use=l&cat=p&typeid=i","cat":284603},{"id":52392,"n":"Contour yeux lèvres So Bio Etic Anti-âge Argan bio - 15ml","p":9.04,"u":"602,67 €/L","img":"https://fd8-photos.leclercdrive.fr/image.ashx?id=2494740&use=l&cat=p&typeid=i","cat":325345},{"id":52404,"n":"Yaourt nature bifidus Activia 12x125g","p":3.96,"u":"2,64 €/KG","img":"https://fd8-photos.leclercdrive.fr/image.ashx?id=2741703&use=l&cat=p&typeid=i","cat":315000},{"id":52412,"n":"Poélée Parisienne D'Aucy 2x580g","p":4.71,"u":"4,06 €/KG","img":"https://fd8-photos.leclercdrive.fr/image.ashx?id=2197558&use=l&cat=p&typeid=i","cat":312612},{"id":52539,"n":"Pur jus de citron Jardin Bio Bio - 50cl","p":2.85,"u":"5,70 €/L","img":"https://fd8-photos.leclercdrive.fr/image.ashx?id=3014524&use=l&cat=p&typeid=i","cat":288383},{"id":52540,"n":"Pur jus de citron Jardin Bio Bio - 25cl","p":1.87,"u":"7,48 €/L","img":"https://fd8-photos.leclercdrive.fr/image.ashx?id=2673745&use=l&cat=p&typeid=i","cat":288383},{"id":52582,"n":"Sauce Bolognaise Panzani - 210G","p":1.37,"u":"6,52 €/KG","img":"https://fd8-photos.leclercdrive.fr/image.ashx?id=2977927&use=l&cat=p&typeid=i","cat":287599},{"id":52618,"n":"Crème brulée Rians  3x100g","p":3.21,"u":"10,70 €/KG","img":"https://fd8-photos.leclercdrive.fr/image.ashx?id=2396246&use=l&cat=p&typeid=i","cat":284419},{"id":52625,"n":"Sauce Pommes de Terre Bénédicta - 255g","p":1.53,"u":"5,88 €/KG","img":"https://fd8-photos.leclercdrive.fr/image.ashx?id=2689925&use=l&cat=p&typeid=i","cat":318430},{"id":52631,"n":"Sauce Béarnaise Bénédicta - 260g","p":1.36,"u":"5,23 €/KG","img":"https://fd8-photos.leclercdrive.fr/image.ashx?id=2689931&use=l&cat=p&typeid=i","cat":318430},{"id":52632,"n":"Sauce au Poivre Bénédicta - 260g","p":1.44,"u":"5,54 €/KG","img":"https://fd8-photos.leclercdrive.fr/image.ashx?id=2689937&use=l&cat=p&typeid=i","cat":318430},{"id":52633,"n":"Sauce Tartare Bénédicta - 260g","p":1.52,"u":"5,85 €/KG","img":"https://fd8-photos.leclercdrive.fr/image.ashx?id=2689940&use=l&cat=p&typeid=i","cat":318430},{"id":52634,"n":"Sauce Bourguignonne Bénédicta - 260g","p":1.37,"u":"5,07 €/KG","img":"https://fd8-photos.leclercdrive.fr/image.ashx?id=2689943&use=l&cat=p&typeid=i","cat":318430},{"id":52664,"n":"Serpillère super Mocio Vileda x1","p":7.9,"img":"https://fd8-photos.leclercdrive.fr/image.ashx?id=2575828&use=l&cat=p&typeid=i","cat":284669},{"id":52665,"n":"Recharge Serpillère Vileda Super Mocio - x1","p":5.15,"img":"https://fd8-photos.leclercdrive.fr/image.ashx?id=2575831&use=l&cat=p&typeid=i","cat":284669},{"id":52673,"n":"Fromage Burger cheddar/emmental Président - 12 tranches - 200g","p":1.55,"u":"7,75 €/KG","img":"https://fd8-photos.leclercdrive.fr/image.ashx?id=2445024&use=l&cat=p&typeid=i","cat":314028},{"id":52679,"n":"Fromage cabecou Rians 22%mg - 3x35g","p":2.48,"u":"23,62 €/KG","img":"https://fd8-photos.leclercdrive.fr/image.ashx?id=2668455&use=l&cat=p&typeid=i","cat":314031},{"id":52682,"n":"Seau + essoreur Vileda Pour balai, super mocio x1","p":9.5,"img":"https://fd8-photos.leclercdrive.fr/image.ashx?id=2463338&use=l&cat=p&typeid=i","cat":284669},{"id":52684,"n":"Cheddar fromage râpé  Les Croisés - 200g","p":2.39,"u":"11,95 €/KG","img":"https://fd8-photos.leclercdrive.fr/image.ashx?id=2044381&use=l&cat=p&typeid=i","cat":314035},{"id":52688,"n":"Burrata Di Andria IGP  Tradizioni d'italia - 200g","p":4.79,"u":"23,95 €/KG","img":"https://fd8-photos.leclercdrive.fr/image.ashx?id=2904025&use=l&cat=p&typeid=i","cat":314026},{"id":52699,"n":"Comté Entremont Râpé - 2x70g","p":2.53,"u":"18,07 €/KG","img":"https://fd8-photos.leclercdrive.fr/image.ashx?id=2983162&use=l&cat=p&typeid=i","cat":314035},{"id":52701,"n":"Fromage Richesmonts Tartiflette - 450g","p":6.69,"u":"14,87 €/KG","img":"https://fd8-photos.leclercdrive.fr/image.ashx?id=3008182&use=l&cat=p&typeid=i","cat":314037},{"id":52720,"n":"Essuie-tout blanc Mimosa Super absorbant - x3 compacts","p":3.99,"u":"1,33 €/P","img":"https://fd8-photos.leclercdrive.fr/image.ashx?id=2727401&use=l&cat=p&typeid=i","cat":284635},{"id":52757,"n":"Biscuits sablés Granola Chocolat au lait - 2x200g","p":2.73,"u":"6,83 €/KG","img":"https://fd8-photos.leclercdrive.fr/image.ashx?id=2347275&use=l&cat=p&typeid=i","cat":284488},{"id":52773,"n":"Céréales Crousti avoine Bjorg Chocolat  bio - 500g","p":4.69,"u":"9,38 €/KG","img":"https://fd8-photos.leclercdrive.fr/image.ashx?id=2906184&use=l&cat=p&typeid=i","cat":318651},{"id":52790,"n":"Fromage mi-chèvre Soignon 180g","p":2.12,"u":"11,78 €/KG","img":"https://fd8-photos.leclercdrive.fr/image.ashx?id=2734357&use=l&cat=p&typeid=i","cat":314031},{"id":52794,"n":"Fromage de brebis Corsica 250g","p":6.25,"u":"25,00 €/KG","img":"https://fd8-photos.leclercdrive.fr/image.ashx?id=2118875&use=l&cat=p&typeid=i","cat":314031},{"id":52797,"n":"AOP Parmigiano Reggiano Tradizioni d'Italia - 60g","p":1.9,"u":"31,67 €/KG","img":"https://fd8-photos.leclercdrive.fr/image.ashx?id=2904028&use=l&cat=p&typeid=i","cat":314035},{"id":52804,"n":"Fromage à Raclette RichesMonts  Classique 18 Tranches - 420g","p":5.23,"u":"12,45 €/KG","img":"https://fd8-photos.leclercdrive.fr/image.ashx?id=2953489&use=l&cat=p&typeid=i","cat":314037},{"id":52806,"n":"Fromage à Tartiner St Môret  Nature Léger - 300g","p":3.87,"u":"12,90 €/KG","img":"https://fd8-photos.leclercdrive.fr/image.ashx?id=2914507&use=l&cat=p&typeid=i","cat":314029},{"id":52811,"n":"Fromage raclette fumée Les Croisés 26%mg - 250g","p":2.99,"u":"11,96 €/KG","img":"https://fd8-photos.leclercdrive.fr/image.ashx?id=2793236&use=l&cat=p&typeid=i","cat":314037},{"id":52816,"n":"yaourt nature bifidus Activia 8x125g","p":2.89,"u":"2,89 €/KG","img":"https://fd8-photos.leclercdrive.fr/image.ashx?id=2741709&use=l&cat=p&typeid=i","cat":315000},{"id":52818,"n":"Fromage à tartiner Boursin Figue et 3 noix - 150g","p":2.45,"u":"16,33 €/KG","img":"https://fd8-photos.leclercdrive.fr/image.ashx?id=2962062&use=l&cat=p&typeid=i","cat":314029},{"id":52819,"n":"Fromage Gruyère râpé IGP NRT 150g","p":2.23,"u":"14,87 €/KG","img":"https://fd8-photos.leclercdrive.fr/image.ashx?id=2771085&use=l&cat=p&typeid=i","cat":314035},{"id":52933,"n":"Piles Long Lasting Duracell CR2025  Lithium 3V - x2","p":5.7,"u":"2,85 €/P","img":"https://fd8-photos.leclercdrive.fr/image.ashx?id=2831399&use=l&cat=p&typeid=i","cat":300572},{"id":52951,"n":"Café dosettes Tassimo Thé vert menthe x16","p":4.86,"u":"121,50 €/KG","img":"https://fd8-photos.leclercdrive.fr/image.ashx?id=2100368&use=l&cat=p&typeid=i","cat":293233},{"id":52958,"n":"Café dosettes Tassimo L'Or Espresso Classique x16","p":4.46,"u":"42,88 €/KG","img":"https://fd8-photos.leclercdrive.fr/image.ashx?id=2507335&use=l&cat=p&typeid=i","cat":293240},{"id":52961,"n":"Gnocchi Bio Village Bio - 300g","p":2.18,"u":"7,27 €/KG","img":"https://fd8-photos.leclercdrive.fr/image.ashx?id=2607960&use=l&cat=p&typeid=i","cat":333682},{"id":52962,"n":"Biscuits fourrés Prince Chocolat - 300g","p":1.35,"u":"4,50 €/KG","img":"https://fd8-photos.leclercdrive.fr/image.ashx?id=3014638&use=l&cat=p&typeid=i","cat":284488},{"id":52964,"n":"Essuie-tout blanc Mimosa Super absorbant - x4 compacts","p":4.95,"u":"1,24 €/P","img":"https://fd8-photos.leclercdrive.fr/image.ashx?id=2727398&use=l&cat=p&typeid=i","cat":284635},{"id":52979,"n":"Truite fumée de Bretagne NRT x4 - 120g","p":5.39,"u":"44,92 €/KG","img":"https://fd8-photos.leclercdrive.fr/image.ashx?id=2663851&use=l&cat=p&typeid=i","cat":285188},{"id":53003,"n":"Vin d'Espagne rouge Merlot Adrien Champaud - BIB 5L","p":9.99,"u":"2,00 €/L","img":"https://fd8-photos.leclercdrive.fr/image.ashx?id=2960496&use=l&cat=p&typeid=i","cat":289560},{"id":53064,"n":"Eponges grattantes Mamison  Vaisselle délicate - x2","p":1.26,"u":"0,63 €/P","img":"https://fd8-photos.leclercdrive.fr/image.ashx?id=2202440&use=l&cat=p&typeid=i","cat":284667},{"id":53065,"n":"Eponges grattantes Mamison  Récurage difficile - x2","p":1.27,"u":"0,64 €/P","img":"https://fd8-photos.leclercdrive.fr/image.ashx?id=2207733&use=l&cat=p&typeid=i","cat":284667},{"id":53113,"n":"Feutres pour ardoise Velleda Bic Fin Couleurs assortis - x4","p":2.09,"u":"0,52 €/P","img":"https://fd8-photos.leclercdrive.fr/image.ashx?id=2871823&use=l&cat=p&typeid=i","cat":334133},{"id":53115,"n":"Stylo correcteur Tipp-Ex Bic Snsqueeze - x2","p":3.29,"img":"https://fd8-photos.leclercdrive.fr/image.ashx?id=2996539&use=l&cat=p&typeid=i","cat":334133},{"id":53116,"n":"Rhum blanc agricole Damoiseau 50%vol - 1L","p":18.98,"u":"18,98 €/L","img":"https://fd8-photos.leclercdrive.fr/image.ashx?id=2021214&use=l&cat=p&typeid=i","cat":284550},{"id":53135,"n":"Crozets de Savoie NRT Nature - 400g","p":2.35,"u":"5,88 €/KG","img":"https://fd8-photos.leclercdrive.fr/image.ashx?id=2856226&use=l&cat=p&typeid=i","cat":284427},{"id":53165,"n":"Lomo Saint Azay 100g","p":2.69,"u":"26,90 €/KG","img":"https://fd8-photos.leclercdrive.fr/image.ashx?id=2453192&use=l&cat=p&typeid=i","cat":316007},{"id":53167,"n":"Gaufres liégoise P'tit Déli Nappée chocolat - x7 - 402g","p":2.61,"u":"6,49 €/KG","img":"https://fd8-photos.leclercdrive.fr/image.ashx?id=1965560&use=l&cat=p&typeid=i","cat":294777},{"id":53170,"n":"Dés fromage de Brebis Herbes de Provence Les Croisés - 300g","p":2.83,"u":"9,43 €/KG","img":"https://fd8-photos.leclercdrive.fr/image.ashx?id=2900531&use=l&cat=p&typeid=i","cat":314027},{"id":53174,"n":"Chocolat noir Equador Caramel salé - 100g","p":1.39,"u":"13,90 €/KG","img":"https://fd8-photos.leclercdrive.fr/image.ashx?id=2553339&use=l&cat=p&typeid=i","cat":284956},{"id":53396,"n":"Yaourt nature bifidus Activia 4x125g","p":1.39,"u":"2,78 €/KG","img":"https://fd8-photos.leclercdrive.fr/image.ashx?id=2885944&use=l&cat=p&typeid=i","cat":315000},{"id":53412,"n":"Activateur biologique Eparcyl  Fosse septique - 864g x24","p":6.54,"u":"7,57 €/KG","img":"https://fd8-photos.leclercdrive.fr/image.ashx?id=2890085&use=l&cat=p&typeid=i","cat":284908},{"id":53432,"n":"Cidre normand Les Goelleries Doux, 2% - 2x75cl","p":3.97,"u":"2,65 €/L","img":"https://fd8-photos.leclercdrive.fr/image.ashx?id=2856540&use=l&cat=p&typeid=i","cat":334880},{"id":53465,"n":"Biscuit petit beurre P'tit Déli Chocolat lait 48% - 125g","p":1.49,"u":"11,92 €/KG","img":"https://fd8-photos.leclercdrive.fr/image.ashx?id=2846520&use=l&cat=p&typeid=i","cat":284488},{"id":53469,"n":"Cidre breton Les Goelleries Doux, 2%vol - 2x75cl","p":4.15,"u":"2,77 €/L","img":"https://fd8-photos.leclercdrive.fr/image.ashx?id=2856534&use=l&cat=p&typeid=i","cat":334880},{"id":53474,"n":"Bloc de foie gras pour apéritif Pierre De Chaumeyrac - 100g","p":6.39,"u":"63,90 €/KG","img":"https://fd8-photos.leclercdrive.fr/image.ashx?id=2804332&use=l&cat=p&typeid=i","cat":316008},{"id":53479,"n":"AOP Côtes du Rhône rouge Vieille Vignes - 75cl","p":3.69,"u":"4,92 €/L","img":"https://fd8-photos.leclercdrive.fr/image.ashx?id=2722396&use=l&cat=p&typeid=i","cat":289556},{"id":53508,"n":"Fine chapelure de pain Tipiak 275g","p":0.59,"u":"2,15 €/KG","img":"https://fd8-photos.leclercdrive.fr/image.ashx?id=2594124&use=l&cat=p&typeid=i","cat":288382},{"id":53600,"n":"Recharge spray Bien Air Automatique japon - 250ml","p":2.39,"u":"9,56 €/L","img":"https://fd8-photos.leclercdrive.fr/image.ashx?id=2974963&use=l&cat=p&typeid=i","cat":311629},{"id":53606,"n":"Salade Mexicaine Côté Snack Au thon - 250g","p":1.9,"u":"7,60 €/KG","img":"https://fd8-photos.leclercdrive.fr/image.ashx?id=2884255&use=l&cat=p&typeid=i","cat":284437},{"id":53607,"n":"Salade Piémontaise Côté Snack Thon - 250g","p":1.9,"u":"7,60 €/KG","img":"https://fd8-photos.leclercdrive.fr/image.ashx?id=2868319&use=l&cat=p&typeid=i","cat":284437},{"id":53651,"n":"Paupiettes de porc Ferial x3 - 390g","p":5.09,"u":"13,05 €/KG","img":"https://fd8-photos.leclercdrive.fr/image.ashx?id=2852294&use=l&cat=p&typeid=i","cat":284331},{"id":53663,"n":"Dés d'épaule Fleury Michon - 2x75g","p":1.07,"u":"7,13 €/KG","img":"https://fd8-photos.leclercdrive.fr/image.ashx?id=2650429&use=l&cat=p&typeid=i","cat":316011},{"id":53669,"n":"Assortiment Justin Bridou  4 charcuteries - 260g","p":5.6,"u":"21,54 €/KG","img":"https://fd8-photos.leclercdrive.fr/image.ashx?id=2770783&use=l&cat=p&typeid=i","cat":316007},{"id":53740,"n":"Bonnet de Noël Lumineux - x1","p":0.99,"u":"Dont 0,10 € d'éco-part.","img":"https://fd8-photos.leclercdrive.fr/image.ashx?id=1952442&use=l&cat=p&typeid=i","cat":334379},{"id":53744,"n":"Aérosol neige artificielle x1","p":1.5,"img":"https://fd8-photos.leclercdrive.fr/image.ashx?id=1883207&use=l&cat=p&typeid=i","cat":335913},{"id":53748,"n":"Guirlande Multicolore 120 LED, 6.5m","p":7.9,"u":"Dont 0,10 € d'éco-part.","img":"https://fd8-photos.leclercdrive.fr/image.ashx?id=1954248&use=l&cat=p&typeid=i","cat":335913},{"id":53777,"n":"Brioche tressée Pasquier  Pépites - 630g","p":2.85,"u":"4,52 €/KG","img":"https://fd8-photos.leclercdrive.fr/image.ashx?id=2848809&use=l&cat=p&typeid=i","cat":284478},{"id":53782,"n":"Assortiment légumes pour potée 1.5kg","p":3.99,"u":"2,66 €/KG","img":"https://fd8-photos.leclercdrive.fr/image.ashx?id=614582&use=l&cat=p&typeid=i","cat":284352},{"id":53783,"n":"Lait de coco Suzi Wan 200ml","p":1.26,"u":"6,30 €/L","img":"https://fd8-photos.leclercdrive.fr/image.ashx?id=3002177&use=l&cat=p&typeid=i","cat":288992},{"id":53839,"n":"Râpé 3 saveurs Président 200g","p":2.93,"u":"14,65 €/KG","img":"https://fd8-photos.leclercdrive.fr/image.ashx?id=2786006&use=l&cat=p&typeid=i","cat":314035},{"id":53899,"n":"Eau minérale gazeuse Perrier  Naturelle - 6x1L","p":3.89,"u":"0,65 €/L","img":"https://fd8-photos.leclercdrive.fr/image.ashx?id=2454463&use=l&cat=p&typeid=i","cat":284536},{"id":53902,"n":"Eau minérale gazeuse Perrier  Fines bulles - 6x1L","p":3.66,"u":"0,61 €/L","img":"https://fd8-photos.leclercdrive.fr/image.ashx?id=2830924&use=l&cat=p&typeid=i","cat":284536},{"id":53936,"n":"Dés de fromage salade Boursin Echalote ciboulette - 120g","p":2.45,"u":"20,42 €/KG","img":"https://fd8-photos.leclercdrive.fr/image.ashx?id=2865671&use=l&cat=p&typeid=i","cat":314027},{"id":53941,"n":"Fromage apéritif Boursin Echalote ciboulette 20 roulés","p":3.67,"u":"36,70 €/KG","img":"https://fd8-photos.leclercdrive.fr/image.ashx?id=2918595&use=l&cat=p&typeid=i","cat":314027},{"id":53944,"n":"Fromage à tartiner Boursin Ail et fines herbes - 250g","p":3.4,"u":"13,60 €/KG","img":"https://fd8-photos.leclercdrive.fr/image.ashx?id=2999853&use=l&cat=p&typeid=i","cat":314029},{"id":53946,"n":"Fromage à tartiner Boursin Echalote et ciboulette - 150g","p":2.41,"u":"16,07 €/KG","img":"https://fd8-photos.leclercdrive.fr/image.ashx?id=2962059&use=l&cat=p&typeid=i","cat":314029},{"id":54036,"n":"Griffoir Tous mes amis  Carton - x1","p":2.99,"img":"https://fd8-photos.leclercdrive.fr/image.ashx?id=2162321&use=l&cat=p&typeid=i","cat":284682},{"id":54052,"n":"Herbe dépurative Ptit Ami 190g","p":1.98,"u":"10,42 €/KG","img":"https://fd8-photos.leclercdrive.fr/image.ashx?id=1009867&use=l&cat=p&typeid=i","cat":285286},{"id":54112,"n":"Absolut Vodka 40%vol - 1L","p":25.55,"u":"25,55 €/L","img":"https://fd8-photos.leclercdrive.fr/image.ashx?id=2550261&use=l&cat=p&typeid=i","cat":284550},{"id":54162,"n":"Fromage blanc 0%mg  Soignon Au lait de chèvre - 4x100g","p":2.55,"u":"6,38 €/KG","img":"https://fd8-photos.leclercdrive.fr/image.ashx?id=2518253&use=l&cat=p&typeid=i","cat":314998},{"id":54175,"n":"Pâte brisée sans gluten Chaque Jour Sans Gluten - 230g","p":1.99,"u":"8,65 €/KG","img":"https://fd8-photos.leclercdrive.fr/image.ashx?id=3002809&use=l&cat=p&typeid=i","cat":333681},{"id":54176,"n":"Pâte feuilletée sans gluten Chaque Jour Sans Gluten - 280g","p":1.99,"u":"7,11 €/KG","img":"https://fd8-photos.leclercdrive.fr/image.ashx?id=3002806&use=l&cat=p&typeid=i","cat":333681},{"id":54177,"n":"AOP Champagne Bio Canard Duchêne - Extra Brut - 75cl","p":29.99,"u":"39,99 €/L","img":"https://fd8-photos.leclercdrive.fr/image.ashx?id=2753611&use=l&cat=p&typeid=i","cat":284542},{"id":54184,"n":"Pétillant AOC Jaillance Clairette Bio, 7%vol - 75cl","p":6.9,"u":"9,20 €/L","img":"https://fd8-photos.leclercdrive.fr/image.ashx?id=2867455&use=l&cat=p&typeid=i","cat":284544},{"id":54244,"n":"Liqueur de menthe Get 31 Edition Limitée 24° - 70cl","p":13.89,"u":"19,84 €/L","img":"https://fd8-photos.leclercdrive.fr/image.ashx?id=2989051&use=l&cat=p&typeid=i","cat":286032},{"id":54297,"n":"Désodorisant Bien Air Mèches actives, lavande - 375ml","p":1.65,"u":"4,40 €/L","img":"https://fd8-photos.leclercdrive.fr/image.ashx?id=2934721&use=l&cat=p&typeid=i","cat":311628},{"id":54299,"n":"Désodorisant Bien Air Mèche active Fruit rouge 375ml","p":1.65,"u":"4,40 €/L","img":"https://fd8-photos.leclercdrive.fr/image.ashx?id=2777806&use=l&cat=p&typeid=i","cat":311628},{"id":54300,"n":"Désodorisant Bien Air Mèche active agrume 375ml","p":1.65,"u":"4,40 €/L","img":"https://fd8-photos.leclercdrive.fr/image.ashx?id=2777809&use=l&cat=p&typeid=i","cat":311628},{"id":54311,"n":"Bière blonde Bio Jade 4.5%vol - 6x25cl","p":5.16,"u":"3,44 €/L","img":"https://fd8-photos.leclercdrive.fr/image.ashx?id=2511282&use=l&cat=p&typeid=i","cat":334873},{"id":54312,"n":"Bière Sans gluten Jade Bio - 4.5%vol - 6x25cl","p":6.1,"u":"4,07 €/L","img":"https://fd8-photos.leclercdrive.fr/image.ashx?id=2672161&use=l&cat=p&typeid=i","cat":334873},{"id":54316,"n":"AOC Coteaux du Layon vin blanc Les Caractères - 75cl","p":6.99,"u":"9,32 €/L","img":"https://fd8-photos.leclercdrive.fr/image.ashx?id=2898762&use=l&cat=p&typeid=i","cat":289557},{"id":54344,"n":"Tablette chocolat Côte d'Or Chocolat lait/Amandes - 180g","p":4.06,"u":"22,56 €/KG","img":"https://fd8-photos.leclercdrive.fr/image.ashx?id=3009143&use=l&cat=p&typeid=i","cat":284497},{"id":54346,"n":"Barre Chocolatée KINDER Country  Céréales chocolat x10 - 235g","p":3.64,"u":"15,49 €/KG","img":"https://fd8-photos.leclercdrive.fr/image.ashx?id=2231942&use=l&cat=p&typeid=i","cat":284498},{"id":54351,"n":"Crème dessert Délisse Chocolat noisette - 4x125g","p":1.05,"u":"2,10 €/KG","img":"https://fd8-photos.leclercdrive.fr/image.ashx?id=2760810&use=l&cat=p&typeid=i","cat":285041},{"id":54354,"n":"Crevettes décortiquées ASC Delpierre - 180g","p":5.95,"u":"33,06 €/KG","img":"https://fd8-photos.leclercdrive.fr/image.ashx?id=2867999&use=l&cat=p&typeid=i","cat":284343},{"id":54385,"n":"Coupelles Ananas DDV Sirop léger - 4x70g","p":2.79,"u":"9,96 €/KG","img":"https://fd8-photos.leclercdrive.fr/image.ashx?id=2100793&use=l&cat=p&typeid=i","cat":284507},{"id":54386,"n":"Gâteau multicouche P'tit Déli Genoise fourré chocolat - 175g","p":1.27,"u":"7,26 €/KG","img":"https://fd8-photos.leclercdrive.fr/image.ashx?id=1756935&use=l&cat=p&typeid=i","cat":284495},{"id":54396,"n":"Salade Catalane Côté Snack Thon à la catalane - 250g","p":2.17,"u":"8,68 €/KG","img":"https://fd8-photos.leclercdrive.fr/image.ashx?id=2910589&use=l&cat=p&typeid=i","cat":284437},{"id":54404,"n":"Sauce Tomacouli Panzani - 3X200G","p":1.6,"u":"2,67 €/KG","img":"https://fd8-photos.leclercdrive.fr/image.ashx?id=2744623&use=l&cat=p&typeid=i","cat":288384},{"id":54405,"n":"Sauce Tomacouli Panzani - 700G","p":1.59,"u":"2,27 €/KG","img":"https://fd8-photos.leclercdrive.fr/image.ashx?id=2744632&use=l&cat=p&typeid=i","cat":288384},{"id":54416,"n":"Bâtonnet à macher Dentalife Chien moyen - 345g","p":3.88,"u":"11,25 €/KG","img":"https://fd8-photos.leclercdrive.fr/image.ashx?id=2896426&use=l&cat=p&typeid=i","cat":294527},{"id":54417,"n":"Barre chocolat lait P'tit Déli x5 - 130g","p":1.5,"u":"11,54 €/KG","img":"https://fd8-photos.leclercdrive.fr/image.ashx?id=2568936&use=l&cat=p&typeid=i","cat":284488},{"id":54418,"n":"Bâtonnet à mâche Dentalife Grand chien x12 - 426g","p":3.8,"u":"8,92 €/KG","img":"https://fd8-photos.leclercdrive.fr/image.ashx?id=2897342&use=l&cat=p&typeid=i","cat":294527},{"id":54425,"n":"Batônnets Surimi Pêche Océan MSC - x48 - 800g","p":4.34,"u":"5,43 €/KG","img":"https://fd8-photos.leclercdrive.fr/image.ashx?id=2953245&use=l&cat=p&typeid=i","cat":285189},{"id":54429,"n":"Jambon cru fumé forêt noire  Saint Azay - 6 tranches - 100g","p":1.99,"u":"19,90 €/KG","img":"https://fd8-photos.leclercdrive.fr/image.ashx?id=1975243&use=l&cat=p&typeid=i","cat":316007},{"id":54430,"n":"Salade Italienne Côté Snack Au thon - 250g","p":2.18,"u":"8,72 €/KG","img":"https://fd8-photos.leclercdrive.fr/image.ashx?id=2927910&use=l&cat=p&typeid=i","cat":284437},{"id":54437,"n":"Miel d'acacia Besacier 1kg","p":11.18,"u":"11,18 €/KG","img":"https://fd8-photos.leclercdrive.fr/image.ashx?id=2393035&use=l&cat=p&typeid=i","cat":287643},{"id":54471,"n":"Madeleines longues Le Ster Marbrées choco - 250g","p":1.69,"u":"6,76 €/KG","img":"https://fd8-photos.leclercdrive.fr/image.ashx?id=2962548&use=l&cat=p&typeid=i","cat":284492},{"id":54473,"n":"Madeleines longues Le Ster Nature  - 250g","p":1.57,"u":"6,28 €/KG","img":"https://fd8-photos.leclercdrive.fr/image.ashx?id=2962545&use=l&cat=p&typeid=i","cat":284492},{"id":54482,"n":"Gâteaux Mini roulés Lulu LU Fraise - 150g","p":1.87,"u":"12,47 €/KG","img":"https://fd8-photos.leclercdrive.fr/image.ashx?id=2182876&use=l&cat=p&typeid=i","cat":284495},{"id":54492,"n":"Tortillas chips Bio village Bio Nature - 150g","p":1.75,"u":"11,67 €/KG","img":"https://fd8-photos.leclercdrive.fr/image.ashx?id=2538385&use=l&cat=p&typeid=i","cat":287899},{"id":54494,"n":"Biscuits Petit Ecolier LU Chocolat au lait - 2x150g","p":3.32,"u":"11,07 €/KG","img":"https://fd8-photos.leclercdrive.fr/image.ashx?id=3009122&use=l&cat=p&typeid=i","cat":284488},{"id":54496,"n":"Gâteaux fourrés Milka Chocolat - 175g","p":1.7,"u":"9,71 €/KG","img":"https://fd8-photos.leclercdrive.fr/image.ashx?id=3005338&use=l&cat=p&typeid=i","cat":284495},{"id":54512,"n":"Galettes épinards fromage Végé - 2x100g","p":1.99,"u":"9,95 €/KG","img":"https://fd8-photos.leclercdrive.fr/image.ashx?id=2865260&use=l&cat=p&typeid=i","cat":316036},{"id":54513,"n":"Falafels Végé - 200g","p":1.99,"u":"9,95 €/KG","img":"https://fd8-photos.leclercdrive.fr/image.ashx?id=2865266&use=l&cat=p&typeid=i","cat":316036},{"id":54520,"n":"Pâte a pizza Tablier Blanc Rectangle - 385g","p":1.3,"u":"3,38 €/KG","img":"https://fd8-photos.leclercdrive.fr/image.ashx?id=2635925&use=l&cat=p&typeid=i","cat":333681},{"id":54522,"n":"Pâte feuilletée Tablier Blanc A dérouler - x2 - 460g","p":1.48,"u":"3,22 €/KG","img":"https://fd8-photos.leclercdrive.fr/image.ashx?id=2635928&use=l&cat=p&typeid=i","cat":333681},{"id":54523,"n":"Nuggets végétales Végé - 200g","p":1.52,"u":"7,60 €/KG","img":"https://fd8-photos.leclercdrive.fr/image.ashx?id=2865263&use=l&cat=p&typeid=i","cat":316036},{"id":54524,"n":"Galettes petits légumes Végé - 2x100g","p":1.99,"u":"9,95 €/KG","img":"https://fd8-photos.leclercdrive.fr/image.ashx?id=2865269&use=l&cat=p&typeid=i","cat":316036},{"id":54525,"n":"Paëlla Royale Côté Table 800g","p":5.78,"u":"7,23 €/KG","img":"https://fd8-photos.leclercdrive.fr/image.ashx?id=2614488&use=l&cat=p&typeid=i","cat":333666},{"id":54540,"n":"AOC Crémant Limoux Aguila Brut - 75cl","p":6.57,"u":"8,76 €/L","img":"https://fd8-photos.leclercdrive.fr/image.ashx?id=2792243&use=l&cat=p&typeid=i","cat":284544},{"id":54604,"n":"Compote Charles & Alice Panachés P.Myrtilles - 12x100g","p":4.4,"u":"3,67 €/KG","img":"https://fd8-photos.leclercdrive.fr/image.ashx?id=2790654&use=l&cat=p&typeid=i","cat":284416},{"id":54612,"n":"Corn Flakes bio Bio Village Nature - 375g","p":2.4,"u":"6,40 €/KG","img":"https://fd8-photos.leclercdrive.fr/image.ashx?id=2835226&use=l&cat=p&typeid=i","cat":309513},{"id":54639,"n":"Mini rôtis de volaille  Maître Coq Forestière - 400g","p":8.95,"u":"22,38 €/KG","img":"https://fd8-photos.leclercdrive.fr/image.ashx?id=2962497&use=l&cat=p&typeid=i","cat":327289},{"id":54644,"n":"Mini rôtis de volaille  Maître Coq Nature  - 400g","p":8.95,"u":"22,38 €/KG","img":"https://fd8-photos.leclercdrive.fr/image.ashx?id=2962500&use=l&cat=p&typeid=i","cat":327289},{"id":54655,"n":"Sauce truffe noire Maître Coq 120g","p":2.3,"u":"19,17 €/KG","img":"https://fd8-photos.leclercdrive.fr/image.ashx?id=2540523&use=l&cat=p&typeid=i","cat":327293},{"id":54656,"n":"Sauce morilles Maître Coq 120g","p":2.3,"u":"19,17 €/KG","img":"https://fd8-photos.leclercdrive.fr/image.ashx?id=2164711&use=l&cat=p&typeid=i","cat":327293},{"id":54660,"n":"Rôti de dinde Maître Coq Forestier cuit - 700g","p":12.95,"u":"18,50 €/KG","img":"https://fd8-photos.leclercdrive.fr/image.ashx?id=2238939&use=l&cat=p&typeid=i","cat":327289},{"id":54665,"n":"Rôti de chapon farci Maître Coq Morille - 700g","p":16.95,"u":"24,21 €/KG","img":"https://fd8-photos.leclercdrive.fr/image.ashx?id=2831888&use=l&cat=p&typeid=i","cat":327289},{"id":54857,"n":"Polenta Turini  500g","p":1.19,"u":"2,38 €/KG","img":"https://fd8-photos.leclercdrive.fr/image.ashx?id=2682792&use=l&cat=p&typeid=i","cat":284431},{"id":54860,"n":"Mix apéritif Bio Village  Bio -  120g","p":2.74,"u":"22,83 €/KG","img":"https://fd8-photos.leclercdrive.fr/image.ashx?id=1944243&use=l&cat=p&typeid=i","cat":284448},{"id":54926,"n":"Mousse liégeoise Viennois  Café - 4x90g","p":1.81,"u":"5,03 €/KG","img":"https://fd8-photos.leclercdrive.fr/image.ashx?id=2729788&use=l&cat=p&typeid=i","cat":284417},{"id":54944,"n":"Cône Nestlé Extrême  Café intense - 6x71g","p":3.66,"u":"8,59 €/KG","img":"https://fd8-photos.leclercdrive.fr/image.ashx?id=3000435&use=l&cat=p&typeid=i","cat":284264},{"id":54956,"n":"Macarons Autour Du Dessert Assortiment - x12","p":4.82,"img":"https://fd8-photos.leclercdrive.fr/image.ashx?id=2546260&use=l&cat=p&typeid=i","cat":284267},{"id":54957,"n":"Cône Extrême Nestle Vanille Fraise - 6x71g","p":3.57,"u":"8,38 €/KG","img":"https://fd8-photos.leclercdrive.fr/image.ashx?id=2353113&use=l&cat=p&typeid=i","cat":284264},{"id":54958,"n":"Cône Extrême Nestle Menthe chocolat - 6x71g","p":3.65,"u":"8,57 €/KG","img":"https://fd8-photos.leclercdrive.fr/image.ashx?id=2737048&use=l&cat=p&typeid=i","cat":284264},{"id":54959,"n":"Cône Extrême Intense Nestle Pistache Chocolat - 6x71g","p":3.47,"u":"8,15 €/KG","img":"https://fd8-photos.leclercdrive.fr/image.ashx?id=2353116&use=l&cat=p&typeid=i","cat":284264},{"id":55065,"n":"AOP Champagne Tsarine Brut Cuvée Premium - 75cl","p":26.91,"u":"35,88 €/L","img":"https://fd8-photos.leclercdrive.fr/image.ashx?id=2757749&use=l&cat=p&typeid=i","cat":284542},{"id":55085,"n":"Fine chapelure de pain Tipiak  500g","p":1.22,"u":"2,44 €/KG","img":"https://fd8-photos.leclercdrive.fr/image.ashx?id=2648277&use=l&cat=p&typeid=i","cat":288382},{"id":55090,"n":"AOP Bordeaux rouge Mouton Cadet - 75cl","p":8.9,"u":"11,87 €/L","img":"https://fd8-photos.leclercdrive.fr/image.ashx?id=2959940&use=l&cat=p&typeid=i","cat":289556},{"id":55102,"n":"Dentifrice expert Bionaïa Menthe Bio - 75ml","p":1.79,"u":"23,87 €/L","img":"https://fd8-photos.leclercdrive.fr/image.ashx?id=2529540&use=l&cat=p&typeid=i","cat":284612},{"id":55115,"n":"Lingettes Mots d'Enfants Pockets - x20","p":1.19,"u":"0,06 €/P","img":"https://fd8-photos.leclercdrive.fr/image.ashx?id=2856549&use=l&cat=p&typeid=i","cat":284738},{"id":55144,"n":"Emincés de poulet Fleury Michon Rôti sans nitrite 2x75g","p":2.48,"u":"16,53 €/KG","img":"https://fd8-photos.leclercdrive.fr/image.ashx?id=2649804&use=l&cat=p&typeid=i","cat":316011},{"id":55145,"n":"Allumettes Fleury Michon Jambon cuit - 2x75g","p":1.23,"u":"8,20 €/KG","img":"https://fd8-photos.leclercdrive.fr/image.ashx?id=2651047&use=l&cat=p&typeid=i","cat":316011},{"id":55146,"n":"Jambon à poêler Fleury Michon 2x80g","p":2.62,"u":"16,38 €/KG","img":"https://fd8-photos.leclercdrive.fr/image.ashx?id=2975155&use=l&cat=p&typeid=i","cat":316009},{"id":55160,"n":"Brioche tréssée Pasquier Tranchée Pépite chocolat - 500g","p":2.82,"u":"5,64 €/KG","img":"https://fd8-photos.leclercdrive.fr/image.ashx?id=2971969&use=l&cat=p&typeid=i","cat":284478},{"id":55206,"n":"Plat bébé Blédina 12 mois Pâtes tomate jambon - 2x200g","p":2.6,"u":"6,50 €/KG","img":"https://fd8-photos.leclercdrive.fr/image.ashx?id=2975071&use=l&cat=p&typeid=i","cat":312237},{"id":55260,"n":"Rôti de porc supérieur L'Atelier Charcuterie x4 -180g","p":3.68,"u":"20,44 €/KG","img":"https://fd8-photos.leclercdrive.fr/image.ashx?id=2998856&use=l&cat=p&typeid=i","cat":316009},{"id":55262,"n":"Pâté Campagne Supérieur L'Atelier Charcuterie - 170g","p":2.08,"u":"12,24 €/KG","img":"https://fd8-photos.leclercdrive.fr/image.ashx?id=2905862&use=l&cat=p&typeid=i","cat":316008},{"id":55265,"n":"Mousse de canard Supérieure L'Atelier Charcuterie - 170g","p":2.71,"u":"15,94 €/KG","img":"https://fd8-photos.leclercdrive.fr/image.ashx?id=2882529&use=l&cat=p&typeid=i","cat":316008},{"id":55275,"n":"Bougie Bien Air Soirée d'hiver 30heures - x1","p":2.34,"img":"https://fd8-photos.leclercdrive.fr/image.ashx?id=2399755&use=l&cat=p&typeid=i","cat":284666},{"id":55276,"n":"Brosse adhésive  Mamison Textile 36 feuilles","p":2.29,"img":"https://fd8-photos.leclercdrive.fr/image.ashx?id=1063565&use=l&cat=p&typeid=i","cat":284669},{"id":55277,"n":"Corn flakes sans sucre ajouté  bio Terres et Céréales - 450g","p":3.71,"u":"8,24 €/KG","img":"https://fd8-photos.leclercdrive.fr/image.ashx?id=2471910&use=l&cat=p&typeid=i","cat":318653},{"id":55278,"n":"Café grains Bio Ethiquable  100% arabica Colombie - 500g","p":11.14,"u":"22,28 €/KG","img":"https://fd8-photos.leclercdrive.fr/image.ashx?id=2876848&use=l&cat=p&typeid=i","cat":293237},{"id":55279,"n":"Café grains Bio Ethiquable  100% arabica Honduras - 1kg","p":18.12,"u":"18,12 €/KG","img":"https://fd8-photos.leclercdrive.fr/image.ashx?id=2876857&use=l&cat=p&typeid=i","cat":293237},{"id":55281,"n":"Bougies d'anniversaire Ardence Bleues - x24","p":0.95,"u":"0,04 €/P","img":"https://fd8-photos.leclercdrive.fr/image.ashx?id=2980480&use=l&cat=p&typeid=i","cat":335913},{"id":55283,"n":"Bougies d'anniversaire Ardence Blanches  - x24","p":0.95,"u":"0,04 €/P","img":"https://fd8-photos.leclercdrive.fr/image.ashx?id=2980486&use=l&cat=p&typeid=i","cat":335913},{"id":55284,"n":"Bougies d'anniversaire Ardence  x8 avec chiffres et support","p":1.5,"img":"https://fd8-photos.leclercdrive.fr/image.ashx?id=2980489&use=l&cat=p&typeid=i","cat":335913},{"id":55356,"n":"AOP Beaumes de Venise rouge 75cl","p":7.75,"u":"10,33 €/L","img":"https://fd8-photos.leclercdrive.fr/image.ashx?id=1758325&use=l&cat=p&typeid=i","cat":289556},{"id":55377,"n":"Bougie Bien Air Fruits rouges 30heures - x1","p":2.19,"img":"https://fd8-photos.leclercdrive.fr/image.ashx?id=2939073&use=l&cat=p&typeid=i","cat":284666},{"id":55381,"n":"Cacahuètes Tokapi  Grillées à sec - 120g","p":0.47,"u":"3,92 €/KG","img":"https://fd8-photos.leclercdrive.fr/image.ashx?id=2799778&use=l&cat=p&typeid=i","cat":284448},{"id":55415,"n":"Bougie Bien Air Anti-tabac 30h - x1","p":1.83,"img":"https://fd8-photos.leclercdrive.fr/image.ashx?id=2999613&use=l&cat=p&typeid=i","cat":284666},{"id":55416,"n":"Recharge adhésive Mamison  36 feuilles-  x2","p":2.22,"img":"https://fd8-photos.leclercdrive.fr/image.ashx?id=1066450&use=l&cat=p&typeid=i","cat":284669},{"id":55429,"n":"Crème Chantilly UHT Président Aérosol sucré aromatisé - 250g","p":3.05,"u":"12,20 €/KG","img":"https://fd8-photos.leclercdrive.fr/image.ashx?id=2860169&use=l&cat=p&typeid=i","cat":284382},{"id":55435,"n":"Sardines à l'huile d'olive  Connétable - 3x55g","p":3.7,"u":"22,42 €/KG","img":"https://fd8-photos.leclercdrive.fr/image.ashx?id=2139052&use=l&cat=p&typeid=i","cat":305146},{"id":55439,"n":"Salade Niçoise Côté Snack Au thon - 250g","p":1.8,"u":"7,20 €/KG","img":"https://fd8-photos.leclercdrive.fr/image.ashx?id=2868316&use=l&cat=p&typeid=i","cat":284437},{"id":55442,"n":"Salade Parisienne Côté Snack Au thon - 250g","p":2.49,"u":"9,96 €/KG","img":"https://fd8-photos.leclercdrive.fr/image.ashx?id=2905919&use=l&cat=p&typeid=i","cat":284437},{"id":55469,"n":"Pain brioché Schar Sans gluten - 370g","p":3.92,"u":"10,59 €/KG","img":"https://fd8-photos.leclercdrive.fr/image.ashx?id=2137057&use=l&cat=p&typeid=i","cat":318654},{"id":55472,"n":"Mix Pane Schar Sans gluten - 1kg","p":6.2,"u":"6,20 €/KG","img":"https://fd8-photos.leclercdrive.fr/image.ashx?id=2439947&use=l&cat=p&typeid=i","cat":318654},{"id":55483,"n":"Baguette Schar Sans gluten - 350g","p":3.95,"u":"11,29 €/KG","img":"https://fd8-photos.leclercdrive.fr/image.ashx?id=2209687&use=l&cat=p&typeid=i","cat":318654},{"id":55573,"n":"Soda Coca-Cola Original Bouteille - 1L","p":1.7,"u":"1,70 €/L","img":"https://fd8-photos.leclercdrive.fr/image.ashx?id=2194409&use=l&cat=p&typeid=i","cat":284530},{"id":55585,"n":"Verrines avocat crevettes x6 pièces - 270g","p":6.98,"u":"25,85 €/KG","img":"https://fd8-photos.leclercdrive.fr/image.ashx?id=2309972&use=l&cat=p&typeid=i","cat":327280},{"id":55586,"n":"Verrines de Tomate et Thon x6 pièces - 270g","p":10.19,"u":"37,74 €/KG","img":"https://fd8-photos.leclercdrive.fr/image.ashx?id=2445367&use=l&cat=p&typeid=i","cat":316003},{"id":55642,"n":"Ramette Esquisse x500 - A4 - 100g - Ultra blanc","p":7.9,"img":"https://fd8-photos.leclercdrive.fr/image.ashx?id=2943250&use=l&cat=p&typeid=i","cat":284697},{"id":55669,"n":"Bâton de colle Esquisse 5x10g","p":2.39,"u":"47,80 €/KG","img":"https://fd8-photos.leclercdrive.fr/image.ashx?id=2943253&use=l&cat=p&typeid=i","cat":334133},{"id":55670,"n":"Bâton de colle Esquisse 10x10g","p":3.59,"u":"35,90 €/KG","img":"https://fd8-photos.leclercdrive.fr/image.ashx?id=2943256&use=l&cat=p&typeid=i","cat":334133},{"id":55688,"n":"Stylo roller Pilot FriXion Ball Rechargeables - Effaçables - x4","p":7.3,"u":"1,83 €/P","img":"https://fd8-photos.leclercdrive.fr/image.ashx?id=2549576&use=l&cat=p&typeid=i","cat":284696},{"id":55700,"n":"Haricots Verts Cassegrain Extra Fins Ceuillis main 110g","p":1.34,"u":"12,18 €/KG","img":"https://fd8-photos.leclercdrive.fr/image.ashx?id=2913034&use=l&cat=p&typeid=i","cat":312606},{"id":55786,"n":"Crêpe fourrée Whaou Chocolat / Noisette x8 - 256g","p":2.34,"u":"9,14 €/KG","img":"https://fd8-photos.leclercdrive.fr/image.ashx?id=2962857&use=l&cat=p&typeid=i","cat":284494},{"id":55810,"n":"Chipolatas bio - Bio Village  x5 - 275g","p":4.69,"u":"17,05 €/KG","img":"https://fd8-photos.leclercdrive.fr/image.ashx?id=2886478&use=l&cat=p&typeid=i","cat":284334},{"id":55816,"n":"Lingettes désinfectantes 2en1 x10 lingettes","p":1.52,"img":"https://fd8-photos.leclercdrive.fr/image.ashx?id=2832981&use=l&cat=p&typeid=i","cat":284630},{"id":55887,"n":"Bougie Bien Air Vanille Caramel 30h - x1","p":1.8,"img":"https://fd8-photos.leclercdrive.fr/image.ashx?id=2399761&use=l&cat=p&typeid=i","cat":284666},{"id":55949,"n":"Riz soja bio Céréal Bio  à l'espagnol repas express-220g","p":2.29,"u":"10,41 €/KG","img":"https://fd8-photos.leclercdrive.fr/image.ashx?id=2575093&use=l&cat=p&typeid=i","cat":287600},{"id":56119,"n":"Champagne Alfred Rothschild Demi-sec, 12%vol - 75cl","p":21.86,"u":"29,15 €/L","img":"https://fd8-photos.leclercdrive.fr/image.ashx?id=2254172&use=l&cat=p&typeid=i","cat":284542},{"id":56155,"n":"Jambon des Pyrénées NRT x4 - 100g","p":2.99,"u":"29,90 €/KG","img":"https://fd8-photos.leclercdrive.fr/image.ashx?id=2670452&use=l&cat=p&typeid=i","cat":316007},{"id":56156,"n":"Saucisson sec des Pyrénées NRT 250g","p":4.49,"u":"17,96 €/KG","img":"https://fd8-photos.leclercdrive.fr/image.ashx?id=2917178&use=l&cat=p&typeid=i","cat":316006},{"id":56160,"n":"Assortiment de charcuteries Savoyardes - NRT - 200g","p":6.29,"u":"31,45 €/KG","img":"https://fd8-photos.leclercdrive.fr/image.ashx?id=2753529&use=l&cat=p&typeid=i","cat":316007},{"id":56418,"n":"Vinaigre de cidre Bio Village Bio 75cl","p":2.09,"u":"2,79 €/L","img":"https://fd8-photos.leclercdrive.fr/image.ashx?id=1069902&use=l&cat=p&typeid=i","cat":298543},{"id":56435,"n":"Bouillon Kub Or Maggi  Déshydraté dégraissé - 128g","p":1.62,"u":"12,66 €/KG","img":"https://fd8-photos.leclercdrive.fr/image.ashx?id=2953977&use=l&cat=p&typeid=i","cat":288379},{"id":56440,"n":"Biscuit Citron Yuzu GERBLE  sans sucre 6 132g","p":1.89,"u":"14,32 €/KG","img":"https://fd8-photos.leclercdrive.fr/image.ashx?id=2664016&use=l&cat=p&typeid=i","cat":318653},{"id":56444,"n":"Biscuits chocolat amande GERBLE  - 4x4, 200g","p":1.8,"u":"9,00 €/KG","img":"https://fd8-photos.leclercdrive.fr/image.ashx?id=2967004&use=l&cat=p&typeid=i","cat":318651},{"id":56452,"n":"Cookie Cacao GERBLE  sans sucres - 130g","p":2.36,"u":"18,15 €/KG","img":"https://fd8-photos.leclercdrive.fr/image.ashx?id=2575057&use=l&cat=p&typeid=i","cat":318653},{"id":56456,"n":"Biscuit Coco GERBLE  sans sucre - 132g","p":1.93,"u":"14,62 €/KG","img":"https://fd8-photos.leclercdrive.fr/image.ashx?id=2662826&use=l&cat=p&typeid=i","cat":318653},{"id":56457,"n":"Biscuit Sésame Vanille GERBLE  sans sucres - 132g","p":1.96,"u":"14,85 €/KG","img":"https://fd8-photos.leclercdrive.fr/image.ashx?id=2664013&use=l&cat=p&typeid=i","cat":318653},{"id":56464,"n":"Biscuit fourré cacao GERBLE   sans sucre 6 185g","p":2.74,"u":"14,81 €/KG","img":"https://fd8-photos.leclercdrive.fr/image.ashx?id=2662832&use=l&cat=p&typeid=i","cat":318653},{"id":56468,"n":"Goûters 4S aux pommes Gerblé 360g","p":2.25,"u":"6,25 €/KG","img":"https://fd8-photos.leclercdrive.fr/image.ashx?id=2860907&use=l&cat=p&typeid=i","cat":318651},{"id":56470,"n":"Boisson orange ISOSTAR  Poudre energétique  400 g","p":7.23,"u":"18,08 €/KG","img":"https://fd8-photos.leclercdrive.fr/image.ashx?id=2663045&use=l&cat=p&typeid=i","cat":318652},{"id":56510,"n":"Préfou de Vendée NRT A l'ail - 280g","p":3.99,"u":"14,25 €/KG","img":"https://fd8-photos.leclercdrive.fr/image.ashx?id=2743891&use=l&cat=p&typeid=i","cat":316003},{"id":56511,"n":"Galettes sarrasin Bretagne NRT x6 - 300g","p":1.89,"u":"6,30 €/KG","img":"https://fd8-photos.leclercdrive.fr/image.ashx?id=2770268&use=l&cat=p&typeid=i","cat":333672},{"id":56517,"n":"Eau minérale naturelle Contrex 6x1.5L","p":3.0,"u":"0,33 €/L","img":"https://fd8-photos.leclercdrive.fr/image.ashx?id=2758773&use=l&cat=p&typeid=i","cat":284535},{"id":56547,"n":"Flocons d'avoine bio Bio Village - 500g","p":1.48,"u":"2,96 €/KG","img":"https://fd8-photos.leclercdrive.fr/image.ashx?id=2688243&use=l&cat=p&typeid=i","cat":309512},{"id":56561,"n":"Croquettes chat Plénima Sensible - 450g","p":2.22,"u":"4,93 €/KG","img":"https://fd8-photos.leclercdrive.fr/image.ashx?id=2970744&use=l&cat=p&typeid=i","cat":284680},{"id":56571,"n":"Tomates entières pelées bio Bio Village - 240g","p":1.04,"u":"4,33 €/KG","img":"https://fd8-photos.leclercdrive.fr/image.ashx?id=2302982&use=l&cat=p&typeid=i","cat":312608},{"id":56574,"n":"Sel Fin de Table Rustica Boîte verseuse 500g","p":0.46,"u":"0,92 €/KG","img":"https://fd8-photos.leclercdrive.fr/image.ashx?id=2050681&use=l&cat=p&typeid=i","cat":284457},{"id":56578,"n":"IGP Poulet Auvergne fermier Blanc Label Rouge - 1,5kg","p":12.42,"u":"8,28 €/KG","img":"https://fd8-photos.leclercdrive.fr/image.ashx?id=2526854&use=l&cat=p&typeid=i","cat":284336},{"id":56609,"n":"Fromage à tartiner Madame Loïk Fouetté Nature - 320g","p":3.25,"u":"10,16 €/KG","img":"https://fd8-photos.leclercdrive.fr/image.ashx?id=2967798&use=l&cat=p&typeid=i","cat":314029},{"id":56610,"n":"Fromage à tartiner Madame Loïk Fouetté Nature - 180g","p":2.02,"u":"11,22 €/KG","img":"https://fd8-photos.leclercdrive.fr/image.ashx?id=2948015&use=l&cat=p&typeid=i","cat":314029},{"id":56679,"n":"Biscuits Milka Choco suprême - 3x180g","p":6.28,"u":"11,63 €/KG","img":"https://fd8-photos.leclercdrive.fr/image.ashx?id=2792948&use=l&cat=p&typeid=i","cat":284488},{"id":56683,"n":"Pur jus d'ananas Bio Village  Bio - 1L","p":3.81,"u":"3,81 €/L","img":"https://fd8-photos.leclercdrive.fr/image.ashx?id=2901539&use=l&cat=p&typeid=i","cat":284916},{"id":56767,"n":"Vinaigre balsamique Rustica De Modène - 25cl","p":1.27,"u":"5,08 €/L","img":"https://fd8-photos.leclercdrive.fr/image.ashx?id=2777812&use=l&cat=p&typeid=i","cat":298543},{"id":56770,"n":"Fleur de sel de Guérande IGP  NRT - 125g","p":2.49,"u":"19,92 €/KG","img":"https://fd8-photos.leclercdrive.fr/image.ashx?id=2644924&use=l&cat=p&typeid=i","cat":284457},{"id":56831,"n":"Nuggets de poulet Maître Coq Sachet - 1kg","p":5.54,"u":"5,54 €/KG","img":"https://fd8-photos.leclercdrive.fr/image.ashx?id=2936404&use=l&cat=p&typeid=i","cat":319780},{"id":56845,"n":"Bâtonnets de poisson Findus  Colin d'Alaska MSC x16 - 448g","p":4.41,"u":"9,84 €/KG","img":"https://fd8-photos.leclercdrive.fr/image.ashx?id=2650684&use=l&cat=p&typeid=i","cat":319788},{"id":56852,"n":"Tablette de chocolat Côte d'or Lait Noisette - 4x180g","p":8.56,"u":"11,89 €/KG","img":"https://fd8-photos.leclercdrive.fr/image.ashx?id=2168660&use=l&cat=p&typeid=i","cat":284497},{"id":56861,"n":"Mini-flûtes Tokapi Tomate/olive/origan - 100g","p":1.59,"u":"15,90 €/KG","img":"https://fd8-photos.leclercdrive.fr/image.ashx?id=2374058&use=l&cat=p&typeid=i","cat":297000},{"id":56862,"n":"Couscous Comptoir du Grain  Fin - 1kg","p":2.17,"u":"2,17 €/KG","img":"https://fd8-photos.leclercdrive.fr/image.ashx?id=3012857&use=l&cat=p&typeid=i","cat":284429},{"id":56872,"n":"Tartiflette Côté Table  350g","p":2.9,"u":"8,29 €/KG","img":"https://fd8-photos.leclercdrive.fr/image.ashx?id=2970456&use=l&cat=p&typeid=i","cat":284953},{"id":56873,"n":"Hachis parmentier Côté Table 350g","p":2.53,"u":"7,23 €/KG","img":"https://fd8-photos.leclercdrive.fr/image.ashx?id=2393893&use=l&cat=p&typeid=i","cat":284953},{"id":56874,"n":"Lasagnes bolognaise Côté Table Barquette - 350g","p":2.39,"u":"6,83 €/KG","img":"https://fd8-photos.leclercdrive.fr/image.ashx?id=2476164&use=l&cat=p&typeid=i","cat":284953},{"id":56883,"n":"Recharge essential mist AirWick Jasmin étoile - 20ml","p":5.08,"u":"254,00 €/L","img":"https://fd8-photos.leclercdrive.fr/image.ashx?id=1596122&use=l&cat=p&typeid=i","cat":311629},{"id":56885,"n":"Gel coiffant Vitanove Effet invisible - 300ml","p":1.96,"u":"6,53 €/L","img":"https://fd8-photos.leclercdrive.fr/image.ashx?id=2275418&use=l&cat=p&typeid=i","cat":284609},{"id":56889,"n":"Gel soin visage charbon Garnier Anti-Points Noirs - 150ml","p":4.26,"u":"28,40 €/L","img":"https://fd8-photos.leclercdrive.fr/image.ashx?id=2634190&use=l&cat=p&typeid=i","cat":284603},{"id":56935,"n":"Pâte à tartiner Nutella 400g","p":3.36,"u":"8,40 €/KG","img":"https://fd8-photos.leclercdrive.fr/image.ashx?id=2935645&use=l&cat=p&typeid=i","cat":284481},{"id":56953,"n":"Cordons bleus Côté Croc Au poulet x2 - 200g","p":1.59,"u":"7,95 €/KG","img":"https://fd8-photos.leclercdrive.fr/image.ashx?id=2801046&use=l&cat=p&typeid=i","cat":333683},{"id":56967,"n":"Biscuits déli Matin P'tit Deli Pepites chocolat -  600g","p":3.31,"u":"5,52 €/KG","img":"https://fd8-photos.leclercdrive.fr/image.ashx?id=2999514&use=l&cat=p&typeid=i","cat":284491},{"id":56975,"n":"Saucisson sec Saint-Azay Pur porc - 250g","p":4.09,"u":"16,36 €/KG","img":"https://fd8-photos.leclercdrive.fr/image.ashx?id=2861422&use=l&cat=p&typeid=i","cat":316006},{"id":56991,"n":"Eau de javel Clair Citron - 3x250ml","p":1.3,"u":"1,73 €/L","img":"https://fd8-photos.leclercdrive.fr/image.ashx?id=1073466&use=l&cat=p&typeid=i","cat":284661},{"id":56994,"n":"Pancakes Epi d'or x6 - 200g","p":2.63,"u":"13,15 €/KG","img":"https://fd8-photos.leclercdrive.fr/image.ashx?id=1905500&use=l&cat=p&typeid=i","cat":288858},{"id":56996,"n":"Jus de fruit Jafaden  Pur jus multifruits - 2L","p":2.59,"u":"1,30 €/L","img":"https://fd8-photos.leclercdrive.fr/image.ashx?id=2920196&use=l&cat=p&typeid=i","cat":284917},{"id":57007,"n":"Fromage tartiflette Les Croisés 27%mg - 250g","p":2.88,"u":"11,52 €/KG","img":"https://fd8-photos.leclercdrive.fr/image.ashx?id=2793248&use=l&cat=p&typeid=i","cat":314037},{"id":57017,"n":"Friandises chat Catisfactions Poulet - 60g","p":1.05,"u":"17,50 €/KG","img":"https://fd8-photos.leclercdrive.fr/image.ashx?id=2914762&use=l&cat=p&typeid=i","cat":285285},{"id":57020,"n":"Ossau iraty NRT AOP  Fromage de brebis - 200g","p":3.99,"u":"19,95 €/KG","img":"https://fd8-photos.leclercdrive.fr/image.ashx?id=2342632&use=l&cat=p&typeid=i","cat":329184},{"id":57030,"n":"Fromage Morbier NRT AOP  250g","p":3.59,"u":"14,36 €/KG","img":"https://fd8-photos.leclercdrive.fr/image.ashx?id=2624034&use=l&cat=p&typeid=i","cat":329184},{"id":57034,"n":"Fromage Mini Mont d'Or NRT AOP  x1 - 400g","p":8.85,"u":"22,13 €/KG","img":"https://fd8-photos.leclercdrive.fr/image.ashx?id=2934844&use=l&cat=p&typeid=i","cat":314037},{"id":57040,"n":"Bière blanche 1664 Blanc 5° - 6x25cl","p":4.69,"u":"3,13 €/L","img":"https://fd8-photos.leclercdrive.fr/image.ashx?id=2886699&use=l&cat=p&typeid=i","cat":334878},{"id":57041,"n":"Bière blonde 1664 5,5° - 6x33cl canettes","p":4.99,"pp":3.29,"u":"1,66 €/L","img":"https://fd8-photos.leclercdrive.fr/image.ashx?id=2887566&use=l&cat=p&typeid=i","cat":334853},{"id":57044,"n":"Bière blonde Kronenbourg 4,2° - 12x33cl canettes","p":7.64,"u":"1,93 €/L","img":"https://fd8-photos.leclercdrive.fr/image.ashx?id=2854366&use=l&cat=p&typeid=i","cat":334853},{"id":57045,"n":"Bière blonde Kronenbourg 4,2° - 6x33cl canettes","p":3.96,"u":"2,00 €/L","img":"https://fd8-photos.leclercdrive.fr/image.ashx?id=2212581&use=l&cat=p&typeid=i","cat":334853},{"id":57060,"n":"Choux de Bruxelles 500g","p":1.99,"u":"3,98 €/KG","img":"https://fd8-photos.leclercdrive.fr/image.ashx?id=598741&use=l&cat=p&typeid=i","cat":284352},{"id":57073,"n":"Tarte aux pommes 500g","p":7.17,"u":"14,34 €/KG","img":"https://fd8-photos.leclercdrive.fr/image.ashx?id=1678925&use=l&cat=p&typeid=i","cat":284360},{"id":57080,"n":"Fromage frais nature Bio Bio village - 4x100g","p":1.85,"u":"4,63 €/KG","img":"https://fd8-photos.leclercdrive.fr/image.ashx?id=2839947&use=l&cat=p&typeid=i","cat":284409},{"id":57116,"n":"Moelleux au chocolat 450g","p":6.55,"u":"14,56 €/KG","img":"https://fd8-photos.leclercdrive.fr/image.ashx?id=2795779&use=l&cat=p&typeid=i","cat":293600},{"id":57119,"n":"Super décapant cuisine Briochin Ecocert - 1L","p":3.9,"u":"3,90 €/L","img":"https://fd8-photos.leclercdrive.fr/image.ashx?id=3011401&use=l&cat=p&typeid=i","cat":325357},{"id":57121,"n":"Nettoyant salle de bain 3en1 Briochin - Ecocert - 750mL","p":3.24,"u":"4,32 €/L","img":"https://fd8-photos.leclercdrive.fr/image.ashx?id=3011398&use=l&cat=p&typeid=i","cat":325357},{"id":57151,"n":"Mousse Délisse Chocolat au lait - 8x60g","p":2.25,"u":"4,69 €/KG","img":"https://fd8-photos.leclercdrive.fr/image.ashx?id=3009517&use=l&cat=p&typeid=i","cat":284417},{"id":57183,"n":"Fromage blanc  Lait brebis - 400g","p":2.09,"u":"5,23 €/KG","img":"https://fd8-photos.leclercdrive.fr/image.ashx?id=1735724&use=l&cat=p&typeid=i","cat":314998},{"id":57189,"n":"Yaourt lait brebis Délisse Citron - 4x125g","p":2.39,"u":"4,78 €/KG","img":"https://fd8-photos.leclercdrive.fr/image.ashx?id=1889797&use=l&cat=p&typeid=i","cat":314998},{"id":57274,"n":"Boisson aux fruits Oasis Goût Pomme Cassis Framboise 1L","p":1.82,"u":"1,82 €/L","img":"https://fd8-photos.leclercdrive.fr/image.ashx?id=3011083&use=l&cat=p&typeid=i","cat":295018},{"id":57284,"n":"AOC Prosecco Riccadonna Extra Dry - 11° - 75cl","p":6.29,"u":"8,39 €/L","img":"https://fd8-photos.leclercdrive.fr/image.ashx?id=2666303&use=l&cat=p&typeid=i","cat":289461},{"id":57288,"n":"Jeunes pousses & roquettes  Bonduelle - 145g","p":2.09,"u":"14,41 €/KG","img":"https://fd8-photos.leclercdrive.fr/image.ashx?id=2862128&use=l&cat=p&typeid=i","cat":284353},{"id":57314,"n":"Risotto Fleury Michon Poulet et cèpes - 280g","p":3.2,"u":"11,43 €/KG","img":"https://fd8-photos.leclercdrive.fr/image.ashx?id=3003281&use=l&cat=p&typeid=i","cat":333665},{"id":57354,"n":"Duo de Sel & Poivre La Baleine Sel 50G - Poivre 18G","p":2.51,"u":"36,91 €/KG","img":"https://fd8-photos.leclercdrive.fr/image.ashx?id=1752097&use=l&cat=p&typeid=i","cat":284457},{"id":57387,"n":"Crème Saint Agur  250g","p":3.98,"u":"15,92 €/KG","img":"https://fd8-photos.leclercdrive.fr/image.ashx?id=2414160&use=l&cat=p&typeid=i","cat":314029},{"id":57391,"n":"Salade Garden Sodebo Caesar Poulet - 240g","p":3.92,"u":"16,33 €/KG","img":"https://fd8-photos.leclercdrive.fr/image.ashx?id=2939496&use=l&cat=p&typeid=i","cat":333657},{"id":57410,"n":"Croissants Croustipâte x4 - 240g","p":1.65,"u":"6,88 €/KG","img":"https://fd8-photos.leclercdrive.fr/image.ashx?id=2886100&use=l&cat=p&typeid=i","cat":333681},{"id":57435,"n":"Fromage blanc Bio Vrai Lait de brebis - 400g","p":2.3,"u":"5,75 €/KG","img":"https://fd8-photos.leclercdrive.fr/image.ashx?id=2517495&use=l&cat=p&typeid=i","cat":314998},{"id":57627,"n":"Bacon Bio Village 10 tranches bio 100g","p":2.29,"u":"22,90 €/KG","img":"https://fd8-photos.leclercdrive.fr/image.ashx?id=1921536&use=l&cat=p&typeid=i","cat":316007},{"id":57649,"n":"Pain caviar d'Aubergines Sauce Tomate au Basilic - 570g","p":6.96,"u":"12,21 €/KG","img":"https://fd8-photos.leclercdrive.fr/image.ashx?id=2981016&use=l&cat=p&typeid=i","cat":315999},{"id":57650,"n":"Taboulé Jean Martin  3/4 personnes - 630g","p":5.44,"u":"8,63 €/KG","img":"https://fd8-photos.leclercdrive.fr/image.ashx?id=2989156&use=l&cat=p&typeid=i","cat":325094},{"id":57684,"n":"Repas soir bio 12mois Babybio Panais legumes boulghour 230g","p":1.91,"u":"8,30 €/KG","img":"https://fd8-photos.leclercdrive.fr/image.ashx?id=2859359&use=l&cat=p&typeid=i","cat":312239},{"id":57685,"n":"Pots bébé bio Babybio Légumes poulet - 6 mois - 400g","p":2.94,"u":"7,35 €/KG","img":"https://fd8-photos.leclercdrive.fr/image.ashx?id=2827422&use=l&cat=p&typeid=i","cat":312236},{"id":57687,"n":"Repas du soir Babybio - 8 mois Bio Patates douces - 2x200g","p":2.82,"u":"7,05 €/KG","img":"https://fd8-photos.leclercdrive.fr/image.ashx?id=2168291&use=l&cat=p&typeid=i","cat":312239},{"id":57688,"n":"Bols soir bébé bio Babybio Purée, courgette -8 mois-2x200g","p":2.88,"u":"7,20 €/KG","img":"https://fd8-photos.leclercdrive.fr/image.ashx?id=2859365&use=l&cat=p&typeid=i","cat":312239},{"id":57690,"n":"Assiette bébé soir bio Babybio Gratin de légumes -15 mois-260g","p":2.04,"u":"7,85 €/KG","img":"https://fd8-photos.leclercdrive.fr/image.ashx?id=2827539&use=l&cat=p&typeid=i","cat":312239},{"id":57691,"n":"Gourde bébé Babybio Bio 6 mois Pomme/poire/pêche - 4x90g","p":3.15,"u":"8,75 €/KG","img":"https://fd8-photos.leclercdrive.fr/image.ashx?id=2733319&use=l&cat=p&typeid=i","cat":312393},{"id":57692,"n":"Gourde bébé Babybio - 6 mois Bio banane millet / Poire-4x90g","p":3.79,"u":"10,53 €/KG","img":"https://fd8-photos.leclercdrive.fr/image.ashx?id=2858234&use=l&cat=p&typeid=i","cat":312393},{"id":57693,"n":"Crème dessert bébé bio Babybio  Semoule cacao -8 mois- 4x85g","p":3.54,"u":"10,41 €/KG","img":"https://fd8-photos.leclercdrive.fr/image.ashx?id=2834527&use=l&cat=p&typeid=i","cat":312393},{"id":57694,"n":"Crème dessert bébé bio Babybio  Semoule vanille -6 mois- 4x85g","p":3.54,"u":"10,41 €/KG","img":"https://fd8-photos.leclercdrive.fr/image.ashx?id=2834530&use=l&cat=p&typeid=i","cat":312393},{"id":57696,"n":"Pots bébé bio Babybio - 6 mois  Légumes pâtes boeuf - 2x200g","p":3.11,"u":"7,78 €/KG","img":"https://fd8-photos.leclercdrive.fr/image.ashx?id=2838301&use=l&cat=p&typeid=i","cat":312236},{"id":57703,"n":"Bols bébé soir bio Babybio Légumes pâtes - 8 mois - 2x200g","p":2.88,"u":"7,20 €/KG","img":"https://fd8-photos.leclercdrive.fr/image.ashx?id=2838311&use=l&cat=p&typeid=i","cat":312239},{"id":57705,"n":"Compote bébé Babybio Bio 4 mois Mirabelle Pomme - 2x130g","p":2.06,"u":"7,92 €/KG","img":"https://fd8-photos.leclercdrive.fr/image.ashx?id=2834518&use=l&cat=p&typeid=i","cat":312387},{"id":57710,"n":"Assiette Babybio bio Panais petits pois canard- 260g","p":2.2,"u":"8,46 €/KG","img":"https://fd8-photos.leclercdrive.fr/image.ashx?id=2827536&use=l&cat=p&typeid=i","cat":312238},{"id":57717,"n":"Repas du soir carotte Babybio bio 12 mois Maïs Quinoa - 230g","p":1.98,"u":"8,61 €/KG","img":"https://fd8-photos.leclercdrive.fr/image.ashx?id=2875387&use=l&cat=p&typeid=i","cat":312239},{"id":57720,"n":"Repas bébé Babybio - 8 mois Pomme de terre/Chevre - 2x200g","p":2.99,"u":"7,48 €/KG","img":"https://fd8-photos.leclercdrive.fr/image.ashx?id=2827524&use=l&cat=p&typeid=i","cat":312235},{"id":57760,"n":"Assiette bébé soir bio Babybio Aubergine pâtes -15 mois- 260g","p":1.97,"u":"7,58 €/KG","img":"https://fd8-photos.leclercdrive.fr/image.ashx?id=2855912&use=l&cat=p&typeid=i","cat":312239},{"id":57764,"n":"Pâtes Farfalle Panzani  3 Minutes - 500G","p":1.23,"u":"2,46 €/KG","img":"https://fd8-photos.leclercdrive.fr/image.ashx?id=2896090&use=l&cat=p&typeid=i","cat":284427},{"id":57767,"n":"Tablette de chocolat noir Lindt Framboise intense - 100g","p":2.39,"u":"23,90 €/KG","img":"https://fd8-photos.leclercdrive.fr/image.ashx?id=2689484&use=l&cat=p&typeid=i","cat":318654},{"id":57768,"n":"Tablette de chocolat noir Lindt Sésame grillé - 100g","p":2.4,"u":"24,00 €/KG","img":"https://fd8-photos.leclercdrive.fr/image.ashx?id=2689490&use=l&cat=p&typeid=i","cat":284956},{"id":57772,"n":"Chocolat noir Lindt Création Menthe frappée - 150g","p":3.09,"u":"20,60 €/KG","img":"https://fd8-photos.leclercdrive.fr/image.ashx?id=2685817&use=l&cat=p&typeid=i","cat":284956},{"id":57779,"n":"Capsules café Plantation Espresso n°5 - x16 - 92g","p":2.69,"u":"29,24 €/KG","img":"https://fd8-photos.leclercdrive.fr/image.ashx?id=2649729&use=l&cat=p&typeid=i","cat":293239},{"id":57782,"n":"Capsules café Plantation Cappuccino - 2x8 - 166g","p":3.45,"u":"20,78 €/KG","img":"https://fd8-photos.leclercdrive.fr/image.ashx?id=2856558&use=l&cat=p&typeid=i","cat":293239},{"id":57783,"n":"Capsules café Plantation Espresso forte n°7 - x16 - 105g","p":2.99,"u":"28,48 €/KG","img":"https://fd8-photos.leclercdrive.fr/image.ashx?id=2649732&use=l&cat=p&typeid=i","cat":293239},{"id":57785,"n":"Capsules café Plantation Lungo n°6 - x16 - 99.2g","p":2.69,"u":"27,17 €/KG","img":"https://fd8-photos.leclercdrive.fr/image.ashx?id=2649735&use=l&cat=p&typeid=i","cat":293239},{"id":57786,"n":"Capsules café Plantation Gigante n°5 - x16 - 112g","p":2.99,"u":"26,70 €/KG","img":"https://fd8-photos.leclercdrive.fr/image.ashx?id=2649738&use=l&cat=p&typeid=i","cat":293239},{"id":57787,"n":"Céréales Jordans Country Crisp 4 Noix - 850g","p":4.81,"u":"5,66 €/KG","img":"https://fd8-photos.leclercdrive.fr/image.ashx?id=2860520&use=l&cat=p&typeid=i","cat":309512},{"id":57796,"n":"Bonbons KINDER Schoko-Bons Chocolat au lait - 300G","p":5.0,"u":"16,67 €/KG","img":"https://fd8-photos.leclercdrive.fr/image.ashx?id=2439692&use=l&cat=p&typeid=i","cat":304238},{"id":57804,"n":"Tomato Ketchup Heinz - 570g","p":2.25,"u":"3,95 €/KG","img":"https://fd8-photos.leclercdrive.fr/image.ashx?id=2924944&use=l&cat=p&typeid=i","cat":284455},{"id":57812,"n":"Petits pots bébé P'TITE RECETTE Couscous 8M+ - 2x200g","p":1.88,"u":"4,70 €/KG","img":"https://fd8-photos.leclercdrive.fr/image.ashx?id=2525696&use=l&cat=p&typeid=i","cat":312236},{"id":57814,"n":"Petits pots bébé P'TITE RECETTE Hachis Parmentier 8M+ - 2x200g","p":1.85,"u":"4,63 €/KG","img":"https://fd8-photos.leclercdrive.fr/image.ashx?id=2629689&use=l&cat=p&typeid=i","cat":312236},{"id":57815,"n":"Petits pots bébé P'TITE RECETTE Spaghetti bolognaise 8m -2x200g","p":1.83,"u":"4,58 €/KG","img":"https://fd8-photos.leclercdrive.fr/image.ashx?id=2629683&use=l&cat=p&typeid=i","cat":312236},{"id":57816,"n":"Petits pots bébé P'TITE RECETTE Pot au feu 8M+ - 2x200g","p":2.19,"u":"5,48 €/KG","img":"https://fd8-photos.leclercdrive.fr/image.ashx?id=2518415&use=l&cat=p&typeid=i","cat":312236},{"id":57821,"n":"Petits pots bébé PTIT SOUPER pâtes courgettes 6M+ - 2x200g","p":2.05,"u":"5,13 €/KG","img":"https://fd8-photos.leclercdrive.fr/image.ashx?id=2526523&use=l&cat=p&typeid=i","cat":312239},{"id":57823,"n":"Petits pots bébé P'TIT SOUPER Carottes semoule 6M+ - 2x200g","p":1.76,"u":"4,40 €/KG","img":"https://fd8-photos.leclercdrive.fr/image.ashx?id=2527109&use=l&cat=p&typeid=i","cat":312239},{"id":57824,"n":"Petits pots bébé P'TIT SOUPER Risotto carottes 12M+ - 2x200g","p":1.9,"u":"4,75 €/KG","img":"https://fd8-photos.leclercdrive.fr/image.ashx?id=2526526&use=l&cat=p&typeid=i","cat":312239},{"id":57883,"n":"Petits pots bébé P'TITE RECETTE  riz dinde 12M+ - 2x200g","p":1.67,"u":"4,18 €/KG","img":"https://fd8-photos.leclercdrive.fr/image.ashx?id=2629686&use=l&cat=p&typeid=i","cat":312237},{"id":57901,"n":"Salakis sel réduit -25% Fromage de brebis - 180g","p":2.81,"u":"15,61 €/KG","img":"https://fd8-photos.leclercdrive.fr/image.ashx?id=2739767&use=l&cat=p&typeid=i","cat":314026},{"id":57953,"n":"Papier cuisson Albal x16 feuilles","p":2.58,"img":"https://fd8-photos.leclercdrive.fr/image.ashx?id=2551447&use=l&cat=p&typeid=i","cat":334134},{"id":57956,"n":"Serviettes fuites urinaires  TENA Discreet - Mini - x20","p":3.53,"u":"0,18 €/P","img":"https://fd8-photos.leclercdrive.fr/image.ashx?id=2597241&use=l&cat=p&typeid=i","cat":284628},{"id":57984,"n":"Râpe Électrique 2 en 1 Exfoliante et Lissante Pieds","p":24.39,"u":"Dont 0,17 € d'éco-part.","img":"https://fd8-photos.leclercdrive.fr/image.ashx?id=2457473&use=l&cat=p&typeid=i","cat":325354},{"id":57985,"n":"Gel à raser Williams Hydratant-  200ml","p":2.72,"u":"13,60 €/L","img":"https://fd8-photos.leclercdrive.fr/image.ashx?id=2655364&use=l&cat=p&typeid=i","cat":284617},{"id":58119,"n":"Madeleines longue pépites sucre Le Ster x20 - 250g","p":1.66,"u":"6,64 €/KG","img":"https://fd8-photos.leclercdrive.fr/image.ashx?id=2962566&use=l&cat=p&typeid=i","cat":284492},{"id":58122,"n":"Colin d'Alaska Findus Façon meuniere - x2 - 250g","p":2.68,"u":"10,72 €/KG","img":"https://fd8-photos.leclercdrive.fr/image.ashx?id=2654914&use=l&cat=p&typeid=i","cat":319788},{"id":58125,"n":"flan dany chocolat 4x100g","p":1.5,"u":"3,75 €/KG","img":"https://fd8-photos.leclercdrive.fr/image.ashx?id=2132316&use=l&cat=p&typeid=i","cat":284414},{"id":58138,"n":"Chocolat Noir Bio village Aux éclats d'amandes Bio - 100g","p":2.19,"u":"21,90 €/KG","img":"https://fd8-photos.leclercdrive.fr/image.ashx?id=2891896&use=l&cat=p&typeid=i","cat":284956},{"id":58139,"n":"Chocolat noir Bio Village Bio Écorce d'oranges - 100g","p":2.15,"u":"21,50 €/KG","img":"https://fd8-photos.leclercdrive.fr/image.ashx?id=2913769&use=l&cat=p&typeid=i","cat":284956},{"id":58142,"n":"Confiture extra bio Bio Village Cassis - 370g","p":2.59,"u":"7,00 €/KG","img":"https://fd8-photos.leclercdrive.fr/image.ashx?id=2459587&use=l&cat=p&typeid=i","cat":284480},{"id":58143,"n":"Soin de jour L'Oréal Paris Age Perfect anti-âge - 50ml","p":11.97,"pp":7.9,"u":"158,00 €/L","img":"https://fd8-photos.leclercdrive.fr/image.ashx?id=2769744&use=l&cat=p&typeid=i","cat":325345},{"id":58154,"n":"Serpillère Sillage Blanche grand format 60x100","p":2.75,"img":"https://fd8-photos.leclercdrive.fr/image.ashx?id=1297317&use=l&cat=p&typeid=i","cat":284669},{"id":58156,"n":"Manche acier Elephant  Anti-glisse - x1","p":3.6,"img":"https://fd8-photos.leclercdrive.fr/image.ashx?id=2571476&use=l&cat=p&typeid=i","cat":284669},{"id":58157,"n":"Balai Elephant  Anti-chocs, ultra-protect - x1","p":7.65,"img":"https://fd8-photos.leclercdrive.fr/image.ashx?id=2571482&use=l&cat=p&typeid=i","cat":284669},{"id":58159,"n":"Lavette Elephant Microfibre multi-usage","p":3.71,"img":"https://fd8-photos.leclercdrive.fr/image.ashx?id=2571479&use=l&cat=p&typeid=i","cat":284667},{"id":58164,"n":"Pelle-balayette Elephant Grande capacité - x1","p":4.99,"img":"https://fd8-photos.leclercdrive.fr/image.ashx?id=2571488&use=l&cat=p&typeid=i","cat":284669},{"id":58174,"n":"Ensemble WC Elephant Sanitized -x 1","p":9.8,"img":"https://fd8-photos.leclercdrive.fr/image.ashx?id=2575549&use=l&cat=p&typeid=i","cat":284669},{"id":58201,"n":"Désodorisant Bien Air  Senteur muguet - 300ml","p":1.09,"u":"3,63 €/L","img":"https://fd8-photos.leclercdrive.fr/image.ashx?id=2607942&use=l&cat=p&typeid=i","cat":311626},{"id":58202,"n":"Désodorisant Bien Air Floral - 300ml","p":1.09,"u":"3,63 €/L","img":"https://fd8-photos.leclercdrive.fr/image.ashx?id=2614573&use=l&cat=p&typeid=i","cat":311626},{"id":58203,"n":"Désodorisant Bien Air  Fruits rouges - 300ml","p":1.35,"u":"4,50 €/L","img":"https://fd8-photos.leclercdrive.fr/image.ashx?id=2613723&use=l&cat=p&typeid=i","cat":311626},{"id":58205,"n":"Désodorisant Bien Air Vanille - 300ml","p":1.09,"u":"3,63 €/L","img":"https://fd8-photos.leclercdrive.fr/image.ashx?id=2613726&use=l&cat=p&typeid=i","cat":311626},{"id":58214,"n":"Carré gourmand Garden Gourmet Tomates et mozzarella 160g","p":2.35,"u":"14,69 €/KG","img":"https://fd8-photos.leclercdrive.fr/image.ashx?id=3009107&use=l&cat=p&typeid=i","cat":316036},{"id":58218,"n":"Croissants Côté Table Jambon emmental - 2x170g","p":2.92,"u":"8,59 €/KG","img":"https://fd8-photos.leclercdrive.fr/image.ashx?id=2885128&use=l&cat=p&typeid=i","cat":333671},{"id":58220,"n":"Quenelles Côté Table x6 - 240g","p":1.21,"u":"5,04 €/KG","img":"https://fd8-photos.leclercdrive.fr/image.ashx?id=2858836&use=l&cat=p&typeid=i","cat":333682},{"id":58232,"n":"Pâte feuilletée Tablier Blanc Rectangulaire - 230g","p":1.14,"u":"4,96 €/KG","img":"https://fd8-photos.leclercdrive.fr/image.ashx?id=2635931&use=l&cat=p&typeid=i","cat":333681},{"id":58365,"n":"Tartelettes Chocolat P'tit Déli Fourrées au lait - 225g","p":1.39,"u":"6,18 €/KG","img":"https://fd8-photos.leclercdrive.fr/image.ashx?id=2523715&use=l&cat=p&typeid=i","cat":284488},{"id":58428,"n":"Sachet fraicheur chat Sheba Boeuf poulet en sauce - 6x50g","p":2.59,"u":"8,63 €/KG","img":"https://fd8-photos.leclercdrive.fr/image.ashx?id=2895927&use=l&cat=p&typeid=i","cat":285286},{"id":58444,"n":"Cacahuètes Benenuts-Twinuts Nature format familial - 260g","p":1.92,"u":"7,38 €/KG","img":"https://fd8-photos.leclercdrive.fr/image.ashx?id=2967744&use=l&cat=p&typeid=i","cat":284448},{"id":58449,"n":"Tomates pelées entières D'aucy 238g","p":1.0,"u":"4,20 €/KG","img":"https://fd8-photos.leclercdrive.fr/image.ashx?id=2503425&use=l&cat=p&typeid=i","cat":312608},{"id":58450,"n":"Tomates pelées entières D'aucy 476g","p":1.59,"u":"3,34 €/KG","img":"https://fd8-photos.leclercdrive.fr/image.ashx?id=2751996&use=l&cat=p&typeid=i","cat":312608},{"id":58459,"n":"Croquettes chat Purina One Adulte - Boeuf/Céréales - 1.5Kg","p":6.77,"u":"4,51 €/KG","img":"https://fd8-photos.leclercdrive.fr/image.ashx?id=2433548&use=l&cat=p&typeid=i","cat":284680},{"id":58460,"n":"Croquettes chat Purina One Boules de poils - Poulet -1.5Kg","p":7.78,"u":"5,19 €/KG","img":"https://fd8-photos.leclercdrive.fr/image.ashx?id=2868527&use=l&cat=p&typeid=i","cat":284680},{"id":58463,"n":"Gâche tranchée La Fournée Dorée 500g","p":2.17,"u":"4,34 €/KG","img":"https://fd8-photos.leclercdrive.fr/image.ashx?id=2277956&use=l&cat=p&typeid=i","cat":284478},{"id":58505,"n":"Bière blonde Heineken Sans alcool - 6x25cl","p":4.31,"u":"2,87 €/L","img":"https://fd8-photos.leclercdrive.fr/image.ashx?id=2948528&use=l&cat=p&typeid=i","cat":334877},{"id":58510,"n":"Jambon cru fumé Eco+ 14 tranches - 200g","p":1.96,"u":"9,80 €/KG","img":"https://fd8-photos.leclercdrive.fr/image.ashx?id=2779172&use=l&cat=p&typeid=i","cat":316007},{"id":58525,"n":"Salade choux rouge  Menu fraîcheur - 300g","p":1.81,"u":"6,03 €/KG","img":"https://fd8-photos.leclercdrive.fr/image.ashx?id=2901458&use=l&cat=p&typeid=i","cat":333657},{"id":58548,"n":"Sachets repas chats Purina One Sauce boeuf poulet x4 - 340g","p":1.99,"u":"5,85 €/KG","img":"https://fd8-photos.leclercdrive.fr/image.ashx?id=2468239&use=l&cat=p&typeid=i","cat":285286},{"id":58577,"n":"Dessert bébé lacté Blédina 6m Abricot - 6x55g","p":2.19,"u":"6,64 €/KG","img":"https://fd8-photos.leclercdrive.fr/image.ashx?id=2952448&use=l&cat=p&typeid=i","cat":312392},{"id":58578,"n":"Dessert bébé lacté Blédina 6m Fraise - 6x55g","p":2.24,"u":"6,79 €/KG","img":"https://fd8-photos.leclercdrive.fr/image.ashx?id=2952451&use=l&cat=p&typeid=i","cat":312392},{"id":58602,"n":"Haricots verts Rochefontaine Extra fins, bio - 180g","p":2.73,"u":"15,17 €/KG","img":"https://fd8-photos.leclercdrive.fr/image.ashx?id=2343588&use=l&cat=p&typeid=i","cat":312606},{"id":58603,"n":"Boudin blanc de Rethel NRT IGP - 350g","p":5.5,"u":"15,71 €/KG","img":"https://fd8-photos.leclercdrive.fr/image.ashx?id=2991503&use=l&cat=p&typeid=i","cat":316012},{"id":58610,"n":"Brocolis cuits Notre Jardin 750g","p":1.79,"u":"2,39 €/KG","img":"https://fd8-photos.leclercdrive.fr/image.ashx?id=2873153&use=l&cat=p&typeid=i","cat":319805},{"id":58613,"n":"Haricots verts Gillet  Extra fins, bocal - 345g","p":3.75,"u":"10,87 €/KG","img":"https://fd8-photos.leclercdrive.fr/image.ashx?id=1867183&use=l&cat=p&typeid=i","cat":312606},{"id":58625,"n":"Cœurs de palmiers Géant Vert - 220g","p":3.56,"u":"16,18 €/KG","img":"https://fd8-photos.leclercdrive.fr/image.ashx?id=2840560&use=l&cat=p&typeid=i","cat":312611},{"id":58626,"n":"Coeurs d'artichauts Géant Vert - 240g","p":2.67,"u":"11,13 €/KG","img":"https://fd8-photos.leclercdrive.fr/image.ashx?id=2840566&use=l&cat=p&typeid=i","cat":312611},{"id":58628,"n":"Galettes riz bio bjorg  Complet  - 130g","p":1.24,"u":"9,54 €/KG","img":"https://fd8-photos.leclercdrive.fr/image.ashx?id=2978002&use=l&cat=p&typeid=i","cat":318651},{"id":58629,"n":"galettes de maïs bio bjorg Extra fines - 130g","p":1.39,"u":"10,69 €/KG","img":"https://fd8-photos.leclercdrive.fr/image.ashx?id=2978005&use=l&cat=p&typeid=i","cat":318651},{"id":58634,"n":"Soupe 12 légumes Knorr Fromage frais  - 1L","p":2.79,"u":"2,79 €/L","img":"https://fd8-photos.leclercdrive.fr/image.ashx?id=2656249&use=l&cat=p&typeid=i","cat":284462},{"id":58635,"n":"Soupe Douceur automne Knorr Crème fraîche - 1L","p":2.69,"u":"2,69 €/L","img":"https://fd8-photos.leclercdrive.fr/image.ashx?id=2212824&use=l&cat=p&typeid=i","cat":284462},{"id":58646,"n":"Fromage AOP Comté Jura Flore 9 mois - 200g","p":4.19,"u":"20,95 €/KG","img":"https://fd8-photos.leclercdrive.fr/image.ashx?id=2765243&use=l&cat=p&typeid=i","cat":314036},{"id":58648,"n":"Comté AOP  15 mois - 200g","p":4.95,"u":"24,75 €/KG","img":"https://fd8-photos.leclercdrive.fr/image.ashx?id=2692575&use=l&cat=p&typeid=i","cat":314034},{"id":58655,"n":"Poêlée fermière Notre Jardin 750g","p":2.89,"u":"3,85 €/KG","img":"https://fd8-photos.leclercdrive.fr/image.ashx?id=2878597&use=l&cat=p&typeid=i","cat":319823},{"id":58676,"n":"Saucisses fumées Férial x4 - 360g","p":3.99,"u":"11,08 €/KG","img":"https://fd8-photos.leclercdrive.fr/image.ashx?id=2693156&use=l&cat=p&typeid=i","cat":316012},{"id":58681,"n":"Légumes potage potiron carottes Notre jardin - 1 kg","p":1.91,"u":"1,91 €/KG","img":"https://fd8-photos.leclercdrive.fr/image.ashx?id=2046493&use=l&cat=p&typeid=i","cat":319805},{"id":58682,"n":"Myrtilles Fruistar 650g","p":5.99,"u":"9,22 €/KG","img":"https://fd8-photos.leclercdrive.fr/image.ashx?id=2072620&use=l&cat=p&typeid=i","cat":284268},{"id":58685,"n":"Jambon Speck Saint Azay 100g","p":2.39,"u":"23,90 €/KG","img":"https://fd8-photos.leclercdrive.fr/image.ashx?id=2856739&use=l&cat=p&typeid=i","cat":316007},{"id":58686,"n":"Mini moelleux au chocolat Autour du Dessert - 8x24g","p":4.79,"u":"24,95 €/KG","img":"https://fd8-photos.leclercdrive.fr/image.ashx?id=2922941&use=l&cat=p&typeid=i","cat":284267},{"id":58693,"n":"Galettes de pommes de terre NRT à l'Alsacienne - 670g","p":2.99,"u":"4,46 €/KG","img":"https://fd8-photos.leclercdrive.fr/image.ashx?id=2699822&use=l&cat=p&typeid=i","cat":319792},{"id":58695,"n":"Farce à légumes Férial 400g","p":3.72,"u":"9,30 €/KG","img":"https://fd8-photos.leclercdrive.fr/image.ashx?id=2922703&use=l&cat=p&typeid=i","cat":284332},{"id":58715,"n":"Mini croque monsieur Côté Table x20 - 240g","p":4.64,"u":"19,33 €/KG","img":"https://fd8-photos.leclercdrive.fr/image.ashx?id=2217167&use=l&cat=p&typeid=i","cat":319774},{"id":58716,"n":"Duo de Courgettes Notre Jardin Tomates - 900g","p":2.45,"u":"2,72 €/KG","img":"https://fd8-photos.leclercdrive.fr/image.ashx?id=2404290&use=l&cat=p&typeid=i","cat":319823},{"id":58740,"n":"Haché à cuisiner Charal Happy Family - 600g","p":7.46,"u":"12,43 €/KG","img":"https://fd8-photos.leclercdrive.fr/image.ashx?id=2977330&use=l&cat=p&typeid=i","cat":319779},{"id":58741,"n":"Fèves non pelées Notre Jardin 1kg","p":3.49,"u":"3,49 €/KG","img":"https://fd8-photos.leclercdrive.fr/image.ashx?id=2873147&use=l&cat=p&typeid=i","cat":319805},{"id":58826,"n":"Viande hachée 5% MG Férial 500g","p":8.09,"u":"16,18 €/KG","img":"https://fd8-photos.leclercdrive.fr/image.ashx?id=2903995&use=l&cat=p&typeid=i","cat":284332},{"id":58939,"n":"Yaourt à boire Actimel fraise - 12x100g","p":4.02,"u":"3,35 €/KG","img":"https://fd8-photos.leclercdrive.fr/image.ashx?id=2996458&use=l&cat=p&typeid=i","cat":284415},{"id":58944,"n":"Yaourts à boire Actimel Nature - 12x100g","p":3.9,"u":"3,25 €/KG","img":"https://fd8-photos.leclercdrive.fr/image.ashx?id=2996461&use=l&cat=p&typeid=i","cat":284415},{"id":58952,"n":"Yaourts à boire Actimel framboise fruit rouge - 12x100g","p":4.73,"u":"3,94 €/KG","img":"https://fd8-photos.leclercdrive.fr/image.ashx?id=2996476&use=l&cat=p&typeid=i","cat":284415},{"id":59025,"n":"Pur beurre cacahuète Jardin Bio Bio - 350g","p":3.79,"u":"10,83 €/KG","img":"https://fd8-photos.leclercdrive.fr/image.ashx?id=3000312&use=l&cat=p&typeid=i","cat":284481},{"id":59027,"n":"Dessert fruitier bio Jardin Bio Pomme nature - 680g","p":2.74,"u":"4,03 €/KG","img":"https://fd8-photos.leclercdrive.fr/image.ashx?id=2999297&use=l&cat=p&typeid=i","cat":284508},{"id":59038,"n":"Café moulu L'Or Intense 100% Arabica - 2x250g","p":9.28,"u":"18,56 €/KG","img":"https://fd8-photos.leclercdrive.fr/image.ashx?id=2020062&use=l&cat=p&typeid=i","cat":284750},{"id":59041,"n":"Céréales Extra Kellogg's Chocolat au lait - 800g","p":4.88,"u":"6,10 €/KG","img":"https://fd8-photos.leclercdrive.fr/image.ashx?id=2694941&use=l&cat=p&typeid=i","cat":309512},{"id":59053,"n":"Sésame La Pateliere Complet bio - 125g","p":1.58,"u":"12,64 €/KG","img":"https://fd8-photos.leclercdrive.fr/image.ashx?id=2106220&use=l&cat=p&typeid=i","cat":284430},{"id":59076,"n":"Amande en poudre La Pateliere Complète bio - 125g","p":4.5,"u":"36,00 €/KG","img":"https://fd8-photos.leclercdrive.fr/image.ashx?id=2101651&use=l&cat=p&typeid=i","cat":284504},{"id":59235,"n":"Café dosettes Tassimo L'Or Café Long Classique x24","p":6.68,"u":"42,82 €/KG","img":"https://fd8-photos.leclercdrive.fr/image.ashx?id=2100356&use=l&cat=p&typeid=i","cat":293240},{"id":59242,"n":"Gourde bébé Babybio Bio 6 mois Abricot/banane/pomme - 360g","p":3.15,"u":"8,75 €/KG","img":"https://fd8-photos.leclercdrive.fr/image.ashx?id=2850548&use=l&cat=p&typeid=i","cat":312393},{"id":59249,"n":"Huile de coco Jardin Bio Bio - 200ml","p":3.61,"u":"18,05 €/L","img":"https://fd8-photos.leclercdrive.fr/image.ashx?id=2790135&use=l&cat=p&typeid=i","cat":284453},{"id":59251,"n":"Ravioli Jardin Bio  Bio légumes - 250g","p":2.3,"u":"9,20 €/KG","img":"https://fd8-photos.leclercdrive.fr/image.ashx?id=2535568&use=l&cat=p&typeid=i","cat":287600},{"id":59252,"n":"Café dosettes Tassimo Maxwell House - caramel x8","p":5.74,"u":"21,42 €/KG","img":"https://fd8-photos.leclercdrive.fr/image.ashx?id=2100254&use=l&cat=p&typeid=i","cat":293240},{"id":59253,"n":"Café dosettes Tassimo L'Or Petit Déjeuner Classique x24","p":7.14,"u":"35,88 €/KG","img":"https://fd8-photos.leclercdrive.fr/image.ashx?id=2100365&use=l&cat=p&typeid=i","cat":293240},{"id":59257,"n":"Café dosettes Tassimo Grand-mère - petit déjeuner x16","p":3.51,"u":"26,39 €/KG","img":"https://fd8-photos.leclercdrive.fr/image.ashx?id=2100359&use=l&cat=p&typeid=i","cat":293240},{"id":59271,"n":"Sauce tomate cuisinée Panzani Ail et oignon - 500g","p":1.64,"u":"3,28 €/KG","img":"https://fd8-photos.leclercdrive.fr/image.ashx?id=2884303&use=l&cat=p&typeid=i","cat":288384},{"id":59277,"n":"Bonbons acidulés têtes brûlées Fraise/framboise-kitache-135g","p":1.95,"u":"14,44 €/KG","img":"https://fd8-photos.leclercdrive.fr/image.ashx?id=3008650&use=l&cat=p&typeid=i","cat":304250},{"id":59284,"n":"Maoam Mixx Haribo Sachet bonbons - 250g","p":1.88,"u":"7,52 €/KG","img":"https://fd8-photos.leclercdrive.fr/image.ashx?id=2876956&use=l&cat=p&typeid=i","cat":304250},{"id":59287,"n":"Cornichons Rustica 6 épices - 360g","p":2.31,"u":"6,42 €/KG","img":"https://fd8-photos.leclercdrive.fr/image.ashx?id=2916710&use=l&cat=p&typeid=i","cat":284458},{"id":59288,"n":"IGP Gros sel - Le Guérandais Sachet - 800g","p":1.3,"u":"1,63 €/KG","img":"https://fd8-photos.leclercdrive.fr/image.ashx?id=2458622&use=l&cat=p&typeid=i","cat":284457},{"id":59291,"n":"Sauce bolognaise Bio Village  Bio - 350g","p":1.69,"u":"4,83 €/KG","img":"https://fd8-photos.leclercdrive.fr/image.ashx?id=2753381&use=l&cat=p&typeid=i","cat":287599},{"id":59292,"n":"Œufs au plat Haribo Sachet bonbons - 300g","p":1.59,"u":"5,30 €/KG","img":"https://fd8-photos.leclercdrive.fr/image.ashx?id=2984892&use=l&cat=p&typeid=i","cat":304250},{"id":59293,"n":"Sauce provençale Bio Village  Bio - 350g","p":1.63,"u":"4,66 €/KG","img":"https://fd8-photos.leclercdrive.fr/image.ashx?id=2712995&use=l&cat=p&typeid=i","cat":287599},{"id":59296,"n":"Sauce tomate Bio Village  Basilic bio - 350g","p":1.63,"u":"4,66 €/KG","img":"https://fd8-photos.leclercdrive.fr/image.ashx?id=2696289&use=l&cat=p&typeid=i","cat":287599},{"id":59299,"n":"Bonbons KINDER Schoko-Bons Chocolat au lait - 225G","p":3.68,"u":"16,36 €/KG","img":"https://fd8-photos.leclercdrive.fr/image.ashx?id=2679633&use=l&cat=p&typeid=i","cat":304238},{"id":59305,"n":"Sauce American Burger Heinz - 230g","p":1.75,"u":"7,61 €/KG","img":"https://fd8-photos.leclercdrive.fr/image.ashx?id=2973354&use=l&cat=p&typeid=i","cat":318431},{"id":59307,"n":"Miami Pik Haribo Sachet bonbons acidulés - 200g","p":1.48,"u":"7,40 €/KG","img":"https://fd8-photos.leclercdrive.fr/image.ashx?id=2984895&use=l&cat=p&typeid=i","cat":304250},{"id":59311,"n":"Olives Apéro Tramier  À l'Ail 150g","p":2.31,"u":"15,40 €/KG","img":"https://fd8-photos.leclercdrive.fr/image.ashx?id=2639299&use=l&cat=p&typeid=i","cat":284458},{"id":59314,"n":"Huile d'Olive Tramier  Vierge Extra Biologique 75cl","p":8.99,"u":"11,99 €/L","img":"https://fd8-photos.leclercdrive.fr/image.ashx?id=2803916&use=l&cat=p&typeid=i","cat":284453},{"id":59318,"n":"Caserecce Tradizioni d'Italia N°168 - 500g","p":1.69,"u":"3,38 €/KG","img":"https://fd8-photos.leclercdrive.fr/image.ashx?id=2657313&use=l&cat=p&typeid=i","cat":284427},{"id":59319,"n":"Penne rigate Tradizioni Italia N°133 - 500g","p":1.52,"u":"3,04 €/KG","img":"https://fd8-photos.leclercdrive.fr/image.ashx?id=2657316&use=l&cat=p&typeid=i","cat":284427},{"id":59324,"n":"Pipe rigate Tradizioni d'Italia N°179 - 500g","p":1.59,"u":"3,18 €/KG","img":"https://fd8-photos.leclercdrive.fr/image.ashx?id=2657319&use=l&cat=p&typeid=i","cat":284427},{"id":59336,"n":"Barquette chien Cesar Terrine poulet - 300g","p":1.63,"u":"5,43 €/KG","img":"https://fd8-photos.leclercdrive.fr/image.ashx?id=2091323&use=l&cat=p&typeid=i","cat":284673},{"id":59339,"n":"Barquette chien sénior Cesar Terrine en gelée - 4x150g","p":3.89,"u":"6,48 €/KG","img":"https://fd8-photos.leclercdrive.fr/image.ashx?id=2091320&use=l&cat=p&typeid=i","cat":284673},{"id":59340,"n":"Barquette chien Cesar Terrine cœur légumes - 4x150g","p":3.9,"u":"6,50 €/KG","img":"https://fd8-photos.leclercdrive.fr/image.ashx?id=2091317&use=l&cat=p&typeid=i","cat":284673},{"id":59341,"n":"Barquette chien Cesar Terrine du jardin - 4x150g","p":3.63,"u":"6,05 €/KG","img":"https://fd8-photos.leclercdrive.fr/image.ashx?id=2091314&use=l&cat=p&typeid=i","cat":284673},{"id":59343,"n":"Pâtes Tradizioni d'Italia Linguine n°121 - 500g","p":1.52,"u":"3,04 €/KG","img":"https://fd8-photos.leclercdrive.fr/image.ashx?id=2657322&use=l&cat=p&typeid=i","cat":284427},{"id":59344,"n":"Barquette chien Cesar Terrine du jardin - 4x300g","p":6.63,"u":"5,53 €/KG","img":"https://fd8-photos.leclercdrive.fr/image.ashx?id=2091308&use=l&cat=p&typeid=i","cat":284673},{"id":59345,"n":"Rigatoni Tradizioni d'Italia N°124 - 500g","p":1.69,"u":"3,38 €/KG","img":"https://fd8-photos.leclercdrive.fr/image.ashx?id=2657325&use=l&cat=p&typeid=i","cat":284427},{"id":59348,"n":"Taralli pouille Huile d'olive - 400g","p":3.08,"u":"7,70 €/KG","img":"https://fd8-photos.leclercdrive.fr/image.ashx?id=2670524&use=l&cat=p&typeid=i","cat":297000},{"id":59350,"n":"Taralli Pouilles Fenouil - 400g","p":2.55,"u":"6,38 €/KG","img":"https://fd8-photos.leclercdrive.fr/image.ashx?id=2671022&use=l&cat=p&typeid=i","cat":297000},{"id":59382,"n":"Grissini Grangrissi 300g","p":2.61,"u":"8,70 €/KG","img":"https://fd8-photos.leclercdrive.fr/image.ashx?id=2743927&use=l&cat=p&typeid=i","cat":297000},{"id":59398,"n":"Café moulu L'Or Intense 100% Arabica - 3x250g","p":13.89,"u":"18,52 €/KG","img":"https://fd8-photos.leclercdrive.fr/image.ashx?id=2802377&use=l&cat=p&typeid=i","cat":284750},{"id":59407,"n":"Biscuits Choc&Choc Milka  175g","p":1.83,"u":"10,46 €/KG","img":"https://fd8-photos.leclercdrive.fr/image.ashx?id=2314599&use=l&cat=p&typeid=i","cat":284495},{"id":59426,"n":"Biscuits petit déjeuner Belvita Chocolat noisettes - 253g","p":2.28,"u":"9,01 €/KG","img":"https://fd8-photos.leclercdrive.fr/image.ashx?id=2346681&use=l&cat=p&typeid=i","cat":284491},{"id":59499,"n":"Bière Chouffe Blonde 75cl","p":4.76,"u":"6,35 €/L","img":"https://fd8-photos.leclercdrive.fr/image.ashx?id=2959199&use=l&cat=p&typeid=i","cat":334872},{"id":59539,"n":"Pêches Douceur du Verger Sirop léger - 230 g","p":1.26,"u":"5,48 €/KG","img":"https://fd8-photos.leclercdrive.fr/image.ashx?id=2666468&use=l&cat=p&typeid=i","cat":284507},{"id":59549,"n":"Salade: Batavia 1p","p":1.28,"img":"https://fd8-photos.leclercdrive.fr/image.ashx?id=1633718&use=l&cat=p&typeid=i","cat":284352},{"id":59553,"n":"Croustilles  Belin  Emmental - 138g","p":1.23,"u":"8,91 €/KG","img":"https://fd8-photos.leclercdrive.fr/image.ashx?id=3002267&use=l&cat=p&typeid=i","cat":284449},{"id":59556,"n":"Croustilles Belin Cacahuète - 138g","p":1.33,"u":"9,64 €/KG","img":"https://fd8-photos.leclercdrive.fr/image.ashx?id=3002270&use=l&cat=p&typeid=i","cat":284449},{"id":59563,"n":"Galette de maïs GERBLE Chocolat au lait - 124g","p":1.71,"u":"13,79 €/KG","img":"https://fd8-photos.leclercdrive.fr/image.ashx?id=2664034&use=l&cat=p&typeid=i","cat":318651},{"id":59564,"n":"Galette riz chocolat Gerblé   Chocolat noir - 130,4g","p":1.7,"u":"13,08 €/KG","img":"https://fd8-photos.leclercdrive.fr/image.ashx?id=2664037&use=l&cat=p&typeid=i","cat":318651},{"id":59565,"n":"Pâte à tartiner Nustikao 1kg","p":4.25,"u":"4,25 €/KG","img":"https://fd8-photos.leclercdrive.fr/image.ashx?id=3012860&use=l&cat=p&typeid=i","cat":284481},{"id":59570,"n":"Oignon Cébette  1 botte","p":1.55,"img":"https://fd8-photos.leclercdrive.fr/image.ashx?id=1631454&use=l&cat=p&typeid=i","cat":284352},{"id":59591,"n":"Boisson base vodka Eristoff Black 18° - 70cl","p":12.9,"u":"18,43 €/L","img":"https://fd8-photos.leclercdrive.fr/image.ashx?id=2842882&use=l&cat=p&typeid=i","cat":284550},{"id":59601,"n":"Bière blonde 3 Monts 6x33cl","p":7.87,"u":"3,97 €/L","img":"https://fd8-photos.leclercdrive.fr/image.ashx?id=2548189&use=l&cat=p&typeid=i","cat":334852},{"id":59655,"n":"Dentifrice Email Diamant Rouge - 75ml","p":3.83,"u":"51,07 €/L","img":"https://fd8-photos.leclercdrive.fr/image.ashx?id=1781297&use=l&cat=p&typeid=i","cat":284612},{"id":59676,"n":"Biscuits Mini BN  Goûter à la fraise - 350g","p":2.62,"u":"7,49 €/KG","img":"https://fd8-photos.leclercdrive.fr/image.ashx?id=2748215&use=l&cat=p&typeid=i","cat":284489},{"id":59695,"n":"Yaourt à la grecque YAOS Vanille - 4x125g","p":2.72,"u":"5,44 €/KG","img":"https://fd8-photos.leclercdrive.fr/image.ashx?id=3007972&use=l&cat=p&typeid=i","cat":314999},{"id":59713,"n":"Gros cornichons Rustica  Aigre doux - 850g","p":2.69,"u":"3,16 €/KG","img":"https://fd8-photos.leclercdrive.fr/image.ashx?id=2916707&use=l&cat=p&typeid=i","cat":284458},{"id":59714,"n":"Cacahuètes Tokapi  Grillées à sec - 200g","p":0.78,"u":"3,90 €/KG","img":"https://fd8-photos.leclercdrive.fr/image.ashx?id=2799781&use=l&cat=p&typeid=i","cat":284448},{"id":59715,"n":"Double concentré de tomates Tube - 200g","p":1.35,"u":"6,75 €/KG","img":"https://fd8-photos.leclercdrive.fr/image.ashx?id=2072728&use=l&cat=p&typeid=i","cat":288384},{"id":59718,"n":"Saumon tagliatelles D'Aucy Micro-ondes - 300g","p":2.83,"u":"9,43 €/KG","img":"https://fd8-photos.leclercdrive.fr/image.ashx?id=2117168&use=l&cat=p&typeid=i","cat":284953},{"id":59722,"n":"Crème légère semi-épaisse  Bridélice 18%mg - 3x20cl","p":2.6,"u":"4,33 €/L","img":"https://fd8-photos.leclercdrive.fr/image.ashx?id=2904733&use=l&cat=p&typeid=i","cat":284381},{"id":59725,"n":"Bâtonnets Surimi Saveur Coraya  x12 - 180g","p":1.62,"u":"9,00 €/KG","img":"https://fd8-photos.leclercdrive.fr/image.ashx?id=2962677&use=l&cat=p&typeid=i","cat":285189},{"id":59730,"n":"Blinis Cocktail Blini  x16 - 135g","p":1.37,"u":"10,15 €/KG","img":"https://fd8-photos.leclercdrive.fr/image.ashx?id=2971020&use=l&cat=p&typeid=i","cat":285191},{"id":59740,"n":"Tarama Blini Aux oeufs de cabillaud - 250g","p":3.01,"u":"12,04 €/KG","img":"https://fd8-photos.leclercdrive.fr/image.ashx?id=2960873&use=l&cat=p&typeid=i","cat":315999},{"id":59760,"n":"Lingettes liniment Biolane Oleo calcaire - x64","p":3.44,"img":"https://fd8-photos.leclercdrive.fr/image.ashx?id=2875378&use=l&cat=p&typeid=i","cat":284738},{"id":59761,"n":"Lingettes Lotus Baby Peau nette - x64","p":1.93,"u":"0,03 €/P","img":"https://fd8-photos.leclercdrive.fr/image.ashx?id=2904431&use=l&cat=p&typeid=i","cat":284738},{"id":59774,"n":"Sérum physiologique Biolane 30x5ml","p":3.66,"u":"24,40 €/L","img":"https://fd8-photos.leclercdrive.fr/image.ashx?id=2733232&use=l&cat=p&typeid=i","cat":284741},{"id":59832,"n":"Secret de crème Président Semi-épaisse 25%mg - 3x20cl","p":4.12,"u":"6,87 €/L","img":"https://fd8-photos.leclercdrive.fr/image.ashx?id=2699861&use=l&cat=p&typeid=i","cat":284381},{"id":59980,"n":"Stylo Roller rechargeable Pilot Rétractable encre effaçable","p":3.3,"img":"https://fd8-photos.leclercdrive.fr/image.ashx?id=2558933&use=l&cat=p&typeid=i","cat":284696},{"id":59992,"n":"Huile Solaire Hawaiian Tropic FPS20 Spray - 200ml","p":8.21,"u":"41,05 €/L","img":"https://fd8-photos.leclercdrive.fr/image.ashx?id=2736712&use=l&cat=p&typeid=i","cat":325355},{"id":60015,"n":"Pancakes Pasquier x10 - 350g","p":1.95,"u":"5,57 €/KG","img":"https://fd8-photos.leclercdrive.fr/image.ashx?id=2688878&use=l&cat=p&typeid=i","cat":284495},{"id":60019,"n":"Pois chiches Olabe  400g","p":1.49,"u":"3,73 €/KG","img":"https://fd8-photos.leclercdrive.fr/image.ashx?id=2110548&use=l&cat=p&typeid=i","cat":312609},{"id":60029,"n":"Brioche Harrys Mini Tressée Nature au sucre perlé - 210g","p":2.0,"u":"9,52 €/KG","img":"https://fd8-photos.leclercdrive.fr/image.ashx?id=2667742&use=l&cat=p&typeid=i","cat":284478},{"id":60051,"n":"Gâteaux Lulu L'Ourson Fraise - 150g","p":1.44,"u":"9,60 €/KG","img":"https://fd8-photos.leclercdrive.fr/image.ashx?id=3008050&use=l&cat=p&typeid=i","cat":284495},{"id":60053,"n":"Végétal Falafels Garden Gourmet Pois chiches 190g","p":2.96,"u":"15,58 €/KG","img":"https://fd8-photos.leclercdrive.fr/image.ashx?id=2988686&use=l&cat=p&typeid=i","cat":316036},{"id":60106,"n":"Spray tropic Cinq sur cinq Anti-moustiques - 100ml","p":7.99,"u":"79,90 €/L","img":"https://fd8-photos.leclercdrive.fr/image.ashx?id=2087160&use=l&cat=p&typeid=i","cat":290402},{"id":60115,"n":"Tofu aux herbes Céréal Bio Bio - 250g","p":2.84,"u":"11,36 €/KG","img":"https://fd8-photos.leclercdrive.fr/image.ashx?id=2624284&use=l&cat=p&typeid=i","cat":316036},{"id":60124,"n":"Compotes Pom'Potes Gourdes  Pomme Nature - 4x90g","p":1.7,"u":"4,72 €/KG","img":"https://fd8-photos.leclercdrive.fr/image.ashx?id=2983003&use=l&cat=p&typeid=i","cat":284508},{"id":60138,"n":"Bûche de chèvre Bio Soignon 180g","p":3.12,"u":"17,33 €/KG","img":"https://fd8-photos.leclercdrive.fr/image.ashx?id=2676741&use=l&cat=p&typeid=i","cat":314031},{"id":60140,"n":"Falafels Céréal Bio  Pois chiches épinards Bio- 180g","p":2.82,"u":"15,67 €/KG","img":"https://fd8-photos.leclercdrive.fr/image.ashx?id=2657430&use=l&cat=p&typeid=i","cat":316036},{"id":60141,"n":"Matin Léger Bio de Lactel  Sans lactose 1.2%mg - 1L","p":2.25,"u":"2,25 €/L","img":"https://fd8-photos.leclercdrive.fr/image.ashx?id=2883549&use=l&cat=p&typeid=i","cat":317169},{"id":60150,"n":"Fromage l'Ortolan Bio Fromagerie Milleret - 250g","p":2.85,"u":"11,40 €/KG","img":"https://fd8-photos.leclercdrive.fr/image.ashx?id=2732866&use=l&cat=p&typeid=i","cat":314033},{"id":60165,"n":"Boisson végétale Alpro noisette - 1l","p":2.2,"u":"2,20 €/L","img":"https://fd8-photos.leclercdrive.fr/image.ashx?id=2849602&use=l&cat=p&typeid=i","cat":316067},{"id":60168,"n":"fromage blanc jockey Nature 3%MG - 8x100g","p":2.55,"u":"3,19 €/KG","img":"https://fd8-photos.leclercdrive.fr/image.ashx?id=2230369&use=l&cat=p&typeid=i","cat":284409},{"id":60171,"n":"boisson végétale lait d'amande grillée alpro -1l","p":2.16,"u":"2,16 €/L","img":"https://fd8-photos.leclercdrive.fr/image.ashx?id=2988671&use=l&cat=p&typeid=i","cat":316067},{"id":60174,"n":"Madeleine Bonne Maman  Chocolat au lait x10 - 300g","p":3.38,"u":"11,27 €/KG","img":"https://fd8-photos.leclercdrive.fr/image.ashx?id=2949940&use=l&cat=p&typeid=i","cat":284492},{"id":60175,"n":"Madeleines St Michel  Oeuf en plein air - 1kg","p":3.93,"u":"3,93 €/KG","img":"https://fd8-photos.leclercdrive.fr/image.ashx?id=2936194&use=l&cat=p&typeid=i","cat":284492},{"id":60186,"n":"Gaufres Bonne Maman  x6 - 300g","p":3.0,"u":"10,00 €/KG","img":"https://fd8-photos.leclercdrive.fr/image.ashx?id=1927452&use=l&cat=p&typeid=i","cat":294777},{"id":60192,"n":"Pancakes Le Ster  x8 - 280g","p":2.17,"u":"7,75 €/KG","img":"https://fd8-photos.leclercdrive.fr/image.ashx?id=2827215&use=l&cat=p&typeid=i","cat":284495},{"id":60204,"n":"Crêpes de landerneau Le Ster Le pâtissier x12 - 300g","p":2.1,"u":"7,00 €/KG","img":"https://fd8-photos.leclercdrive.fr/image.ashx?id=2962860&use=l&cat=p&typeid=i","cat":284494},{"id":60258,"n":"AOP Côteaux Varois en Provence Rosé Estandon Lumière - 75cl","p":7.05,"u":"9,40 €/L","img":"https://fd8-photos.leclercdrive.fr/image.ashx?id=2889460&use=l&cat=p&typeid=i","cat":289558},{"id":60276,"n":"Champagne Canard Duchêne Réserve Brut - 75cl","p":27.86,"u":"37,15 €/L","img":"https://fd8-photos.leclercdrive.fr/image.ashx?id=2757256&use=l&cat=p&typeid=i","cat":284542},{"id":60382,"n":"Soin de jour L'Oréal Paris Age Perfect anti-rides - 50ml","p":11.97,"pp":7.9,"u":"158,00 €/L","img":"https://fd8-photos.leclercdrive.fr/image.ashx?id=2860355&use=l&cat=p&typeid=i","cat":325345},{"id":60537,"n":"Purée surgelé  Bonduelle 4 saveurs  - 780g","p":3.25,"u":"4,17 €/KG","img":"https://fd8-photos.leclercdrive.fr/image.ashx?id=2996518&use=l&cat=p&typeid=i","cat":319805},{"id":60539,"n":"Purée delice Bonduelle  Courgette Céleri Brocoli - 780g","p":3.33,"u":"4,27 €/KG","img":"https://fd8-photos.leclercdrive.fr/image.ashx?id=2910043&use=l&cat=p&typeid=i","cat":319805},{"id":60587,"n":"Bûche de chèvre Président 180g","p":2.04,"u":"11,33 €/KG","img":"https://fd8-photos.leclercdrive.fr/image.ashx?id=2454088&use=l&cat=p&typeid=i","cat":314031},{"id":60588,"n":"Emmental Président 250g","p":2.81,"u":"11,24 €/KG","img":"https://fd8-photos.leclercdrive.fr/image.ashx?id=2752942&use=l&cat=p&typeid=i","cat":314034},{"id":60637,"n":"Matière grasse St Hubert 41 à tartiner - 38% MG - 500g","p":3.84,"u":"7,68 €/KG","img":"https://fd8-photos.leclercdrive.fr/image.ashx?id=2734147&use=l&cat=p&typeid=i","cat":315229},{"id":60656,"n":"Pâtes Alpina Savoie Coquillettes bio - 500g","p":1.93,"u":"3,86 €/KG","img":"https://fd8-photos.leclercdrive.fr/image.ashx?id=2844557&use=l&cat=p&typeid=i","cat":284427},{"id":60694,"n":"Avoine Alpina Savoie Bio - 500g","p":1.69,"u":"3,38 €/KG","img":"https://fd8-photos.leclercdrive.fr/image.ashx?id=2844554&use=l&cat=p&typeid=i","cat":309512},{"id":60774,"n":"Bière blonde Leffe 6,6% - 6x25cl","p":4.69,"u":"3,13 €/L","img":"https://fd8-photos.leclercdrive.fr/image.ashx?id=2995421&use=l&cat=p&typeid=i","cat":334852},{"id":60775,"n":"Dés de jambon Herta  2x75g","p":2.01,"u":"13,40 €/KG","img":"https://fd8-photos.leclercdrive.fr/image.ashx?id=2877133&use=l&cat=p&typeid=i","cat":316011},{"id":60777,"n":"Brique de brebis Lou Pérac Fromage de brebis - 150g","p":2.86,"u":"19,07 €/KG","img":"https://fd8-photos.leclercdrive.fr/image.ashx?id=2785154&use=l&cat=p&typeid=i","cat":314031},{"id":60778,"n":"Tranche Salakis Fromage de brebis - 200g","p":2.65,"u":"13,25 €/KG","img":"https://fd8-photos.leclercdrive.fr/image.ashx?id=2729710&use=l&cat=p&typeid=i","cat":314026},{"id":60890,"n":"Chaussée aux moines 340g","p":2.89,"u":"8,50 €/KG","img":"https://fd8-photos.leclercdrive.fr/image.ashx?id=2830030&use=l&cat=p&typeid=i","cat":329184},{"id":60891,"n":"Camembert Président 250g","p":1.79,"u":"7,16 €/KG","img":"https://fd8-photos.leclercdrive.fr/image.ashx?id=2878873&use=l&cat=p&typeid=i","cat":314033},{"id":60892,"n":"Emmental râpé fondant Président 200g","p":2.05,"u":"10,25 €/KG","img":"https://fd8-photos.leclercdrive.fr/image.ashx?id=2488455&use=l&cat=p&typeid=i","cat":314035},{"id":60893,"n":"Brique fondante Président Fondante - 200g","p":2.43,"u":"12,15 €/KG","img":"https://fd8-photos.leclercdrive.fr/image.ashx?id=2652840&use=l&cat=p&typeid=i","cat":314033},{"id":60930,"n":"Thé Earl Grey Twinings x25 sachets - 50g","p":2.07,"u":"41,40 €/KG","img":"https://fd8-photos.leclercdrive.fr/image.ashx?id=2889817&use=l&cat=p&typeid=i","cat":293233},{"id":60931,"n":"Thé Ceylan Scotland Twinings x20 - 40g","p":2.51,"u":"62,75 €/KG","img":"https://fd8-photos.leclercdrive.fr/image.ashx?id=2893024&use=l&cat=p&typeid=i","cat":293233},{"id":60953,"n":"Kit turbo Vileda Easy/wring/clean - x1","p":38.5,"img":"https://fd8-photos.leclercdrive.fr/image.ashx?id=2587779&use=l&cat=p&typeid=i","cat":284669},{"id":60957,"n":"Boisson énergisante Red Bull Goût Myrtille, 250ml","p":1.2,"u":"4,80 €/L","img":"https://fd8-photos.leclercdrive.fr/image.ashx?id=2174528&use=l&cat=p&typeid=i","cat":284533},{"id":60974,"n":"Pur jus Tropicana Orange Pure Premium Sans pulpe - 1L","p":2.55,"u":"2,55 €/L","img":"https://fd8-photos.leclercdrive.fr/image.ashx?id=2586186&use=l&cat=p&typeid=i","cat":284521},{"id":60978,"n":"Roquefort AOP Société Fromage de brebis - 150g","p":2.93,"u":"19,53 €/KG","img":"https://fd8-photos.leclercdrive.fr/image.ashx?id=2729713&use=l&cat=p&typeid=i","cat":314032},{"id":61021,"n":"Risotto champignon poulet Marie 900g","p":4.56,"u":"5,07 €/KG","img":"https://fd8-photos.leclercdrive.fr/image.ashx?id=2996755&use=l&cat=p&typeid=i","cat":284254},{"id":61166,"n":"Mousse Maronsui's La Laitière Crème de marrons 8x68,8g","p":3.4,"u":"6,18 €/KG","img":"https://fd8-photos.leclercdrive.fr/image.ashx?id=3010969&use=l&cat=p&typeid=i","cat":284417},{"id":61169,"n":"Petit suisse NESQUIK Chocolat 6x60g","p":1.56,"u":"4,33 €/KG","img":"https://fd8-photos.leclercdrive.fr/image.ashx?id=3007933&use=l&cat=p&typeid=i","cat":284414},{"id":61172,"n":"Yaourts à la Grecque Délisse Citron - 4x150g","p":2.38,"u":"3,97 €/KG","img":"https://fd8-photos.leclercdrive.fr/image.ashx?id=2699714&use=l&cat=p&typeid=i","cat":314999},{"id":61215,"n":"Chips Tuiles Pringles Emmental - 175g","p":2.36,"u":"13,49 €/KG","img":"https://fd8-photos.leclercdrive.fr/image.ashx?id=2830885&use=l&cat=p&typeid=i","cat":287899},{"id":61293,"n":"Boisson Jafaden Orange carotte citron - 1L","p":1.89,"u":"1,89 €/L","img":"https://fd8-photos.leclercdrive.fr/image.ashx?id=2956753&use=l&cat=p&typeid=i","cat":284917},{"id":61594,"n":"Tomato Ketchup Heinz - 910g","p":2.93,"u":"3,22 €/KG","img":"https://fd8-photos.leclercdrive.fr/image.ashx?id=2923420&use=l&cat=p&typeid=i","cat":284455},{"id":61596,"n":"Sauce au poivre Rustica Pot - 245g","p":1.13,"u":"4,61 €/KG","img":"https://fd8-photos.leclercdrive.fr/image.ashx?id=2954373&use=l&cat=p&typeid=i","cat":318430},{"id":61597,"n":"Sauce bourguignonne Rustica Pot - 250g","p":1.01,"u":"4,04 €/KG","img":"https://fd8-photos.leclercdrive.fr/image.ashx?id=2954376&use=l&cat=p&typeid=i","cat":318430},{"id":61605,"n":"Sauce barbecue Rustica Flacon souple - 280g","p":1.39,"u":"4,96 €/KG","img":"https://fd8-photos.leclercdrive.fr/image.ashx?id=2559704&use=l&cat=p&typeid=i","cat":318431},{"id":61609,"n":"Sauce Aïoli Bénédicta - 260g","p":1.45,"u":"5,58 €/KG","img":"https://fd8-photos.leclercdrive.fr/image.ashx?id=2689934&use=l&cat=p&typeid=i","cat":318430},{"id":61626,"n":"Cocktail Douceur du Verger 4 fruits - Sirop léger - 250 g","p":1.5,"u":"6,00 €/KG","img":"https://fd8-photos.leclercdrive.fr/image.ashx?id=2783026&use=l&cat=p&typeid=i","cat":284507},{"id":61628,"n":"Fruits au sirop St Mamet Pêches - 245g","p":1.86,"u":"7,59 €/KG","img":"https://fd8-photos.leclercdrive.fr/image.ashx?id=2628428&use=l&cat=p&typeid=i","cat":284507},{"id":61631,"n":"Cocktail Douceur du Verger 4 fruits - Sirop léger- 500g","p":1.99,"u":"3,98 €/KG","img":"https://fd8-photos.leclercdrive.fr/image.ashx?id=2783023&use=l&cat=p&typeid=i","cat":284507},{"id":61634,"n":"Poires Douceur du Verger Sirop léger - 455 g","p":1.95,"u":"4,29 €/KG","img":"https://fd8-photos.leclercdrive.fr/image.ashx?id=2783020&use=l&cat=p&typeid=i","cat":284507},{"id":61638,"n":"Lentilles Préparées Cassegrain Tendres et Fondantes 460g","p":2.44,"u":"5,30 €/KG","img":"https://fd8-photos.leclercdrive.fr/image.ashx?id=3011047&use=l&cat=p&typeid=i","cat":312609},{"id":61641,"n":"Sirop d'érable Le Québécois Bio - 189ml","p":4.89,"u":"25,87 €/L","img":"https://fd8-photos.leclercdrive.fr/image.ashx?id=1601087&use=l&cat=p&typeid=i","cat":287643},{"id":61697,"n":"Eponges Spontex Multicolore - x3","p":1.56,"u":"0,52 €/P","img":"https://fd8-photos.leclercdrive.fr/image.ashx?id=2972847&use=l&cat=p&typeid=i","cat":284667},{"id":61968,"n":"AOP Petit Reblochon Le Pochat 240g","p":3.94,"u":"16,42 €/KG","img":"https://fd8-photos.leclercdrive.fr/image.ashx?id=2102764&use=l&cat=p&typeid=i","cat":314037},{"id":62004,"n":"Cornichons Maille  Mini classique - 370g","p":3.92,"u":"10,59 €/KG","img":"https://fd8-photos.leclercdrive.fr/image.ashx?id=2916567&use=l&cat=p&typeid=i","cat":284458},{"id":62007,"n":"Sardines Huile Olive PARMENTIER Vierge Extra - 135g","p":1.56,"u":"11,56 €/KG","img":"https://fd8-photos.leclercdrive.fr/image.ashx?id=3014410&use=l&cat=p&typeid=i","cat":305146},{"id":62042,"n":"Haricots rouges D'aucy  500g","p":2.02,"u":"4,04 €/KG","img":"https://fd8-photos.leclercdrive.fr/image.ashx?id=2491190&use=l&cat=p&typeid=i","cat":312606},{"id":62043,"n":"Lentilles préparées D'aucy  265g","p":0.93,"u":"3,51 €/KG","img":"https://fd8-photos.leclercdrive.fr/image.ashx?id=2560600&use=l&cat=p&typeid=i","cat":312609},{"id":62045,"n":"Haricots verts Jardin Bio étic Bio sans sel - 345g","p":3.66,"u":"10,61 €/KG","img":"https://fd8-photos.leclercdrive.fr/image.ashx?id=2535010&use=l&cat=p&typeid=i","cat":312606},{"id":62050,"n":"Macédoine déjà égouttée D'aucy 265g","p":1.29,"u":"4,87 €/KG","img":"https://fd8-photos.leclercdrive.fr/image.ashx?id=2511601&use=l&cat=p&typeid=i","cat":312612},{"id":62053,"n":"Haricots Coco Cuisinés Cassegrain Tomate, Laurier 435g","p":1.78,"u":"7,12 €/KG","img":"https://fd8-photos.leclercdrive.fr/image.ashx?id=2952466&use=l&cat=p&typeid=i","cat":312606},{"id":62054,"n":"Courgettes Cuisinées Cassegrain à la Provençale 185g","p":2.19,"u":"11,84 €/KG","img":"https://fd8-photos.leclercdrive.fr/image.ashx?id=2913022&use=l&cat=p&typeid=i","cat":312612},{"id":62055,"n":"Aubergines Cuisinées Cassegrain à la Provençale 185g","p":2.34,"u":"12,65 €/KG","img":"https://fd8-photos.leclercdrive.fr/image.ashx?id=2913019&use=l&cat=p&typeid=i","cat":312612},{"id":62066,"n":"Lentilles cuisinées façon Sud-Ouest Cassegrain 410g","p":1.99,"u":"4,85 €/KG","img":"https://fd8-photos.leclercdrive.fr/image.ashx?id=2862131&use=l&cat=p&typeid=i","cat":312609},{"id":62067,"n":"Flageolets Préparés Cassegrain Extra Fins 130g","p":1.06,"u":"8,15 €/KG","img":"https://fd8-photos.leclercdrive.fr/image.ashx?id=2912980&use=l&cat=p&typeid=i","cat":312606},{"id":62083,"n":"Soda Schweppes Saveur Agrumes - 1L","p":1.59,"u":"1,59 €/L","img":"https://fd8-photos.leclercdrive.fr/image.ashx?id=2852414&use=l&cat=p&typeid=i","cat":284532},{"id":62094,"n":"Sauce fajitas Old El Paso à cuisiner doux - 395g","p":2.23,"u":"5,65 €/KG","img":"https://fd8-photos.leclercdrive.fr/image.ashx?id=2950852&use=l&cat=p&typeid=i","cat":288993},{"id":62095,"n":"Chips Tortilla Old El Paso Fajita - 185g","p":2.29,"u":"12,38 €/KG","img":"https://fd8-photos.leclercdrive.fr/image.ashx?id=2444522&use=l&cat=p&typeid=i","cat":288993},{"id":62101,"n":"Miel l'Apiculteur liquide   et savoureux - 500g","p":6.93,"u":"13,86 €/KG","img":"https://fd8-photos.leclercdrive.fr/image.ashx?id=3008077&use=l&cat=p&typeid=i","cat":287643},{"id":62112,"n":"Compotes Pom'Potes Gourdes  Pomme Nature - 12x90g","p":4.9,"u":"4,54 €/KG","img":"https://fd8-photos.leclercdrive.fr/image.ashx?id=3010927&use=l&cat=p&typeid=i","cat":284508},{"id":62120,"n":"Cookies Choco Sensation Milka Chocolat au lait - 312g","p":3.98,"u":"12,76 €/KG","img":"https://fd8-photos.leclercdrive.fr/image.ashx?id=3002279&use=l&cat=p&typeid=i","cat":325066},{"id":62128,"n":"Biscuits fourrés Prince Tout chocolat - 300g","p":1.49,"u":"4,97 €/KG","img":"https://fd8-photos.leclercdrive.fr/image.ashx?id=2528801&use=l&cat=p&typeid=i","cat":284488},{"id":62130,"n":"Cookies extra moelleux Granola Pépites de chocolat - 312g","p":3.59,"u":"11,51 €/KG","img":"https://fd8-photos.leclercdrive.fr/image.ashx?id=2306723&use=l&cat=p&typeid=i","cat":325066},{"id":62142,"n":"Biscottes Braisor Heudebert  Nature - 500g","p":3.25,"u":"6,50 €/KG","img":"https://fd8-photos.leclercdrive.fr/image.ashx?id=2680176&use=l&cat=p&typeid=i","cat":284479},{"id":62146,"n":"Brioche La Fournée Dorée Tranchée crème fraiche - 500g","p":2.27,"u":"4,54 €/KG","img":"https://fd8-photos.leclercdrive.fr/image.ashx?id=2415365&use=l&cat=p&typeid=i","cat":284478},{"id":62148,"n":"Brioch'burger La fournée Dorée x4 - 250g","p":1.68,"u":"6,72 €/KG","img":"https://fd8-photos.leclercdrive.fr/image.ashx?id=2765261&use=l&cat=p&typeid=i","cat":325067},{"id":62162,"n":"Donuts Curly 100g","p":1.13,"u":"11,30 €/KG","img":"https://fd8-photos.leclercdrive.fr/image.ashx?id=2446836&use=l&cat=p&typeid=i","cat":284449},{"id":62163,"n":"Madeleines coquilles St Michel chocolat au lait - 350g","p":3.59,"u":"10,26 €/KG","img":"https://fd8-photos.leclercdrive.fr/image.ashx?id=2936182&use=l&cat=p&typeid=i","cat":284492},{"id":62226,"n":"Soda Coca-Cola Sans Sucres Bouteille - 1L","p":1.4,"u":"1,40 €/L","img":"https://fd8-photos.leclercdrive.fr/image.ashx?id=2194418&use=l&cat=p&typeid=i","cat":284530},{"id":62238,"n":"Bière blonde Grimbergen Triple d'Abbaye -8° - 6x25cl","p":5.59,"u":"3,73 €/L","img":"https://fd8-photos.leclercdrive.fr/image.ashx?id=2317363&use=l&cat=p&typeid=i","cat":334852},{"id":62246,"n":"Soda au cola Pepsi La bouteille de 1.5L","p":1.17,"u":"0,78 €/L","img":"https://fd8-photos.leclercdrive.fr/image.ashx?id=2896318&use=l&cat=p&typeid=i","cat":284530},{"id":62251,"n":"Soda au cola Pepsi Zéro sucres La bouteille de 1.5L","p":1.15,"u":"0,77 €/L","img":"https://fd8-photos.leclercdrive.fr/image.ashx?id=2683130&use=l&cat=p&typeid=i","cat":284530},{"id":62252,"n":"Soda 7UP Citron et citron vert - 1.5L","p":1.2,"u":"0,80 €/L","img":"https://fd8-photos.leclercdrive.fr/image.ashx?id=2748545&use=l&cat=p&typeid=i","cat":284531},{"id":62303,"n":"yaourt fruits bio les 2 vaches brassé framboise - 4x115g","p":2.0,"u":"4,35 €/KG","img":"https://fd8-photos.leclercdrive.fr/image.ashx?id=2571533&use=l&cat=p&typeid=i","cat":284410},{"id":62333,"n":"Yaourt brassé Bio les 2 vaches Citron - 4x115g","p":1.99,"u":"4,33 €/KG","img":"https://fd8-photos.leclercdrive.fr/image.ashx?id=2571536&use=l&cat=p&typeid=i","cat":284410},{"id":62335,"n":"yaourt fruits bio les 2 vaches brassé myrtille - 4x115g","p":2.01,"u":"4,37 €/KG","img":"https://fd8-photos.leclercdrive.fr/image.ashx?id=2571530&use=l&cat=p&typeid=i","cat":284410},{"id":62340,"n":"Jus d'oranges pressées Andros 1.5L","p":4.25,"u":"2,83 €/L","img":"https://fd8-photos.leclercdrive.fr/image.ashx?id=2904272&use=l&cat=p&typeid=i","cat":285435},{"id":62357,"n":"Faisselle Rians Coulis framboise - 240g","p":1.87,"u":"7,79 €/KG","img":"https://fd8-photos.leclercdrive.fr/image.ashx?id=2522776&use=l&cat=p&typeid=i","cat":284410},{"id":62417,"n":"Jus de pamplemousse rose pressé Andros - 1L","p":3.2,"u":"3,20 €/L","img":"https://fd8-photos.leclercdrive.fr/image.ashx?id=2928423&use=l&cat=p&typeid=i","cat":285435},{"id":62481,"n":"Coton disque Bio Bionaïa x70","p":0.97,"u":"0,01 €/P","img":"https://fd8-photos.leclercdrive.fr/image.ashx?id=2434942&use=l&cat=p&typeid=i","cat":285593},{"id":62482,"n":"Coton-tige Bio Bionaïa x200 bâtonnets ouatés","p":0.86,"img":"https://fd8-photos.leclercdrive.fr/image.ashx?id=2598704&use=l&cat=p&typeid=i","cat":285593},{"id":62497,"n":"Biscuit bébé Blédina 12 mois  Petit beurre pépites choco-133g","p":2.16,"u":"16,24 €/KG","img":"https://fd8-photos.leclercdrive.fr/image.ashx?id=2639344&use=l&cat=p&typeid=i","cat":312227},{"id":62555,"n":"Boissons aux fruits Fruit Shoot Tropical - 12x20cl","p":4.29,"u":"1,79 €/L","img":"https://fd8-photos.leclercdrive.fr/image.ashx?id=2915736&use=l&cat=p&typeid=i","cat":295018},{"id":62561,"n":"Rasoirs jetables Carré Homme 3 lames - x8","p":2.66,"u":"0,33 €/P","img":"https://fd8-photos.leclercdrive.fr/image.ashx?id=2869859&use=l&cat=p&typeid=i","cat":284616},{"id":62567,"n":"Papier toilette Mimosa Humide x50","p":1.29,"u":"0,03 €/P","img":"https://fd8-photos.leclercdrive.fr/image.ashx?id=2823126&use=l&cat=p&typeid=i","cat":284634},{"id":62568,"n":"Papier toilette Mimosa Humide douceur x50","p":1.29,"u":"0,03 €/P","img":"https://fd8-photos.leclercdrive.fr/image.ashx?id=2064606&use=l&cat=p&typeid=i","cat":284634},{"id":62571,"n":"Soda à l'orange Orangina 1L","p":1.72,"u":"1,72 €/L","img":"https://fd8-photos.leclercdrive.fr/image.ashx?id=2668413&use=l&cat=p&typeid=i","cat":284532},{"id":62574,"n":"Bière ambrée Grimbergen 6,5° - 6x25cl","p":5.81,"u":"3,87 €/L","img":"https://fd8-photos.leclercdrive.fr/image.ashx?id=2293483&use=l&cat=p&typeid=i","cat":334852},{"id":62575,"n":"Coton disque Inell Rond confort x70","p":0.61,"u":"0,01 €/P","img":"https://fd8-photos.leclercdrive.fr/image.ashx?id=2169171&use=l&cat=p&typeid=i","cat":285593},{"id":62576,"n":"Bière blanche Grimbergen 6° - 6x25cl","p":5.12,"u":"3,41 €/L","img":"https://fd8-photos.leclercdrive.fr/image.ashx?id=2294375&use=l&cat=p&typeid=i","cat":334878},{"id":62581,"n":"Bière aromatisée Grimbergen Cerise 5,5° - 6x25cl","p":5.81,"u":"3,87 €/L","img":"https://fd8-photos.leclercdrive.fr/image.ashx?id=2312798&use=l&cat=p&typeid=i","cat":334878},{"id":62614,"n":"Pâte à tartiner Ovomaltine Crunchy - 360g","p":3.15,"u":"8,75 €/KG","img":"https://fd8-photos.leclercdrive.fr/image.ashx?id=2428645&use=l&cat=p&typeid=i","cat":284481},{"id":62619,"n":"Biscuits nappés Pépito Chocolat au lait - 2x192g","p":2.54,"u":"6,61 €/KG","img":"https://fd8-photos.leclercdrive.fr/image.ashx?id=2989444&use=l&cat=p&typeid=i","cat":284488},{"id":62668,"n":"Brosse à dents Sensodyne Extra souple x1","p":2.07,"pp":1.45,"img":"https://fd8-photos.leclercdrive.fr/image.ashx?id=2923633&use=l&cat=p&typeid=i","cat":284614},{"id":62673,"n":"Dentifrice Sensodyne Rapide action blancheur - 75ml","p":4.05,"u":"54,00 €/L","img":"https://fd8-photos.leclercdrive.fr/image.ashx?id=2556303&use=l&cat=p&typeid=i","cat":284612},{"id":62676,"n":"Gel douche bio So Bio Etic  Karité sans sulfate - 650ml","p":5.61,"u":"8,63 €/L","img":"https://fd8-photos.leclercdrive.fr/image.ashx?id=2850593&use=l&cat=p&typeid=i","cat":284594},{"id":62677,"n":"Gel douche bio So Bio Etic Aloe vera sans sulfate 650ml","p":5.66,"u":"8,71 €/L","img":"https://fd8-photos.leclercdrive.fr/image.ashx?id=2850596&use=l&cat=p&typeid=i","cat":284594},{"id":62678,"n":"Crème douche bio So Bio Etic Lait d'anesse - 650ml","p":5.55,"u":"8,54 €/L","img":"https://fd8-photos.leclercdrive.fr/image.ashx?id=2862515&use=l&cat=p&typeid=i","cat":284594},{"id":62681,"n":"Eau de javel Clair Parfum citron - 2L","p":0.98,"u":"0,49 €/L","img":"https://fd8-photos.leclercdrive.fr/image.ashx?id=2949206&use=l&cat=p&typeid=i","cat":284661},{"id":62682,"n":"Javel en gel Clair  Citron vert - 750ml","p":1.18,"u":"1,57 €/L","img":"https://fd8-photos.leclercdrive.fr/image.ashx?id=2843881&use=l&cat=p&typeid=i","cat":284661},{"id":62687,"n":"Spray nasal Primoplast 100% eau de mer - 150ml","p":4.45,"u":"29,67 €/L","img":"https://fd8-photos.leclercdrive.fr/image.ashx?id=2955758&use=l&cat=p&typeid=i","cat":284630},{"id":62697,"n":"Nappe damassée Homeside Blanche - 8m","p":1.61,"img":"https://fd8-photos.leclercdrive.fr/image.ashx?id=1659708&use=l&cat=p&typeid=i","cat":334134},{"id":62722,"n":"Biscuits fourrés Prince Chocolat lait - 300g","p":1.47,"u":"4,90 €/KG","img":"https://fd8-photos.leclercdrive.fr/image.ashx?id=2349070&use=l&cat=p&typeid=i","cat":284488},{"id":62723,"n":"Biscuits fourrés Prince Multi céréales - 293g","p":1.52,"u":"5,19 €/KG","img":"https://fd8-photos.leclercdrive.fr/image.ashx?id=2350993&use=l&cat=p&typeid=i","cat":284488},{"id":62724,"n":"Biscuits Double Crème Oreo Vanille - 157g","p":1.26,"u":"8,03 €/KG","img":"https://fd8-photos.leclercdrive.fr/image.ashx?id=2160198&use=l&cat=p&typeid=i","cat":284488},{"id":62726,"n":"Compote bio Bio Village Bocal pomme - 625g","p":2.07,"u":"3,31 €/KG","img":"https://fd8-photos.leclercdrive.fr/image.ashx?id=1948042&use=l&cat=p&typeid=i","cat":284508},{"id":62730,"n":"Fruits au sirop St Mamet Poires williams - 235g","p":1.85,"u":"7,87 €/KG","img":"https://fd8-photos.leclercdrive.fr/image.ashx?id=2630220&use=l&cat=p&typeid=i","cat":284507},{"id":62731,"n":"Abricots Douceur du Verger Sirop léger - 475 g","p":2.42,"u":"5,09 €/KG","img":"https://fd8-photos.leclercdrive.fr/image.ashx?id=2618235&use=l&cat=p&typeid=i","cat":284507},{"id":62740,"n":"Lait de coco Suzi Wan  Allégé - 200ml","p":1.56,"u":"7,80 €/L","img":"https://fd8-photos.leclercdrive.fr/image.ashx?id=2892922&use=l&cat=p&typeid=i","cat":288992},{"id":62742,"n":"Gressins sésames bio Bio Village - 125g","p":1.52,"u":"12,16 €/KG","img":"https://fd8-photos.leclercdrive.fr/image.ashx?id=1944640&use=l&cat=p&typeid=i","cat":297000},{"id":62745,"n":"Palmiers bio Bio Village  Fromage - 100g","p":2.25,"u":"22,50 €/KG","img":"https://fd8-photos.leclercdrive.fr/image.ashx?id=1102083&use=l&cat=p&typeid=i","cat":297000},{"id":62749,"n":"Crackers Heudebert  Nature - 250g","p":1.44,"u":"5,76 €/KG","img":"https://fd8-photos.leclercdrive.fr/image.ashx?id=2670785&use=l&cat=p&typeid=i","cat":284479},{"id":62753,"n":"Noix de cajou Bio Village  Bio Grillées - 100g","p":2.1,"u":"21,00 €/KG","img":"https://fd8-photos.leclercdrive.fr/image.ashx?id=2664590&use=l&cat=p&typeid=i","cat":284448},{"id":62858,"n":"Biscuit Nature GERBLE  sans sucres ajoutés - 132g","p":2.07,"u":"15,68 €/KG","img":"https://fd8-photos.leclercdrive.fr/image.ashx?id=2662835&use=l&cat=p&typeid=i","cat":318653},{"id":62875,"n":"Confiture fraise Gerblé Sans sucres ajoutés - 320g","p":2.35,"u":"7,34 €/KG","img":"https://fd8-photos.leclercdrive.fr/image.ashx?id=2676678&use=l&cat=p&typeid=i","cat":318653},{"id":63009,"n":"Sardine entière Pêche Océan Nature - 95g","p":1.37,"u":"14,42 €/KG","img":"https://fd8-photos.leclercdrive.fr/image.ashx?id=2692964&use=l&cat=p&typeid=i","cat":305146},{"id":63037,"n":"Boulettes de veau Tendriade Nature - 360g","p":4.9,"u":"13,61 €/KG","img":"https://fd8-photos.leclercdrive.fr/image.ashx?id=2848935&use=l&cat=p&typeid=i","cat":284332},{"id":63248,"n":"Biscuits fourrés Prince Maxi Chocolat - 2X250g","p":3.36,"u":"6,72 €/KG","img":"https://fd8-photos.leclercdrive.fr/image.ashx?id=2347308&use=l&cat=p&typeid=i","cat":284488},{"id":63284,"n":"AOP Champagne Canard Duchêne Charles VII Brut - 75cl","p":31.26,"u":"41,68 €/L","img":"https://fd8-photos.leclercdrive.fr/image.ashx?id=2174390&use=l&cat=p&typeid=i","cat":284542},{"id":63287,"n":"AOP Crémant de Bordeaux Malesan brut - 75cl","p":6.99,"u":"9,32 €/L","img":"https://fd8-photos.leclercdrive.fr/image.ashx?id=2497193&use=l&cat=p&typeid=i","cat":284545},{"id":63304,"n":"Pizza Crust Sodebo Classic Jambon Emmental - 600g","p":4.86,"u":"8,10 €/KG","img":"https://fd8-photos.leclercdrive.fr/image.ashx?id=3008254&use=l&cat=p&typeid=i","cat":333679},{"id":63306,"n":"Pizza Crust Sodebo Buffalo boeuf poivrons - 600g","p":5.78,"u":"9,63 €/KG","img":"https://fd8-photos.leclercdrive.fr/image.ashx?id=3011197&use=l&cat=p&typeid=i","cat":333679},{"id":63320,"n":"Rhum Vieux Agricole AOC  Martinique 40%vol - 70cl","p":22.78,"u":"32,54 €/L","img":"https://fd8-photos.leclercdrive.fr/image.ashx?id=2731075&use=l&cat=p&typeid=i","cat":284550},{"id":63503,"n":"Fromage Pavé d'Affinois Mini Mix 3 variétés - 160g","p":2.95,"u":"18,44 €/KG","img":"https://fd8-photos.leclercdrive.fr/image.ashx?id=3002066&use=l&cat=p&typeid=i","cat":314030},{"id":63519,"n":"Gnocchi Lustucru Selection  Maxi 650g","p":2.93,"u":"4,51 €/KG","img":"https://fd8-photos.leclercdrive.fr/image.ashx?id=2792387&use=l&cat=p&typeid=i","cat":333682},{"id":63520,"n":"Pizza crust Sodebo Cheesy 4 fromages - 580g","p":4.82,"u":"8,31 €/KG","img":"https://fd8-photos.leclercdrive.fr/image.ashx?id=2912098&use=l&cat=p&typeid=i","cat":333679},{"id":63521,"n":"Penne au saumon Marie Crème d'épinard - 280g","p":3.2,"u":"11,43 €/KG","img":"https://fd8-photos.leclercdrive.fr/image.ashx?id=2317519&use=l&cat=p&typeid=i","cat":333665},{"id":63528,"n":"Boisson énergisante Crazy Tiger Canette - 50cl","p":1.02,"u":"2,04 €/L","img":"https://fd8-photos.leclercdrive.fr/image.ashx?id=2859641&use=l&cat=p&typeid=i","cat":284533},{"id":63541,"n":"Sauce barbecue Rustica 560g","p":1.78,"u":"3,18 €/KG","img":"https://fd8-photos.leclercdrive.fr/image.ashx?id=2092948&use=l&cat=p&typeid=i","cat":318431},{"id":63608,"n":"Chèvre fouetté Soignon Nature - 140g","p":2.45,"u":"17,50 €/KG","img":"https://fd8-photos.leclercdrive.fr/image.ashx?id=2516602&use=l&cat=p&typeid=i","cat":314029},{"id":63708,"n":"Jus multifruits Joker   Fruits et légumes  - 1L","p":2.09,"u":"2,09 €/L","img":"https://fd8-photos.leclercdrive.fr/image.ashx?id=2731180&use=l&cat=p&typeid=i","cat":284917},{"id":63756,"n":"Pur jus Tropicana Orange Pure Premium Avec pulpe - 1L","p":2.57,"u":"2,57 €/L","img":"https://fd8-photos.leclercdrive.fr/image.ashx?id=2605668&use=l&cat=p&typeid=i","cat":284521},{"id":63759,"n":"Pur Jus Jafaden Mutlifruits - 2L","p":2.75,"u":"1,38 €/L","img":"https://fd8-photos.leclercdrive.fr/image.ashx?id=2762955&use=l&cat=p&typeid=i","cat":284917},{"id":63762,"n":"Boisson aux fruits Oasis Tropical - 6x33cl","p":3.57,"u":"1,80 €/L","img":"https://fd8-photos.leclercdrive.fr/image.ashx?id=2900812&use=l&cat=p&typeid=i","cat":295018},{"id":63768,"n":"Boisson aux fruits Oasis Pomme Cassis Framboise - 6x33cl","p":4.02,"u":"2,03 €/L","img":"https://fd8-photos.leclercdrive.fr/image.ashx?id=3014449&use=l&cat=p&typeid=i","cat":295018},{"id":63776,"n":"Sirop Moulin de Valdonne Fraise des bois - 70cl","p":3.52,"u":"5,03 €/L","img":"https://fd8-photos.leclercdrive.fr/image.ashx?id=2170589&use=l&cat=p&typeid=i","cat":295020},{"id":63794,"n":"Soda Schweppes Saveur Citron - 6x33cl","p":3.67,"u":"1,85 €/L","img":"https://fd8-photos.leclercdrive.fr/image.ashx?id=2852743&use=l&cat=p&typeid=i","cat":284532},{"id":63795,"n":"Soda Schweppes Indian Tonic - 6x33cl","p":3.65,"u":"1,84 €/L","img":"https://fd8-photos.leclercdrive.fr/image.ashx?id=2852423&use=l&cat=p&typeid=i","cat":284531},{"id":63797,"n":"Soda Schweppes Saveur Agrumes - 6x33cl","p":3.51,"u":"1,77 €/L","img":"https://fd8-photos.leclercdrive.fr/image.ashx?id=2852737&use=l&cat=p&typeid=i","cat":284532},{"id":63814,"n":"Pur jus Tropicana Orange Pure Premium avec pulpe - 2x1L","p":5.14,"u":"2,57 €/L","img":"https://fd8-photos.leclercdrive.fr/image.ashx?id=2592690&use=l&cat=p&typeid=i","cat":284521},{"id":63817,"n":"Whisky Old Pulteney 12 ans - 40% vol. - 70CL","p":32.68,"u":"46,69 €/L","img":"https://fd8-photos.leclercdrive.fr/image.ashx?id=1852281&use=l&cat=p&typeid=i","cat":284547},{"id":63824,"n":"Soda Coca-Cola Zéro Sans caféine - 1.25L","p":1.52,"u":"1,22 €/L","img":"https://fd8-photos.leclercdrive.fr/image.ashx?id=3009059&use=l&cat=p&typeid=i","cat":284530},{"id":63828,"n":"Concentré à diluer Pulco Citron Vert Menthe - 70cl","p":2.73,"u":"3,90 €/L","img":"https://fd8-photos.leclercdrive.fr/image.ashx?id=2687791&use=l&cat=p&typeid=i","cat":295020},{"id":63837,"n":"Champignons Eco+ Pieds et morceaux - 230g","p":0.82,"u":"3,57 €/KG","img":"https://fd8-photos.leclercdrive.fr/image.ashx?id=2783002&use=l&cat=p&typeid=i","cat":312610},{"id":63892,"n":"Capsules café L'Or Espresso Forza N°9 x10","p":3.14,"u":"60,38 €/KG","img":"https://fd8-photos.leclercdrive.fr/image.ashx?id=2393753&use=l&cat=p&typeid=i","cat":284749},{"id":63971,"n":"Escalope cordon bleu Père dodu Poulet x4 - 400g - Familial","p":4.1,"u":"10,25 €/KG","img":"https://fd8-photos.leclercdrive.fr/image.ashx?id=2957173&use=l&cat=p&typeid=i","cat":333683},{"id":63989,"n":"Mascarpone Bio Village Bio - 250g","p":2.98,"u":"11,92 €/KG","img":"https://fd8-photos.leclercdrive.fr/image.ashx?id=1211724&use=l&cat=p&typeid=i","cat":314026},{"id":63993,"n":"Crème glacée Eskiss  Douceur de vanille - 500g","p":3.91,"u":"7,82 €/KG","img":"https://fd8-photos.leclercdrive.fr/image.ashx?id=2982634&use=l&cat=p&typeid=i","cat":284263},{"id":64014,"n":"Mélange de jeunes pousses Bio Bio Village - 100g","p":2.02,"u":"20,20 €/KG","img":"https://fd8-photos.leclercdrive.fr/image.ashx?id=2655613&use=l&cat=p&typeid=i","cat":284353},{"id":64032,"n":"Pur jus d'orange Tropicana Sans pulpe - 2x1L","p":5.09,"u":"2,55 €/L","img":"https://fd8-photos.leclercdrive.fr/image.ashx?id=2605671&use=l&cat=p&typeid=i","cat":284521},{"id":64052,"n":"Bière blonde Castelain Grand cru 8.5% - 75cl","p":4.09,"u":"5,45 €/L","img":"https://fd8-photos.leclercdrive.fr/image.ashx?id=2139097&use=l&cat=p&typeid=i","cat":334872},{"id":64061,"n":"Petits feuilletés Atelier Blini Coffret de nos régions - 485g","p":7.65,"u":"15,77 €/KG","img":"https://fd8-photos.leclercdrive.fr/image.ashx?id=1596371&use=l&cat=p&typeid=i","cat":319774},{"id":64069,"n":"Petits fours Atelier Blini  Coffret - 415g","p":7.69,"u":"18,53 €/KG","img":"https://fd8-photos.leclercdrive.fr/image.ashx?id=1560322&use=l&cat=p&typeid=i","cat":319774},{"id":64108,"n":"Fromage à Tartiner Carré Frais  Nature 8 Portions - 200g","p":2.16,"u":"10,80 €/KG","img":"https://fd8-photos.leclercdrive.fr/image.ashx?id=2452209&use=l&cat=p&typeid=i","cat":314029},{"id":64109,"n":"Fromage blanc Délisse 3.2%mg 12x100g","p":2.69,"u":"2,24 €/KG","img":"https://fd8-photos.leclercdrive.fr/image.ashx?id=3012848&use=l&cat=p&typeid=i","cat":284409},{"id":64132,"n":"Baume hydratant Cicabiafine 400 ml","p":16.99,"u":"42,48 €/L","img":"https://fd8-photos.leclercdrive.fr/image.ashx?id=2993418&use=l&cat=p&typeid=i","cat":290421},{"id":64133,"n":"Crème hydratante Cicabiafine 200 ml","p":13.65,"u":"68,25 €/L","img":"https://fd8-photos.leclercdrive.fr/image.ashx?id=2997034&use=l&cat=p&typeid=i","cat":290421},{"id":64135,"n":"Lait hydratant Cicabiafine 400 ml","p":15.65,"u":"39,13 €/L","img":"https://fd8-photos.leclercdrive.fr/image.ashx?id=2993424&use=l&cat=p&typeid=i","cat":290421},{"id":64139,"n":"Crème mains parfumée Neutrogena 2x50 ml","p":8.49,"u":"169,80 €/L","img":"https://fd8-photos.leclercdrive.fr/image.ashx?id=2928837&use=l&cat=p&typeid=i","cat":290424},{"id":64142,"n":"Crème mains Cicabiafine Réparation intense - 75 ml","p":5.59,"u":"74,53 €/L","img":"https://fd8-photos.leclercdrive.fr/image.ashx?id=2993421&use=l&cat=p&typeid=i","cat":290424},{"id":64143,"n":"Crème pieds Neutrogena Pieds secs et abimés - 150 ml","p":9.39,"u":"62,60 €/L","img":"https://fd8-photos.leclercdrive.fr/image.ashx?id=2750033&use=l&cat=p&typeid=i","cat":290424},{"id":64161,"n":"Nettoyant Lipikar Syndet AP  La Roche Posay - 400 ml","p":13.79,"u":"34,48 €/L","img":"https://fd8-photos.leclercdrive.fr/image.ashx?id=2404779&use=l&cat=p&typeid=i","cat":301591},{"id":64165,"n":"Déodorant bille intensif Vichy Anti-transpirant 2x50ml","p":14.89,"u":"148,90 €/L","img":"https://fd8-photos.leclercdrive.fr/image.ashx?id=1971467&use=l&cat=p&typeid=i","cat":301593},{"id":64176,"n":"Toleriane La Roche Posay Dermo nettoyant - 400 ml","p":12.89,"u":"32,23 €/L","img":"https://fd8-photos.leclercdrive.fr/image.ashx?id=2864531&use=l&cat=p&typeid=i","cat":301587},{"id":64177,"n":"Eau micellaire La Roche Posay 400 ml","p":10.99,"u":"27,48 €/L","img":"https://fd8-photos.leclercdrive.fr/image.ashx?id=2863154&use=l&cat=p&typeid=i","cat":301587},{"id":64178,"n":"Gel moussant La Roche-Posay Purifiant - 400ml","p":12.9,"u":"32,25 €/L","img":"https://fd8-photos.leclercdrive.fr/image.ashx?id=2850557&use=l&cat=p&typeid=i","cat":301587},{"id":64179,"n":"Démaquillant 3en1 Vichy Pureté thermale - 300 ml","p":8.99,"u":"29,97 €/L","img":"https://fd8-photos.leclercdrive.fr/image.ashx?id=1971455&use=l&cat=p&typeid=i","cat":301587},{"id":64181,"n":"Respectissime La Rose Posay Démaquillant yeux waterp. 125ml","p":13.99,"u":"111,92 €/L","img":"https://fd8-photos.leclercdrive.fr/image.ashx?id=2863160&use=l&cat=p&typeid=i","cat":301587},{"id":64187,"n":"Capital soleil lait SPF50 Vichy 300 ml","p":15.7,"u":"52,33 €/L","img":"https://fd8-photos.leclercdrive.fr/image.ashx?id=1975616&use=l&cat=p&typeid=i","cat":290396},{"id":64191,"n":"Tomates cerises allongées Panier du Primeur - 250g","p":1.59,"u":"6,36 €/KG","img":"https://fd8-photos.leclercdrive.fr/image.ashx?id=2988099&use=l&cat=p&typeid=i","cat":284352},{"id":64194,"n":"Capital Soleil Vichy Lait après-soleil 300 ml","p":12.99,"u":"43,30 €/L","img":"https://fd8-photos.leclercdrive.fr/image.ashx?id=1971461&use=l&cat=p&typeid=i","cat":290394},{"id":64195,"n":"Eau thermale La Roche Posay Peaux sensibles - 300 ml","p":8.2,"u":"27,33 €/L","img":"https://fd8-photos.leclercdrive.fr/image.ashx?id=1971623&use=l&cat=p&typeid=i","cat":301247},{"id":64197,"n":"Détranspirant Etiaxil Peaux normales  -15 ml","p":8.5,"u":"566,67 €/L","img":"https://fd8-photos.leclercdrive.fr/image.ashx?id=2189522&use=l&cat=p&typeid=i","cat":301593},{"id":64199,"n":"Hydralin Gyn Soin intime 200 ml","p":7.45,"u":"37,25 €/L","img":"https://fd8-photos.leclercdrive.fr/image.ashx?id=2959082&use=l&cat=p&typeid=i","cat":301348},{"id":64200,"n":"Hydralin apaisa Soin intime 400 ml","p":9.9,"u":"24,75 €/L","img":"https://fd8-photos.leclercdrive.fr/image.ashx?id=2905730&use=l&cat=p&typeid=i","cat":301348},{"id":64201,"n":"Berocca Boost effervescent 30 comprimés","p":18.95,"u":"0,63 €/P","img":"https://fd8-photos.leclercdrive.fr/image.ashx?id=2861641&use=l&cat=p&typeid=i","cat":301264},{"id":64205,"n":"Dentifrice pâte Parodontax Protection gencives - 2x75ml","p":6.99,"img":"https://fd8-photos.leclercdrive.fr/image.ashx?id=2537078&use=l&cat=p&typeid=i","cat":290419},{"id":64207,"n":"Dentifrice gel Parodontax 2x75 ml","p":6.99,"u":"23,30 €/L","img":"https://fd8-photos.leclercdrive.fr/image.ashx?id=2536960&use=l&cat=p&typeid=i","cat":290419},{"id":64213,"n":"Liniment Oleothermal Uriage Soin Bébé - 500 ml","p":4.99,"u":"9,98 €/L","img":"https://fd8-photos.leclercdrive.fr/image.ashx?id=2689961&use=l&cat=p&typeid=i","cat":290387},{"id":64218,"n":"Surgras liquide Uriage 1 L","p":8.99,"u":"8,99 €/L","img":"https://fd8-photos.leclercdrive.fr/image.ashx?id=1955894&use=l&cat=p&typeid=i","cat":301591},{"id":64221,"n":"Crème solaire SPF 50+ Uriage Soin Bébé 50 ml","p":9.99,"u":"199,80 €/L","img":"https://fd8-photos.leclercdrive.fr/image.ashx?id=1955909&use=l&cat=p&typeid=i","cat":290425},{"id":64225,"n":"Eau thermale Uriage 300 ml","p":5.39,"u":"17,97 €/L","img":"https://fd8-photos.leclercdrive.fr/image.ashx?id=2944855&use=l&cat=p&typeid=i","cat":301247},{"id":64227,"n":"Liniment Oléo-calcaire Babylena 1L","p":9.79,"u":"9,79 €/L","img":"https://fd8-photos.leclercdrive.fr/image.ashx?id=2407382&use=l&cat=p&typeid=i","cat":290387},{"id":64229,"n":"Soin lavant intime Saforelle 2x500 ml - 30%/2ième produit","p":16.98,"u":"16,98 €/L","img":"https://fd8-photos.leclercdrive.fr/image.ashx?id=2022033&use=l&cat=p&typeid=i","cat":301348},{"id":64232,"n":"Lait corps Topicrem Ultra hydratant - 2x500 ml","p":19.99,"u":"19,99 €/L","img":"https://fd8-photos.leclercdrive.fr/image.ashx?id=2687023&use=l&cat=p&typeid=i","cat":290421},{"id":64233,"n":"Gelules cheveux+ongles Forcapil 3 mois - 180 gel. + 60 offertes","p":23.9,"img":"https://fd8-photos.leclercdrive.fr/image.ashx?id=2881918&use=l&cat=p&typeid=i","cat":301266},{"id":64248,"n":"Nettoyant doux Abcderm Bioderma 1 L","p":10.99,"u":"10,99 €/L","img":"https://fd8-photos.leclercdrive.fr/image.ashx?id=2956403&use=l&cat=p&typeid=i","cat":290425},{"id":64285,"n":"Huile d'amande douce Natessance Soin Bébé - 100 ml","p":4.95,"u":"49,50 €/L","img":"https://fd8-photos.leclercdrive.fr/image.ashx?id=2009726&use=l&cat=p&typeid=i","cat":290425},{"id":64292,"n":"Rêve de miel visage corps Nuxe Gel lavant surgras - 400ml","p":11.99,"u":"29,98 €/L","img":"https://fd8-photos.leclercdrive.fr/image.ashx?id=2651453&use=l&cat=p&typeid=i","cat":301591},{"id":64300,"n":"Huile prodigieuse Nuxe  Visage, corps, cheveux - 100ml","p":24.89,"u":"248,90 €/L","img":"https://fd8-photos.leclercdrive.fr/image.ashx?id=2651483&use=l&cat=p&typeid=i","cat":290422},{"id":64306,"n":"Crème solaire visage corps Nuxe  Lait délicieux SPF30 - 150ml","p":15.79,"u":"105,27 €/L","img":"https://fd8-photos.leclercdrive.fr/image.ashx?id=2651474&use=l&cat=p&typeid=i","cat":290396},{"id":64318,"n":"Talc douceur poudreur  100g","p":2.99,"u":"29,90 €/KG","img":"https://fd8-photos.leclercdrive.fr/image.ashx?id=2057188&use=l&cat=p&typeid=i","cat":290387},{"id":64321,"n":"Serum physiologique Physiodose 40 x 5ml","p":2.5,"u":"12,50 €/L","img":"https://fd8-photos.leclercdrive.fr/image.ashx?id=2057197&use=l&cat=p&typeid=i","cat":290385},{"id":64333,"n":"Gel hydratant Puraloe 250 ml","p":11.9,"u":"47,60 €/L","img":"https://fd8-photos.leclercdrive.fr/image.ashx?id=2118324&use=l&cat=p&typeid=i","cat":291171},{"id":64401,"n":"Spray assainissant Puressentiel 41 huiles essentielles - 200 ml","p":12.99,"u":"64,95 €/L","img":"https://fd8-photos.leclercdrive.fr/image.ashx?id=2988517&use=l&cat=p&typeid=i","cat":298633},{"id":64414,"n":"Bain de bouche Botot 150 ml","p":9.99,"u":"66,60 €/L","img":"https://fd8-photos.leclercdrive.fr/image.ashx?id=2378570&use=l&cat=p&typeid=i","cat":290416},{"id":64419,"n":"Crème change Weleda Soin bébé - 75 ml","p":5.99,"u":"79,87 €/L","img":"https://fd8-photos.leclercdrive.fr/image.ashx?id=2446977&use=l&cat=p&typeid=i","cat":290387},{"id":64420,"n":"Crème au calendula Weleda visage + corps - 75 ml","p":7.88,"u":"105,07 €/L","img":"https://fd8-photos.leclercdrive.fr/image.ashx?id=2505633&use=l&cat=p&typeid=i","cat":290421},{"id":64478,"n":"Tomate cerise   Plateau 1kg","p":6.49,"u":"6,49 €/KG","img":"https://fd8-photos.leclercdrive.fr/image.ashx?id=1633733&use=l&cat=p&typeid=i","cat":284352},{"id":64493,"n":"Liquide vaisselle Rainett Citron vert - 750ml","p":1.86,"u":"2,48 €/L","img":"https://fd8-photos.leclercdrive.fr/image.ashx?id=2293096&use=l&cat=p&typeid=i","cat":284655},{"id":64666,"n":"Gâteaux moelleux Kinder Délice Coeur lait enrobé Cacao - x10","p":3.33,"u":"8,54 €/KG","img":"https://fd8-photos.leclercdrive.fr/image.ashx?id=2832476&use=l&cat=p&typeid=i","cat":284495},{"id":64680,"n":"Soupe liquide Liebig Potiron Kiri Brique - 2x30cl","p":2.38,"u":"3,97 €/L","img":"https://fd8-photos.leclercdrive.fr/image.ashx?id=2892136&use=l&cat=p&typeid=i","cat":284462},{"id":64685,"n":"Soupe liquide Liebig  Potiron - 2x30cl","p":2.07,"u":"3,45 €/L","img":"https://fd8-photos.leclercdrive.fr/image.ashx?id=2369915&use=l&cat=p&typeid=i","cat":284462},{"id":64686,"n":"Soupe liquide brique Liebig  Velouté légumes soleil - 2x30cl","p":1.9,"u":"3,17 €/L","img":"https://fd8-photos.leclercdrive.fr/image.ashx?id=2203382&use=l&cat=p&typeid=i","cat":284462},{"id":64692,"n":"Chocolat Pâtissier Nestlé Dessert - Noir corsé - 200g","p":3.04,"u":"15,20 €/KG","img":"https://fd8-photos.leclercdrive.fr/image.ashx?id=2889895&use=l&cat=p&typeid=i","cat":285562},{"id":64856,"n":"Spekkel 400g","p":1.8,"u":"4,50 €/KG","img":"https://fd8-photos.leclercdrive.fr/image.ashx?id=1174719&use=l&cat=p&typeid=i","cat":284359},{"id":64889,"n":"Végétal Nuggets Garden Gourmet Soja et Blé 200g","p":2.95,"u":"14,75 €/KG","img":"https://fd8-photos.leclercdrive.fr/image.ashx?id=2963967&use=l&cat=p&typeid=i","cat":316036},{"id":64897,"n":"Tortellini à poêler Lustucru Jambon emmental - 300g","p":2.18,"u":"7,27 €/KG","img":"https://fd8-photos.leclercdrive.fr/image.ashx?id=2792393&use=l&cat=p&typeid=i","cat":333682},{"id":64940,"n":"Collants Sublim brillant Dim Gazelle - Taille 1","p":5.4,"img":"https://fd8-photos.leclercdrive.fr/image.ashx?id=2018589&use=l&cat=p&typeid=i","cat":334130},{"id":64941,"n":"Collants Sublim brillant Dim Gazelle - Taille 2","p":5.4,"img":"https://fd8-photos.leclercdrive.fr/image.ashx?id=2183440&use=l&cat=p&typeid=i","cat":334130},{"id":64942,"n":"Colllants Sublim brillant Dim Gazelle - Taille 3","p":5.4,"img":"https://fd8-photos.leclercdrive.fr/image.ashx?id=2183443&use=l&cat=p&typeid=i","cat":334130},{"id":64943,"n":"Collants Sublim brillant Dim Gazelle - Taille 4","p":5.4,"img":"https://fd8-photos.leclercdrive.fr/image.ashx?id=2183446&use=l&cat=p&typeid=i","cat":334130},{"id":64944,"n":"Collants Sublim brillant Dim Gazelle - Taille 5","p":5.4,"img":"https://fd8-photos.leclercdrive.fr/image.ashx?id=2176638&use=l&cat=p&typeid=i","cat":334130},{"id":64947,"n":"Collants Diam's Dim Voile galbe Noir - Taille 2","p":6.2,"img":"https://fd8-photos.leclercdrive.fr/image.ashx?id=2497079&use=l&cat=p&typeid=i","cat":334130},{"id":64949,"n":"Collants Diam's Dim Voile galbe Noir - Taille 4","p":6.2,"img":"https://fd8-photos.leclercdrive.fr/image.ashx?id=2534656&use=l&cat=p&typeid=i","cat":334130},{"id":64950,"n":"Collants Diam's Dim Voile galbe Noir - Taille 5","p":6.2,"img":"https://fd8-photos.leclercdrive.fr/image.ashx?id=2177707&use=l&cat=p&typeid=i","cat":334130},{"id":64951,"n":"Collants Diam's Dim Voile galbe Noir - Taille 6","p":6.2,"img":"https://fd8-photos.leclercdrive.fr/image.ashx?id=2177710&use=l&cat=p&typeid=i","cat":334130},{"id":64964,"n":"Eau minérale gazeuse Quezac 6x1.15L","p":2.81,"u":"0,41 €/L","img":"https://fd8-photos.leclercdrive.fr/image.ashx?id=2975341&use=l&cat=p&typeid=i","cat":284536},{"id":64969,"n":"Cornets La Basquaise Assortis - 14x60g","p":2.11,"u":"2,51 €/KG","img":"https://fd8-photos.leclercdrive.fr/image.ashx?id=2542351&use=l&cat=p&typeid=i","cat":284487},{"id":64970,"n":"Cônes biscuités La Basquaise Vanille - x16 - 175g","p":3.39,"u":"19,37 €/KG","img":"https://fd8-photos.leclercdrive.fr/image.ashx?id=2644022&use=l&cat=p&typeid=i","cat":284487},{"id":64980,"n":"Parmentier de canard  Maison Tino - 750g","p":9.95,"u":"13,27 €/KG","img":"https://fd8-photos.leclercdrive.fr/image.ashx?id=2554656&use=l&cat=p&typeid=i","cat":333666},{"id":64984,"n":"Lasagne de Boeuf  Maison Tino - 900g","p":9.31,"u":"10,34 €/KG","img":"https://fd8-photos.leclercdrive.fr/image.ashx?id=2681829&use=l&cat=p&typeid=i","cat":333666},{"id":65044,"n":"Biscuits petit déjeuner Belvita Miel & pépites chocolat - 435g","p":2.7,"u":"6,21 €/KG","img":"https://fd8-photos.leclercdrive.fr/image.ashx?id=2989441&use=l&cat=p&typeid=i","cat":284491},{"id":65048,"n":"Barres céréales Grany Fraises framboises - 108g","p":1.95,"u":"18,06 €/KG","img":"https://fd8-photos.leclercdrive.fr/image.ashx?id=2834350&use=l&cat=p&typeid=i","cat":285869},{"id":65061,"n":"Eau aromatisée Volvic zest  citron vert citron - 1,5L","p":1.09,"u":"0,73 €/L","img":"https://fd8-photos.leclercdrive.fr/image.ashx?id=2730259&use=l&cat=p&typeid=i","cat":284537},{"id":65251,"n":"Collants Diam's Dim Ventre plat Noir - Taille 1","p":9.85,"img":"https://fd8-photos.leclercdrive.fr/image.ashx?id=2636796&use=l&cat=p&typeid=i","cat":334130},{"id":65253,"n":"Collants Diam's Dim Ventre plat Noir - Taille 2","p":9.85,"img":"https://fd8-photos.leclercdrive.fr/image.ashx?id=2636799&use=l&cat=p&typeid=i","cat":334130},{"id":65255,"n":"Collants Diam's Dim Ventre plat Noir - Taille 3","p":9.85,"img":"https://fd8-photos.leclercdrive.fr/image.ashx?id=2636802&use=l&cat=p&typeid=i","cat":334130},{"id":65257,"n":"Collants Diam's Dim Ventre plat Noir - Taille 4","p":9.85,"img":"https://fd8-photos.leclercdrive.fr/image.ashx?id=2636808&use=l&cat=p&typeid=i","cat":334130},{"id":65276,"n":"Mi-bas sublim Dim Voile brillant noir T35/41 x2","p":4.68,"img":"https://fd8-photos.leclercdrive.fr/image.ashx?id=2840856&use=l&cat=p&typeid=i","cat":334130},{"id":65278,"n":"Mi-bas sublim Dim  Voile brillant capri T35/41 x2","p":5.21,"img":"https://fd8-photos.leclercdrive.fr/image.ashx?id=1650275&use=l&cat=p&typeid=i","cat":334130},{"id":65281,"n":"Mi-bas sublim Dim Gazelle T35/41 x2","p":5.21,"img":"https://fd8-photos.leclercdrive.fr/image.ashx?id=2176647&use=l&cat=p&typeid=i","cat":334130},{"id":65286,"n":"Socquettes sublim Dim Noir T35/41 x2","p":3.7,"img":"https://fd8-photos.leclercdrive.fr/image.ashx?id=2534653&use=l&cat=p&typeid=i","cat":334130},{"id":65290,"n":"Socquettes sublim Dim  Capri T35/41 x2","p":4.08,"img":"https://fd8-photos.leclercdrive.fr/image.ashx?id=2176653&use=l&cat=p&typeid=i","cat":334130},{"id":65336,"n":"Café dosettes Tassimo L'Or Espresso Splendente x16","p":4.88,"u":"43,57 €/KG","img":"https://fd8-photos.leclercdrive.fr/image.ashx?id=2853404&use=l&cat=p&typeid=i","cat":293240},{"id":65337,"n":"Epices pour fajitas Old El Paso doux - 30g","p":1.27,"u":"42,33 €/KG","img":"https://fd8-photos.leclercdrive.fr/image.ashx?id=2737702&use=l&cat=p&typeid=i","cat":288993},{"id":65341,"n":"Bonbons LUTTI Koala Guimauve Chocolat - 185g","p":1.54,"u":"8,32 €/KG","img":"https://fd8-photos.leclercdrive.fr/image.ashx?id=2806147&use=l&cat=p&typeid=i","cat":304250},{"id":65342,"n":"Bonbons LUTTI Surffizz Piquants Fruits - 200g","p":1.17,"u":"5,85 €/KG","img":"https://fd8-photos.leclercdrive.fr/image.ashx?id=2806144&use=l&cat=p&typeid=i","cat":304250},{"id":65366,"n":"Bière blonde Affligem Pack 6.7% vol. - 20x25cl","p":13.31,"u":"2,66 €/L","img":"https://fd8-photos.leclercdrive.fr/image.ashx?id=2774274&use=l&cat=p&typeid=i","cat":334852},{"id":65426,"n":"Olives dénoyautées Croc Frais Méditerranéenne - 500g","p":4.47,"u":"8,94 €/KG","img":"https://fd8-photos.leclercdrive.fr/image.ashx?id=2589416&use=l&cat=p&typeid=i","cat":316002},{"id":65768,"n":"Croûtons crispy oignons   - 80g","p":2.37,"u":"29,63 €/KG","img":"https://fd8-photos.leclercdrive.fr/image.ashx?id=2800666&use=l&cat=p&typeid=i","cat":284464},{"id":65772,"n":"Croûtons  Caesar  - 80g","p":3.31,"u":"41,38 €/KG","img":"https://fd8-photos.leclercdrive.fr/image.ashx?id=2774706&use=l&cat=p&typeid=i","cat":284464},{"id":65822,"n":"Dentifrice Parodontax Fraicheur intense 2x75ml","p":6.99,"u":"46,60 €/L","img":"https://fd8-photos.leclercdrive.fr/image.ashx?id=2537237&use=l&cat=p&typeid=i","cat":290419},{"id":65837,"n":"Gel lavant bébé Natessance bio Naturel - 500ml","p":6.29,"u":"12,58 €/L","img":"https://fd8-photos.leclercdrive.fr/image.ashx?id=2734990&use=l&cat=p&typeid=i","cat":290425},{"id":65856,"n":"Cica lèvres Uriage Bariéderm - 15ml","p":4.9,"u":"326,67 €/L","img":"https://fd8-photos.leclercdrive.fr/image.ashx?id=2735452&use=l&cat=p&typeid=i","cat":291172},{"id":65866,"n":"Eau micellaire La Roche Posay Peaux réactives - 400ml","p":10.99,"u":"27,48 €/L","img":"https://fd8-photos.leclercdrive.fr/image.ashx?id=2863157&use=l&cat=p&typeid=i","cat":301587},{"id":65873,"n":"Shampooing apaisant Bioderma 400ml","p":9.9,"u":"24,75 €/L","img":"https://fd8-photos.leclercdrive.fr/image.ashx?id=2956400&use=l&cat=p&typeid=i","cat":290400},{"id":65874,"n":"Shampooing TGel Neutrogena Anti démangeaisons - 250ml","p":14.9,"u":"59,60 €/L","img":"https://fd8-photos.leclercdrive.fr/image.ashx?id=2760976&use=l&cat=p&typeid=i","cat":290400},{"id":65876,"n":"Shampooing Nodé K Bioderma 150ml","p":11.39,"u":"75,93 €/L","img":"https://fd8-photos.leclercdrive.fr/image.ashx?id=2086066&use=l&cat=p&typeid=i","cat":290400},{"id":65904,"n":"Liniment Mots d'Enfants 500ml","p":3.9,"u":"7,80 €/L","img":"https://fd8-photos.leclercdrive.fr/image.ashx?id=2290721&use=l&cat=p&typeid=i","cat":284741},{"id":65926,"n":"Guacamole Extra l'Atelier Blini 175g","p":3.5,"u":"20,00 €/KG","img":"https://fd8-photos.leclercdrive.fr/image.ashx?id=2852504&use=l&cat=p&typeid=i","cat":315999},{"id":65950,"n":"Gel toilette intime Doulys 200ml","p":2.47,"u":"12,35 €/L","img":"https://fd8-photos.leclercdrive.fr/image.ashx?id=1703245&use=l&cat=p&typeid=i","cat":284627},{"id":65970,"n":"Crème légère fluide Bridélice 12%MG - 3x20cl","p":2.52,"u":"4,20 €/L","img":"https://fd8-photos.leclercdrive.fr/image.ashx?id=2904736&use=l&cat=p&typeid=i","cat":284381},{"id":65972,"n":"Poires Douceur du Verger Sirop léger - 225 g","p":1.32,"u":"5,87 €/KG","img":"https://fd8-photos.leclercdrive.fr/image.ashx?id=2783017&use=l&cat=p&typeid=i","cat":284507},{"id":65973,"n":"Abricots Douceur du Verger Sirop léger - 235 g","p":1.44,"u":"6,13 €/KG","img":"https://fd8-photos.leclercdrive.fr/image.ashx?id=2622891&use=l&cat=p&typeid=i","cat":284507},{"id":66019,"n":"Crème mains Neutrogena  Parfumée - 50ml","p":4.6,"u":"92,00 €/L","img":"https://fd8-photos.leclercdrive.fr/image.ashx?id=2929074&use=l&cat=p&typeid=i","cat":290424},{"id":66021,"n":"Soin lavant Saforelle Doux - 500ml","p":9.99,"u":"19,98 €/L","img":"https://fd8-photos.leclercdrive.fr/image.ashx?id=2022057&use=l&cat=p&typeid=i","cat":301348},{"id":66024,"n":"Dermoliquide émulsion Saugella 500ml","p":8.29,"u":"16,58 €/L","img":"https://fd8-photos.leclercdrive.fr/image.ashx?id=2086135&use=l&cat=p&typeid=i","cat":301348},{"id":66028,"n":"Déodorant Physio La Roche Posay Aérosol - 24H - 150ml","p":7.9,"u":"52,67 €/L","img":"https://fd8-photos.leclercdrive.fr/image.ashx?id=2086057&use=l&cat=p&typeid=i","cat":301593},{"id":66029,"n":"Déodorant bille La Roche Posay Physiologique - 50ml","p":7.9,"u":"158,00 €/L","img":"https://fd8-photos.leclercdrive.fr/image.ashx?id=2128878&use=l&cat=p&typeid=i","cat":301593},{"id":66031,"n":"Déodorant bille Vichy Anti-transpirant - 50ml","p":7.7,"u":"154,00 €/L","img":"https://fd8-photos.leclercdrive.fr/image.ashx?id=1975613&use=l&cat=p&typeid=i","cat":301593},{"id":66032,"n":"Déodorant bille Vichy Anti-transpirant intensif -50ml","p":7.9,"u":"158,00 €/L","img":"https://fd8-photos.leclercdrive.fr/image.ashx?id=1971464&use=l&cat=p&typeid=i","cat":301593},{"id":66033,"n":"Déodorant Bille Vichy Homme - 50ml","p":7.9,"u":"158,00 €/L","img":"https://fd8-photos.leclercdrive.fr/image.ashx?id=2405563&use=l&cat=p&typeid=i","cat":301593},{"id":66034,"n":"Déodorant aérosol Vichy Anti-transpirant - 125 ml","p":7.5,"u":"60,00 €/L","img":"https://fd8-photos.leclercdrive.fr/image.ashx?id=1971446&use=l&cat=p&typeid=i","cat":301593},{"id":66218,"n":"Lait Lipikar La Roche Posay 400ml","p":17.5,"u":"43,75 €/L","img":"https://fd8-photos.leclercdrive.fr/image.ashx?id=2741484&use=l&cat=p&typeid=i","cat":290421},{"id":66266,"n":"Brioche tranchée Pasquier Tranches gourmandes - 450g","p":2.18,"u":"4,84 €/KG","img":"https://fd8-photos.leclercdrive.fr/image.ashx?id=2850940&use=l&cat=p&typeid=i","cat":284478},{"id":66279,"n":"Roquefort AOP Les croisés - 32%mg - 100g","p":2.15,"u":"21,50 €/KG","img":"https://fd8-photos.leclercdrive.fr/image.ashx?id=2562885&use=l&cat=p&typeid=i","cat":314032},{"id":66282,"n":"Bresaola Saint-Azay 7 tranches - 70g","p":2.99,"u":"42,71 €/KG","img":"https://fd8-photos.leclercdrive.fr/image.ashx?id=2946460&use=l&cat=p&typeid=i","cat":316007},{"id":66284,"n":"Saucisson sec Saint-Azay 30 tranches - 100g","p":1.43,"u":"14,30 €/KG","img":"https://fd8-photos.leclercdrive.fr/image.ashx?id=2907213&use=l&cat=p&typeid=i","cat":316007},{"id":66289,"n":"Barre Chocolat Noisettes Nuts x6 barres - 252g","p":3.46,"u":"13,73 €/KG","img":"https://fd8-photos.leclercdrive.fr/image.ashx?id=2991006&use=l&cat=p&typeid=i","cat":284498},{"id":66356,"n":"Café Soluble Nescafé  Cappuccino Classique - 280g","p":4.44,"u":"15,86 €/KG","img":"https://fd8-photos.leclercdrive.fr/image.ashx?id=2918044&use=l&cat=p&typeid=i","cat":284843},{"id":66359,"n":"Café moulu Jacques Vabre Colombie 100% Arabica - 250g","p":4.39,"u":"17,56 €/KG","img":"https://fd8-photos.leclercdrive.fr/image.ashx?id=2570754&use=l&cat=p&typeid=i","cat":284750},{"id":66366,"n":"Déodorant compressé Sanex  Zéro % Extra control - 100ml","p":3.5,"u":"35,00 €/L","img":"https://fd8-photos.leclercdrive.fr/image.ashx?id=2664274&use=l&cat=p&typeid=i","cat":284618},{"id":66417,"n":"Biscuits Mikado LU Chocolat au lait - 300g","p":4.91,"u":"16,37 €/KG","img":"https://fd8-photos.leclercdrive.fr/image.ashx?id=2347284&use=l&cat=p&typeid=i","cat":284488},{"id":66418,"n":"Biscuits Oreo Vanille - 220g","p":1.97,"u":"8,95 €/KG","img":"https://fd8-photos.leclercdrive.fr/image.ashx?id=2324285&use=l&cat=p&typeid=i","cat":284488},{"id":66527,"n":"Fromage Le Vieux Pané Finement typé - 200g","p":3.28,"u":"16,40 €/KG","img":"https://fd8-photos.leclercdrive.fr/image.ashx?id=2770380&use=l&cat=p&typeid=i","cat":329558},{"id":66555,"n":"Café moulu Bio Village Bio Ethiopie - 250g","p":4.35,"u":"17,40 €/KG","img":"https://fd8-photos.leclercdrive.fr/image.ashx?id=2468876&use=l&cat=p&typeid=i","cat":284750},{"id":66651,"n":"Doonuts nappés St Michel 180g","p":1.76,"u":"9,78 €/KG","img":"https://fd8-photos.leclercdrive.fr/image.ashx?id=2928495&use=l&cat=p&typeid=i","cat":284495},{"id":66652,"n":"Doonuts marbrés St Michel 180g","p":1.82,"u":"10,11 €/KG","img":"https://fd8-photos.leclercdrive.fr/image.ashx?id=2962299&use=l&cat=p&typeid=i","cat":284495},{"id":66739,"n":"Petits Pots  - P'tite Recette  Paëlla - dès 12 mois - 2x200g","p":2.36,"u":"5,90 €/KG","img":"https://fd8-photos.leclercdrive.fr/image.ashx?id=2525693&use=l&cat=p&typeid=i","cat":312237},{"id":66745,"n":"Lait velouté hydratant Uriage 500ml","p":12.89,"u":"25,78 €/L","img":"https://fd8-photos.leclercdrive.fr/image.ashx?id=2773751&use=l&cat=p&typeid=i","cat":290421},{"id":66746,"n":"Tomme de brebis Lou Pérac Fromage de brebis - 200g","p":4.12,"u":"20,60 €/KG","img":"https://fd8-photos.leclercdrive.fr/image.ashx?id=2758840&use=l&cat=p&typeid=i","cat":329184},{"id":66747,"n":"Ma Crème anglaise Bridélice UHT - 50cl","p":1.84,"u":"3,68 €/L","img":"https://fd8-photos.leclercdrive.fr/image.ashx?id=2643086&use=l&cat=p&typeid=i","cat":284382},{"id":66751,"n":"Boisson à l'amande Végé 1L Végé - 200g","p":1.85,"u":"1,85 €/L","img":"https://fd8-photos.leclercdrive.fr/image.ashx?id=2874699&use=l&cat=p&typeid=i","cat":316067},{"id":66754,"n":"Boisson a l'avoine Végé 1L Végé - 200g","p":1.47,"u":"1,47 €/L","img":"https://fd8-photos.leclercdrive.fr/image.ashx?id=2869501&use=l&cat=p&typeid=i","cat":316067},{"id":66755,"n":"Boisson à la noisette Végé 1L Végé - 200g","p":1.79,"u":"1,79 €/L","img":"https://fd8-photos.leclercdrive.fr/image.ashx?id=2869504&use=l&cat=p&typeid=i","cat":316067},{"id":66757,"n":"Soja cuisine Bio Bio Village Végétal - 25cl","p":0.95,"u":"3,80 €/L","img":"https://fd8-photos.leclercdrive.fr/image.ashx?id=2791060&use=l&cat=p&typeid=i","cat":316069},{"id":66767,"n":"Olives Couleurs Vives A la provençal - 150g","p":1.99,"u":"13,27 €/KG","img":"https://fd8-photos.leclercdrive.fr/image.ashx?id=2601292&use=l&cat=p&typeid=i","cat":316002},{"id":66787,"n":"Biscuits Nat&Vie  Chocolat - 200g","p":1.07,"u":"5,35 €/KG","img":"https://fd8-photos.leclercdrive.fr/image.ashx?id=1209125&use=l&cat=p&typeid=i","cat":318651},{"id":66803,"n":"Biscuits Nutella B-ready Cacao noisettes - 330g","p":4.06,"u":"12,30 €/KG","img":"https://fd8-photos.leclercdrive.fr/image.ashx?id=2770599&use=l&cat=p&typeid=i","cat":284488},{"id":66804,"n":"Biscuits Nutella B-ready Cacao Noisettes - 220g","p":2.76,"u":"12,55 €/KG","img":"https://fd8-photos.leclercdrive.fr/image.ashx?id=2630784&use=l&cat=p&typeid=i","cat":284488},{"id":66808,"n":"Miel de France Côté Miel  Crémeux - 500g","p":6.95,"u":"13,90 €/KG","img":"https://fd8-photos.leclercdrive.fr/image.ashx?id=2314680&use=l&cat=p&typeid=i","cat":287643},{"id":66823,"n":"Biscuits petit déjeuner Belvita Miel & pépites chocolat - 650g","p":3.85,"u":"5,92 €/KG","img":"https://fd8-photos.leclercdrive.fr/image.ashx?id=2345487&use=l&cat=p&typeid=i","cat":284491},{"id":66834,"n":"Gel coiffant Vitanove Fixation extrême - 250ml","p":1.62,"u":"6,48 €/L","img":"https://fd8-photos.leclercdrive.fr/image.ashx?id=2824704&use=l&cat=p&typeid=i","cat":284609},{"id":66837,"n":"Gel coiffant Vitanove  Fixation extra forte - 250ml","p":1.29,"u":"5,16 €/L","img":"https://fd8-photos.leclercdrive.fr/image.ashx?id=2836325&use=l&cat=p&typeid=i","cat":284609},{"id":66838,"n":"Gel coiffant Vitanove  Fixation béton - 250ml","p":1.61,"u":"6,44 €/L","img":"https://fd8-photos.leclercdrive.fr/image.ashx?id=2823087&use=l&cat=p&typeid=i","cat":284609},{"id":66841,"n":"Déodorant bille Manava Grenade - 50ml","p":0.99,"u":"19,80 €/L","img":"https://fd8-photos.leclercdrive.fr/image.ashx?id=2481234&use=l&cat=p&typeid=i","cat":284595},{"id":66843,"n":"Bandes de cire froide Siliss Visage - x32","p":2.19,"u":"0,07 €/P","img":"https://fd8-photos.leclercdrive.fr/image.ashx?id=2699708&use=l&cat=p&typeid=i","cat":325351},{"id":66849,"n":"Dessert bébé lacté Blédina 6m Banane - 6x55g","p":2.04,"u":"6,18 €/KG","img":"https://fd8-photos.leclercdrive.fr/image.ashx?id=2952454&use=l&cat=p&typeid=i","cat":312392},{"id":66965,"n":"Matière grasse Primevere Oméga 3 - 55% - 500g","p":2.96,"u":"5,92 €/KG","img":"https://fd8-photos.leclercdrive.fr/image.ashx?id=2939328&use=l&cat=p&typeid=i","cat":315229},{"id":66967,"n":"Matière grasse Primevere 63%MG - oméga 3 - 500g","p":3.33,"u":"6,66 €/KG","img":"https://fd8-photos.leclercdrive.fr/image.ashx?id=2936044&use=l&cat=p&typeid=i","cat":315229},{"id":66968,"n":"Beurre tendre Président Doux - 82% MG - 250g","p":3.17,"u":"12,68 €/KG","img":"https://fd8-photos.leclercdrive.fr/image.ashx?id=2811944&use=l&cat=p&typeid=i","cat":284379},{"id":66974,"n":"Quart de jambon sec Saint Azay 18 tranches - 220g","p":2.84,"u":"12,91 €/KG","img":"https://fd8-photos.leclercdrive.fr/image.ashx?id=2874386&use=l&cat=p&typeid=i","cat":316007},{"id":66977,"n":"Quenelles Bio Bio Village 320g","p":3.49,"u":"10,91 €/KG","img":"https://fd8-photos.leclercdrive.fr/image.ashx?id=2607963&use=l&cat=p&typeid=i","cat":333682},{"id":66978,"n":"Poire bio Bio Village Barquette x4","p":2.99,"u":"0,75 €/P","img":"https://fd8-photos.leclercdrive.fr/image.ashx?id=2552002&use=l&cat=p&typeid=i","cat":284356},{"id":66982,"n":"Truite eau douce Ronde des Mers x4 tranches - 100g","p":3.24,"u":"32,40 €/KG","img":"https://fd8-photos.leclercdrive.fr/image.ashx?id=2839924&use=l&cat=p&typeid=i","cat":285188},{"id":66985,"n":"Roulés au fromage Côté Table x2 - 260g","p":2.32,"u":"8,92 €/KG","img":"https://fd8-photos.leclercdrive.fr/image.ashx?id=2794838&use=l&cat=p&typeid=i","cat":333671},{"id":66989,"n":"Yaourt bifidus Activia céréales noix - 4x120g","p":2.13,"u":"4,44 €/KG","img":"https://fd8-photos.leclercdrive.fr/image.ashx?id=2901623&use=l&cat=p&typeid=i","cat":315000},{"id":66990,"n":"Yaourt bifidus Activia céréales muesli - 4x120g","p":2.04,"u":"4,25 €/KG","img":"https://fd8-photos.leclercdrive.fr/image.ashx?id=2901620&use=l&cat=p&typeid=i","cat":315000},{"id":66992,"n":"Sauce grand veneur Charal 120g","p":2.3,"u":"19,17 €/KG","img":"https://fd8-photos.leclercdrive.fr/image.ashx?id=2144275&use=l&cat=p&typeid=i","cat":327293},{"id":67091,"n":"Soupe Liquide Bio Liebig Mouliné de Légumes Brique - 1L","p":2.79,"u":"2,79 €/L","img":"https://fd8-photos.leclercdrive.fr/image.ashx?id=2939202&use=l&cat=p&typeid=i","cat":284462},{"id":67150,"n":"Croustilles Belin Emmental - 4x138g","p":4.09,"u":"7,41 €/KG","img":"https://fd8-photos.leclercdrive.fr/image.ashx?id=2539025&use=l&cat=p&typeid=i","cat":284449},{"id":67151,"n":"Croustilles Belin Cacahuète - 4x138g","p":4.09,"u":"7,41 €/KG","img":"https://fd8-photos.leclercdrive.fr/image.ashx?id=2940477&use=l&cat=p&typeid=i","cat":284449},{"id":67152,"n":"Tablette de chocolat noir Lindt Zestes de citron vert - 2x100g","p":4.31,"u":"21,55 €/KG","img":"https://fd8-photos.leclercdrive.fr/image.ashx?id=2230887&use=l&cat=p&typeid=i","cat":284956},{"id":67155,"n":"Tablette de chocolat noir Lindt Orange intense - 2x100g","p":4.43,"u":"22,15 €/KG","img":"https://fd8-photos.leclercdrive.fr/image.ashx?id=2153273&use=l&cat=p&typeid=i","cat":284956},{"id":67156,"n":"Tablette de chocolat noir Lindt Caramel Pointe de sel - 2x100g","p":4.41,"u":"22,05 €/KG","img":"https://fd8-photos.leclercdrive.fr/image.ashx?id=2153276&use=l&cat=p&typeid=i","cat":284956},{"id":67168,"n":"Yaourt à boire Actimel fruits pêche gelée royale - 12x100g","p":4.78,"u":"3,98 €/KG","img":"https://fd8-photos.leclercdrive.fr/image.ashx?id=2996473&use=l&cat=p&typeid=i","cat":284415},{"id":67378,"n":"Sirop Eco+ Grenadine - 1L","p":1.71,"u":"1,71 €/L","img":"https://fd8-photos.leclercdrive.fr/image.ashx?id=2901419&use=l&cat=p&typeid=i","cat":295020},{"id":67393,"n":"Beurre gastronomique Président Doux - 82% MG - 250g","p":2.79,"u":"11,16 €/KG","img":"https://fd8-photos.leclercdrive.fr/image.ashx?id=3011104&use=l&cat=p&typeid=i","cat":284379},{"id":67459,"n":"Haricots blancs Eco+ 530g","p":0.95,"u":"1,79 €/KG","img":"https://fd8-photos.leclercdrive.fr/image.ashx?id=3003717&use=l&cat=p&typeid=i","cat":312606},{"id":67461,"n":"Patafix Uhu Blanc - 80 pastilles","p":2.65,"img":"https://fd8-photos.leclercdrive.fr/image.ashx?id=1551440&use=l&cat=p&typeid=i","cat":334133},{"id":67564,"n":"Ruban correcteur UHU Mini - 2x6m","p":2.57,"img":"https://fd8-photos.leclercdrive.fr/image.ashx?id=2057665&use=l&cat=p&typeid=i","cat":334133},{"id":67568,"n":"Curry moulu Rustica 42g","p":0.55,"u":"13,10 €/KG","img":"https://fd8-photos.leclercdrive.fr/image.ashx?id=2772975&use=l&cat=p&typeid=i","cat":298297},{"id":67569,"n":"Oignon semoule Rustica Déshydraté - 30g","p":0.99,"u":"33,00 €/KG","img":"https://fd8-photos.leclercdrive.fr/image.ashx?id=2772978&use=l&cat=p&typeid=i","cat":298297},{"id":67570,"n":"Poivre noir moulu Rustica Indonésie - 38g","p":0.81,"u":"21,32 €/KG","img":"https://fd8-photos.leclercdrive.fr/image.ashx?id=2797793&use=l&cat=p&typeid=i","cat":284457},{"id":67571,"n":"Poivre noir Rustica Moulin - 28g","p":1.22,"u":"43,57 €/KG","img":"https://fd8-photos.leclercdrive.fr/image.ashx?id=2932674&use=l&cat=p&typeid=i","cat":284457},{"id":67572,"n":"Ciboulette Rustica 4g","p":0.43,"u":"107,50 €/KG","img":"https://fd8-photos.leclercdrive.fr/image.ashx?id=2772990&use=l&cat=p&typeid=i","cat":298297},{"id":67573,"n":"Cumin moulu Rustica 32g","p":0.59,"u":"18,44 €/KG","img":"https://fd8-photos.leclercdrive.fr/image.ashx?id=2772963&use=l&cat=p&typeid=i","cat":298297},{"id":67585,"n":"Baby Carottes 450g","p":3.52,"u":"7,82 €/KG","img":"https://fd8-photos.leclercdrive.fr/image.ashx?id=2786498&use=l&cat=p&typeid=i","cat":284352},{"id":67620,"n":"Persil Rustica 5g","p":0.39,"u":"78,00 €/KG","img":"https://fd8-photos.leclercdrive.fr/image.ashx?id=2772969&use=l&cat=p&typeid=i","cat":298297},{"id":67621,"n":"Paprika doux moulu Rustica  40g","p":0.49,"u":"12,25 €/KG","img":"https://fd8-photos.leclercdrive.fr/image.ashx?id=2772966&use=l&cat=p&typeid=i","cat":298297},{"id":67622,"n":"Thym Rustica 14g","p":0.4,"u":"28,57 €/KG","img":"https://fd8-photos.leclercdrive.fr/image.ashx?id=2797784&use=l&cat=p&typeid=i","cat":298297},{"id":67651,"n":"Poivre Noir moulu Bio Village Bio  - 38g","p":1.99,"u":"52,37 €/KG","img":"https://fd8-photos.leclercdrive.fr/image.ashx?id=2706538&use=l&cat=p&typeid=i","cat":284457},{"id":67652,"n":"Poivre gris moulu Flacon - 36g","p":1.11,"u":"30,83 €/KG","img":"https://fd8-photos.leclercdrive.fr/image.ashx?id=2797778&use=l&cat=p&typeid=i","cat":284457},{"id":67653,"n":"Gingembre moulu Rustica 27g","p":1.19,"u":"44,07 €/KG","img":"https://fd8-photos.leclercdrive.fr/image.ashx?id=2797796&use=l&cat=p&typeid=i","cat":298297},{"id":67654,"n":"Ail semoule Bio Village Bio 56g","p":1.99,"u":"35,54 €/KG","img":"https://fd8-photos.leclercdrive.fr/image.ashx?id=2991461&use=l&cat=p&typeid=i","cat":298297},{"id":67667,"n":"Purée de tomate Panzani Tomacouli nature - 500g","p":0.93,"u":"1,86 €/KG","img":"https://fd8-photos.leclercdrive.fr/image.ashx?id=2979623&use=l&cat=p&typeid=i","cat":288384},{"id":67678,"n":"Curcuma moulu Rustica 37g","p":0.66,"u":"17,84 €/KG","img":"https://fd8-photos.leclercdrive.fr/image.ashx?id=2772981&use=l&cat=p&typeid=i","cat":298297},{"id":67679,"n":"Estragon Rustica 7g","p":0.79,"u":"112,86 €/KG","img":"https://fd8-photos.leclercdrive.fr/image.ashx?id=2772993&use=l&cat=p&typeid=i","cat":298297},{"id":67680,"n":"Herbes de provence Rustica 120g","p":2.6,"u":"21,67 €/KG","img":"https://fd8-photos.leclercdrive.fr/image.ashx?id=2907228&use=l&cat=p&typeid=i","cat":298297},{"id":67681,"n":"Herbes de Provence Rustica 18g","p":0.41,"u":"22,78 €/KG","img":"https://fd8-photos.leclercdrive.fr/image.ashx?id=2772972&use=l&cat=p&typeid=i","cat":298297},{"id":67682,"n":"Noix de Muscade Rustica Moulue - 32g","p":1.36,"u":"42,50 €/KG","img":"https://fd8-photos.leclercdrive.fr/image.ashx?id=2772996&use=l&cat=p&typeid=i","cat":298297},{"id":67683,"n":"Persillade Rustica 95g","p":1.74,"u":"18,32 €/KG","img":"https://fd8-photos.leclercdrive.fr/image.ashx?id=2932668&use=l&cat=p&typeid=i","cat":298297},{"id":67693,"n":"Piment de Cayenne Rustica 38g","p":1.09,"u":"28,68 €/KG","img":"https://fd8-photos.leclercdrive.fr/image.ashx?id=2932671&use=l&cat=p&typeid=i","cat":298297},{"id":67712,"n":"Yaourts nature Délisse Au lait chèvre - 4x125g","p":1.84,"u":"3,68 €/KG","img":"https://fd8-photos.leclercdrive.fr/image.ashx?id=1231988&use=l&cat=p&typeid=i","cat":314998},{"id":67714,"n":"Yaourts à la Grecque Délisse Lait brebis, nature - 2x150g","p":1.84,"u":"6,13 €/KG","img":"https://fd8-photos.leclercdrive.fr/image.ashx?id=1231994&use=l&cat=p&typeid=i","cat":314999},{"id":67807,"n":"Nettoyant spray Clair Javel - Cuisine - 750ml","p":1.73,"u":"2,31 €/L","img":"https://fd8-photos.leclercdrive.fr/image.ashx?id=2840479&use=l&cat=p&typeid=i","cat":325357},{"id":67875,"n":"The Pik Box Haribo Boîte bonbons acidulés - 550g","p":4.66,"u":"8,47 €/KG","img":"https://fd8-photos.leclercdrive.fr/image.ashx?id=2805219&use=l&cat=p&typeid=i","cat":304250},{"id":67885,"n":"Crème fraîche épaisse Président Entière 30%mg - 45cl","p":2.27,"u":"5,04 €/L","img":"https://fd8-photos.leclercdrive.fr/image.ashx?id=2971948&use=l&cat=p&typeid=i","cat":284381},{"id":67896,"n":"Gel Douche Le Petit Marseillais  Pin et criste marine - 250ml","p":1.47,"u":"5,88 €/L","img":"https://fd8-photos.leclercdrive.fr/image.ashx?id=2676452&use=l&cat=p&typeid=i","cat":284594},{"id":67915,"n":"Baby carottes Florette 250g","p":2.22,"u":"8,88 €/KG","img":"https://fd8-photos.leclercdrive.fr/image.ashx?id=2786492&use=l&cat=p&typeid=i","cat":284352},{"id":68010,"n":"Crème dessert Bio Les 2 vaches Vanille - 4x95g","p":1.84,"u":"4,84 €/KG","img":"https://fd8-photos.leclercdrive.fr/image.ashx?id=2774015&use=l&cat=p&typeid=i","cat":285041},{"id":68012,"n":"Crème dessert Bio Les 2 vaches Chocolat - 4x95g","p":1.74,"u":"4,58 €/KG","img":"https://fd8-photos.leclercdrive.fr/image.ashx?id=2774100&use=l&cat=p&typeid=i","cat":285041},{"id":68087,"n":"Ananas Douceur du Verger Tranches brisées -  340g","p":1.59,"u":"4,68 €/KG","img":"https://fd8-photos.leclercdrive.fr/image.ashx?id=2485086&use=l&cat=p&typeid=i","cat":284507},{"id":68088,"n":"Cannelle Rustica 39g","p":0.88,"u":"22,56 €/KG","img":"https://fd8-photos.leclercdrive.fr/image.ashx?id=2772960&use=l&cat=p&typeid=i","cat":298297},{"id":68090,"n":"Champignons Bio Village Bio Emincés - 170g","p":2.25,"u":"13,24 €/KG","img":"https://fd8-photos.leclercdrive.fr/image.ashx?id=2613294&use=l&cat=p&typeid=i","cat":312610},{"id":68093,"n":"Champignons Paris Notre Jardin Entiers - 2x115g","p":1.85,"u":"8,04 €/KG","img":"https://fd8-photos.leclercdrive.fr/image.ashx?id=2724699&use=l&cat=p&typeid=i","cat":312610},{"id":68095,"n":"Yaourt à la grecque YAOS Nature lit de fraises 4x125g","p":2.56,"u":"5,12 €/KG","img":"https://fd8-photos.leclercdrive.fr/image.ashx?id=2729734&use=l&cat=p&typeid=i","cat":314999},{"id":68097,"n":"Yaourt à la grecque YAOS Citron - 4x125g","p":2.48,"u":"4,96 €/KG","img":"https://fd8-photos.leclercdrive.fr/image.ashx?id=2578672&use=l&cat=p&typeid=i","cat":314999},{"id":68214,"n":"Biscuits Petits Cœurs LU Chocolat - 125g","p":1.15,"u":"9,20 €/KG","img":"https://fd8-photos.leclercdrive.fr/image.ashx?id=3002021&use=l&cat=p&typeid=i","cat":284488},{"id":68217,"n":"Biscuits Croc Sablé Pépito  Chocolat - 294g","p":1.17,"u":"3,98 €/KG","img":"https://fd8-photos.leclercdrive.fr/image.ashx?id=2347254&use=l&cat=p&typeid=i","cat":284488},{"id":68278,"n":"Recharge gel lavant Manava Hypoallergénique - 250ml","p":0.66,"u":"2,64 €/L","img":"https://fd8-photos.leclercdrive.fr/image.ashx?id=2935537&use=l&cat=p&typeid=i","cat":284597},{"id":68355,"n":"Compote pomme poire Bio Bio Village - 4x100g","p":1.99,"u":"4,98 €/KG","img":"https://fd8-photos.leclercdrive.fr/image.ashx?id=2454638&use=l&cat=p&typeid=i","cat":284416},{"id":68399,"n":"Poisson pané Double délice   Findus x8 - 600g","p":5.61,"u":"9,35 €/KG","img":"https://fd8-photos.leclercdrive.fr/image.ashx?id=2679594&use=l&cat=p&typeid=i","cat":319788},{"id":68432,"n":"Gel WC Syphon Activ'Effect Fraîcheur pin - 750ml","p":0.74,"u":"0,99 €/L","img":"https://fd8-photos.leclercdrive.fr/image.ashx?id=2388382&use=l&cat=p&typeid=i","cat":284662},{"id":68445,"n":"Recharge crème lavante Manava Framboise pivoine - 250ml","p":0.57,"u":"2,28 €/L","img":"https://fd8-photos.leclercdrive.fr/image.ashx?id=2935510&use=l&cat=p&typeid=i","cat":284597},{"id":68453,"n":"Gel lavant Manava Hypoallergénique - 300ml","p":1.05,"u":"3,50 €/L","img":"https://fd8-photos.leclercdrive.fr/image.ashx?id=2935528&use=l&cat=p&typeid=i","cat":284597},{"id":68454,"n":"Savon noir Clair Mou - 1kg","p":4.3,"u":"4,30 €/KG","img":"https://fd8-photos.leclercdrive.fr/image.ashx?id=2874383&use=l&cat=p&typeid=i","cat":284907},{"id":68455,"n":"Gel nettoyant Syphon Entretien menthe - 1L","p":2.89,"u":"2,89 €/L","img":"https://fd8-photos.leclercdrive.fr/image.ashx?id=1846253&use=l&cat=p&typeid=i","cat":284908},{"id":68475,"n":"Culotte Chorys Médium nuit - x12","p":8.56,"u":"0,71 €/P","img":"https://fd8-photos.leclercdrive.fr/image.ashx?id=2716009&use=l&cat=p&typeid=i","cat":284628},{"id":68479,"n":"Couches de bain Mots d'Enfants Baby Swim - Taille S - x12","p":6.1,"img":"https://fd8-photos.leclercdrive.fr/image.ashx?id=2907219&use=l&cat=p&typeid=i","cat":290634},{"id":68482,"n":"Couches de bain Mots d'Enfants Baby Swim - Taille M - x11","p":5.89,"u":"0,54 €/P","img":"https://fd8-photos.leclercdrive.fr/image.ashx?id=2907222&use=l&cat=p&typeid=i","cat":290634},{"id":68486,"n":"Tampon Nett  Digital normal boite - x24","p":2.43,"u":"0,10 €/P","img":"https://fd8-photos.leclercdrive.fr/image.ashx?id=2359657&use=l&cat=p&typeid=i","cat":284626},{"id":68487,"n":"Tampons Nett Procomfort Digitaux - Super - x24","p":2.59,"u":"0,11 €/P","img":"https://fd8-photos.leclercdrive.fr/image.ashx?id=2502625&use=l&cat=p&typeid=i","cat":284626},{"id":68504,"n":"AOC Jurançon  Domaine Laguilhon - 75cl","p":8.6,"u":"11,47 €/L","img":"https://fd8-photos.leclercdrive.fr/image.ashx?id=2855223&use=l&cat=p&typeid=i","cat":289557},{"id":68668,"n":"Serpillère Vileda Ultramax Power","p":18.9,"img":"https://fd8-photos.leclercdrive.fr/image.ashx?id=2463353&use=l&cat=p&typeid=i","cat":284669},{"id":68670,"n":"Recharge Vileda Ultramax power 2 en 1","p":6.89,"img":"https://fd8-photos.leclercdrive.fr/image.ashx?id=2433271&use=l&cat=p&typeid=i","cat":284669},{"id":68671,"n":"Seau-essoreur Vileda Ultramax Power","p":11.25,"img":"https://fd8-photos.leclercdrive.fr/image.ashx?id=2463356&use=l&cat=p&typeid=i","cat":284669},{"id":68737,"n":"Crème de coco légère Bio Bjorg  20cl","p":1.61,"u":"8,05 €/L","img":"https://fd8-photos.leclercdrive.fr/image.ashx?id=2936386&use=l&cat=p&typeid=i","cat":288992},{"id":68775,"n":"Guirlande blanche 120 leds 1 pièce","p":7.9,"u":"Dont 0,10 € d'éco-part.","img":"https://fd8-photos.leclercdrive.fr/image.ashx?id=1996616&use=l&cat=p&typeid=i","cat":335913},{"id":68786,"n":"Coffret 54 boules argent 1 pièce","p":8.9,"img":"https://fd8-photos.leclercdrive.fr/image.ashx?id=1952398&use=l&cat=p&typeid=i","cat":335913},{"id":68789,"n":"Coffret 54 boules bleues 1 pièce","p":8.9,"img":"https://fd8-photos.leclercdrive.fr/image.ashx?id=1952404&use=l&cat=p&typeid=i","cat":335913},{"id":68824,"n":"Coton maxi carré Inell Aloé Vera - x50","p":1.75,"u":"0,04 €/P","img":"https://fd8-photos.leclercdrive.fr/image.ashx?id=1959190&use=l&cat=p&typeid=i","cat":284636},{"id":68844,"n":"Mini crackers Tokapi 75g","p":0.95,"u":"12,67 €/KG","img":"https://fd8-photos.leclercdrive.fr/image.ashx?id=2096458&use=l&cat=p&typeid=i","cat":297000},{"id":68861,"n":"Miel Bio Village Bio crémeux de fleurs - 500g","p":4.99,"u":"9,98 €/KG","img":"https://fd8-photos.leclercdrive.fr/image.ashx?id=2564219&use=l&cat=p&typeid=i","cat":287643},{"id":68862,"n":"Pâte à tartiner Nustikao 600g","p":2.73,"u":"4,55 €/KG","img":"https://fd8-photos.leclercdrive.fr/image.ashx?id=2814869&use=l&cat=p&typeid=i","cat":284481},{"id":68863,"n":"Compote Douceur du Verger Gourdes Pomme - 12x90g","p":2.95,"u":"2,73 €/KG","img":"https://fd8-photos.leclercdrive.fr/image.ashx?id=2317276&use=l&cat=p&typeid=i","cat":284508},{"id":68864,"n":"Compote Douceur du Verger Bocal pomme poire - 710g","p":1.75,"u":"2,46 €/KG","img":"https://fd8-photos.leclercdrive.fr/image.ashx?id=2263224&use=l&cat=p&typeid=i","cat":284508},{"id":68865,"n":"Compote Douceur du Verger Bocal pomme vanille - 710g","p":1.57,"u":"2,21 €/KG","img":"https://fd8-photos.leclercdrive.fr/image.ashx?id=2215951&use=l&cat=p&typeid=i","cat":284508},{"id":68866,"n":"Compote Douceur du Verger Bocal pomme - 710g","p":1.27,"u":"1,79 €/KG","img":"https://fd8-photos.leclercdrive.fr/image.ashx?id=2232589&use=l&cat=p&typeid=i","cat":284508},{"id":68868,"n":"Riz long Bio Village Bio semi complet - 500g","p":2.25,"u":"4,50 €/KG","img":"https://fd8-photos.leclercdrive.fr/image.ashx?id=2441513&use=l&cat=p&typeid=i","cat":284428},{"id":68870,"n":"Pistaches Bio Village Grillées salées bio - 100g","p":2.6,"u":"26,00 €/KG","img":"https://fd8-photos.leclercdrive.fr/image.ashx?id=2615789&use=l&cat=p&typeid=i","cat":284448},{"id":68881,"n":"Litchis Douceur du Verger Sirop léger - 250g","p":2.74,"u":"10,96 €/KG","img":"https://fd8-photos.leclercdrive.fr/image.ashx?id=2485089&use=l&cat=p&typeid=i","cat":284507},{"id":68882,"n":"Compote bio Bio Village Coupelle pomme - 8x100g","p":2.89,"u":"3,61 €/KG","img":"https://fd8-photos.leclercdrive.fr/image.ashx?id=1947749&use=l&cat=p&typeid=i","cat":284508},{"id":68898,"n":"Mangues Douceur du Verger Sirop - 235g","p":1.18,"u":"5,02 €/KG","img":"https://fd8-photos.leclercdrive.fr/image.ashx?id=2093775&use=l&cat=p&typeid=i","cat":284507},{"id":68913,"n":"Purificateur d'air Sanytol Désinfectant - 300ml","p":3.82,"u":"12,73 €/L","img":"https://fd8-photos.leclercdrive.fr/image.ashx?id=2901659&use=l&cat=p&typeid=i","cat":311626},{"id":68951,"n":"Crème dessert La Laitière  Velours de crème caramel 4x85g","p":1.99,"u":"5,85 €/KG","img":"https://fd8-photos.leclercdrive.fr/image.ashx?id=3007930&use=l&cat=p&typeid=i","cat":285041},{"id":68952,"n":"Crème dessert La Laitière Velours de crème chocolat 4x85g","p":2.19,"u":"6,44 €/KG","img":"https://fd8-photos.leclercdrive.fr/image.ashx?id=2633824&use=l&cat=p&typeid=i","cat":285041},{"id":68953,"n":"Crème dessert La Laitière Chocolat Caramel - 4x85g","p":2.19,"u":"6,44 €/KG","img":"https://fd8-photos.leclercdrive.fr/image.ashx?id=2633827&use=l&cat=p&typeid=i","cat":285041},{"id":68986,"n":"Lait d'amande Bio Village Sans sucre bio - 1L","p":1.41,"u":"1,41 €/L","img":"https://fd8-photos.leclercdrive.fr/image.ashx?id=2939097&use=l&cat=p&typeid=i","cat":316067},{"id":68996,"n":"Crackers bio Bio Village Emmental courge - 200g","p":2.69,"u":"13,45 €/KG","img":"https://fd8-photos.leclercdrive.fr/image.ashx?id=2310507&use=l&cat=p&typeid=i","cat":297000},{"id":69004,"n":"Moutarde Bio Village A l'ancienne bio - 200g","p":1.57,"u":"7,85 €/KG","img":"https://fd8-photos.leclercdrive.fr/image.ashx?id=2607966&use=l&cat=p&typeid=i","cat":288850},{"id":69006,"n":"Tomates séchées Rustica Bocal - 280g","p":2.5,"u":"8,93 €/KG","img":"https://fd8-photos.leclercdrive.fr/image.ashx?id=2539457&use=l&cat=p&typeid=i","cat":284458},{"id":69058,"n":"Yaourt Bio Village Bio Vanille - 4x125g","p":2.31,"u":"4,62 €/KG","img":"https://fd8-photos.leclercdrive.fr/image.ashx?id=2822778&use=l&cat=p&typeid=i","cat":286006},{"id":69061,"n":"Yaourt nature Danone 4x125g","p":0.93,"u":"1,86 €/KG","img":"https://fd8-photos.leclercdrive.fr/image.ashx?id=2911184&use=l&cat=p&typeid=i","cat":284409},{"id":69062,"n":"Yaourt nature Danone 12x125g","p":2.75,"u":"1,83 €/KG","img":"https://fd8-photos.leclercdrive.fr/image.ashx?id=2915688&use=l&cat=p&typeid=i","cat":284409},{"id":69063,"n":"Yaourt nature Danone 16x125g","p":3.15,"u":"1,58 €/KG","img":"https://fd8-photos.leclercdrive.fr/image.ashx?id=2915691&use=l&cat=p&typeid=i","cat":284409},{"id":69069,"n":"Yaourts brassés velouté Danone Nature - 12x125g","p":3.6,"u":"2,40 €/KG","img":"https://fd8-photos.leclercdrive.fr/image.ashx?id=2865581&use=l&cat=p&typeid=i","cat":284409},{"id":69070,"n":"Yaourts brassés velouté Danone Nature - 16x125g","p":4.25,"u":"2,13 €/KG","img":"https://fd8-photos.leclercdrive.fr/image.ashx?id=2865584&use=l&cat=p&typeid=i","cat":284409},{"id":69073,"n":"Yaourts brassés velouté Danone Nature - 4x125g","p":1.41,"u":"2,82 €/KG","img":"https://fd8-photos.leclercdrive.fr/image.ashx?id=2865587&use=l&cat=p&typeid=i","cat":284409},{"id":69074,"n":"Yaourts brassés Velouté Danone Nature - 8x125g","p":2.46,"u":"2,46 €/KG","img":"https://fd8-photos.leclercdrive.fr/image.ashx?id=2865590&use=l&cat=p&typeid=i","cat":284409},{"id":69084,"n":"petit suisse aux fruits danonino - 6x100g","p":3.01,"u":"5,02 €/KG","img":"https://fd8-photos.leclercdrive.fr/image.ashx?id=3003134&use=l&cat=p&typeid=i","cat":284414},{"id":69087,"n":"Boisson épeautre Bio Bjorg 2x1L","p":5.12,"u":"2,56 €/L","img":"https://fd8-photos.leclercdrive.fr/image.ashx?id=2147993&use=l&cat=p&typeid=i","cat":316067},{"id":69107,"n":"Muesli croustillant nature bio  Terres et Céréales - 1kg","p":4.85,"u":"4,85 €/KG","img":"https://fd8-photos.leclercdrive.fr/image.ashx?id=2802446&use=l&cat=p&typeid=i","cat":309512},{"id":69108,"n":"Muesli duo pépites de chocolats  bio Terres et Céréales -1kg","p":6.01,"u":"6,01 €/KG","img":"https://fd8-photos.leclercdrive.fr/image.ashx?id=2802452&use=l&cat=p&typeid=i","cat":309512},{"id":69141,"n":"Papier cuisson Elembal Rouleau 8m","p":1.08,"u":"0,14 €/MT","img":"https://fd8-photos.leclercdrive.fr/image.ashx?id=2824955&use=l&cat=p&typeid=i","cat":334134},{"id":69145,"n":"Crème lavante Manava Framboise pivoine - 300ml","p":1.28,"u":"4,27 €/L","img":"https://fd8-photos.leclercdrive.fr/image.ashx?id=2935507&use=l&cat=p&typeid=i","cat":284597},{"id":69147,"n":"Café dosettes Tassimo L'Or Café Long Classique x16","p":4.65,"u":"44,71 €/KG","img":"https://fd8-photos.leclercdrive.fr/image.ashx?id=2160312&use=l&cat=p&typeid=i","cat":293240},{"id":69148,"n":"Café dosettes Tassimo L'Or Café Long Intense x16","p":4.85,"u":"37,89 €/KG","img":"https://fd8-photos.leclercdrive.fr/image.ashx?id=2290599&use=l&cat=p&typeid=i","cat":293240},{"id":69150,"n":"Nettoyant multi surfaces Clair Citron - 1.5L","p":1.7,"u":"1,13 €/L","img":"https://fd8-photos.leclercdrive.fr/image.ashx?id=2534211&use=l&cat=p&typeid=i","cat":284907},{"id":69151,"n":"Nettoyant multi surfaces Clair Pins - 1.5L","p":1.75,"u":"1,17 €/L","img":"https://fd8-photos.leclercdrive.fr/image.ashx?id=2369164&use=l&cat=p&typeid=i","cat":284907},{"id":69152,"n":"Nettoyant multi surfaces Clair Fleurs - 1.5L","p":1.79,"u":"1,19 €/L","img":"https://fd8-photos.leclercdrive.fr/image.ashx?id=2381556&use=l&cat=p&typeid=i","cat":284907},{"id":69153,"n":"Nettoyant multi surfaces Clair Fraîcheur pure - 1.5L","p":1.75,"u":"1,17 €/L","img":"https://fd8-photos.leclercdrive.fr/image.ashx?id=2373263&use=l&cat=p&typeid=i","cat":284907},{"id":69154,"n":"Nettoyant multi surfaces Clair Savon de Marseille - 1.5L","p":1.82,"u":"1,21 €/L","img":"https://fd8-photos.leclercdrive.fr/image.ashx?id=2858845&use=l&cat=p&typeid=i","cat":284907},{"id":69155,"n":"Nettoyant multi surfaces Clair Savon noir - 1.5L","p":1.85,"u":"1,23 €/L","img":"https://fd8-photos.leclercdrive.fr/image.ashx?id=2849584&use=l&cat=p&typeid=i","cat":284907},{"id":69159,"n":"Poelée cuisinée légumes Bio Bio village - 600g","p":2.99,"u":"4,98 €/KG","img":"https://fd8-photos.leclercdrive.fr/image.ashx?id=2898074&use=l&cat=p&typeid=i","cat":319823},{"id":69161,"n":"Purée carotte bio Bio Village 450g","p":1.39,"u":"3,09 €/KG","img":"https://fd8-photos.leclercdrive.fr/image.ashx?id=2878747&use=l&cat=p&typeid=i","cat":319805},{"id":69163,"n":"Purée 100% brocolis Bio Bio Village - 450g","p":1.75,"u":"3,89 €/KG","img":"https://fd8-photos.leclercdrive.fr/image.ashx?id=2878750&use=l&cat=p&typeid=i","cat":319805},{"id":69164,"n":"Pizza chèvre feu de bois Bio  Bio Village - 360g","p":3.19,"u":"8,86 €/KG","img":"https://fd8-photos.leclercdrive.fr/image.ashx?id=1911810&use=l&cat=p&typeid=i","cat":284256},{"id":69215,"n":"Pains wrap Epi d'Or Nature x6 - 383g","p":1.95,"u":"5,09 €/KG","img":"https://fd8-photos.leclercdrive.fr/image.ashx?id=2425488&use=l&cat=p&typeid=i","cat":284985},{"id":69218,"n":"Mini toasts Epi d'or Carré - 120g","p":1.79,"u":"14,92 €/KG","img":"https://fd8-photos.leclercdrive.fr/image.ashx?id=2564339&use=l&cat=p&typeid=i","cat":285454},{"id":69233,"n":"Capsules café L'Or Espresso Ristretto N°11 x10","p":3.09,"u":"59,42 €/KG","img":"https://fd8-photos.leclercdrive.fr/image.ashx?id=2260869&use=l&cat=p&typeid=i","cat":284749},{"id":69256,"n":"Dessert panaché Andros Panaché - 16x100g","p":5.27,"u":"3,29 €/KG","img":"https://fd8-photos.leclercdrive.fr/image.ashx?id=2875114&use=l&cat=p&typeid=i","cat":284416},{"id":69268,"n":"Liquide vaisselle Rainett Citron écologique - 750ml","p":1.75,"u":"2,33 €/L","img":"https://fd8-photos.leclercdrive.fr/image.ashx?id=2297129&use=l&cat=p&typeid=i","cat":284655},{"id":69280,"n":"Couches bébé Mots d'enfants Midi T3 4/9kg - x50 changes","p":6.9,"u":"0,14 €/P","img":"https://fd8-photos.leclercdrive.fr/image.ashx?id=2699717&use=l&cat=p&typeid=i","cat":284737},{"id":69281,"n":"Couches bébé Mots d'enfants Ultra confort T4 7/18kg - x44","p":6.57,"u":"0,15 €/P","img":"https://fd8-photos.leclercdrive.fr/image.ashx?id=2699720&use=l&cat=p&typeid=i","cat":284737},{"id":69282,"n":"Couches bébé Mots d'enfants Ultra confort T4+  9/20kg - x41","p":6.45,"u":"0,16 €/P","img":"https://fd8-photos.leclercdrive.fr/image.ashx?id=2699723&use=l&cat=p&typeid=i","cat":284737},{"id":69283,"n":"Couches bébé Mots d'enfants Ultra confort T5 11/25kg - x39","p":6.35,"u":"0,16 €/P","img":"https://fd8-photos.leclercdrive.fr/image.ashx?id=2699726&use=l&cat=p&typeid=i","cat":284737},{"id":69284,"n":"Couches bébé Mots d'enfants Ultra confort T6  16/23kg - x33","p":8.29,"u":"0,25 €/P","img":"https://fd8-photos.leclercdrive.fr/image.ashx?id=2699729&use=l&cat=p&typeid=i","cat":284737},{"id":69285,"n":"Couches bébé Mots d'enfants T4 Ultra confort 7/18kg - x144","p":19.85,"u":"0,14 €/P","img":"https://fd8-photos.leclercdrive.fr/image.ashx?id=2689429&use=l&cat=p&typeid=i","cat":284737},{"id":69286,"n":"Couches bébé Mots d'enfants T5 Ultra confort 11/25kg - x136","p":19.85,"u":"0,15 €/P","img":"https://fd8-photos.leclercdrive.fr/image.ashx?id=2691833&use=l&cat=p&typeid=i","cat":284737},{"id":69317,"n":"Eau minérale naturelle Vittel 6x1.5L","p":2.86,"u":"0,32 €/L","img":"https://fd8-photos.leclercdrive.fr/image.ashx?id=3000441&use=l&cat=p&typeid=i","cat":284535},{"id":69327,"n":"Piles Duracell MN21 x2","p":5.7,"u":"2,85 €/P","img":"https://fd8-photos.leclercdrive.fr/image.ashx?id=2328739&use=l&cat=p&typeid=i","cat":300572},{"id":69383,"n":"Fromage à Raclette RichesMonts  Duo Classique & Fumée - 420G","p":6.51,"u":"15,50 €/KG","img":"https://fd8-photos.leclercdrive.fr/image.ashx?id=2953815&use=l&cat=p&typeid=i","cat":314037},{"id":69385,"n":"Fromage à Raclette RichesMonts  Duo Classique 3 Poivres - 420G","p":6.31,"u":"15,02 €/KG","img":"https://fd8-photos.leclercdrive.fr/image.ashx?id=2953818&use=l&cat=p&typeid=i","cat":314037},{"id":69396,"n":"Fromage à Raclette RichesMonts  Sans croûte 18 Tranches - 420g","p":5.91,"u":"14,07 €/KG","img":"https://fd8-photos.leclercdrive.fr/image.ashx?id=2960765&use=l&cat=p&typeid=i","cat":314037},{"id":69430,"n":"Poulet Basquaise NRT 750g","p":7.99,"u":"10,65 €/KG","img":"https://fd8-photos.leclercdrive.fr/image.ashx?id=1935877&use=l&cat=p&typeid=i","cat":284441},{"id":69445,"n":"Pralinés extra NRT 200g","p":3.29,"u":"16,45 €/KG","img":"https://fd8-photos.leclercdrive.fr/image.ashx?id=2443194&use=l&cat=p&typeid=i","cat":284504},{"id":69679,"n":"Yaourt à la grecque YAOS Nature lit de myrtilles 4x125g","p":2.75,"u":"5,50 €/KG","img":"https://fd8-photos.leclercdrive.fr/image.ashx?id=2614933&use=l&cat=p&typeid=i","cat":314999},{"id":69680,"n":"Yaourt à la grecque YAOS Nature lit de pêches 4x125g","p":2.56,"u":"5,12 €/KG","img":"https://fd8-photos.leclercdrive.fr/image.ashx?id=2539533&use=l&cat=p&typeid=i","cat":314999},{"id":69690,"n":"Mascarpone 41.5% mg Galbani 500g","p":5.29,"u":"10,58 €/KG","img":"https://fd8-photos.leclercdrive.fr/image.ashx?id=2832470&use=l&cat=p&typeid=i","cat":314026},{"id":69705,"n":"Coleslaw moutarde Bonduelle 320g","p":1.81,"u":"5,66 €/KG","img":"https://fd8-photos.leclercdrive.fr/image.ashx?id=2894185&use=l&cat=p&typeid=i","cat":333657},{"id":69720,"n":"Gougères au fromage Côté Table x20 - 140g","p":3.76,"u":"26,86 €/KG","img":"https://fd8-photos.leclercdrive.fr/image.ashx?id=2726709&use=l&cat=p&typeid=i","cat":319774},{"id":69739,"n":"Mini feuilletés Côté Table Apéritifs - x30 - 360g","p":3.72,"u":"10,33 €/KG","img":"https://fd8-photos.leclercdrive.fr/image.ashx?id=2212509&use=l&cat=p&typeid=i","cat":319774},{"id":69740,"n":"Mini-feuilletés Côté Table Apéritifs - x80 - 740g","p":9.68,"u":"13,08 €/KG","img":"https://fd8-photos.leclercdrive.fr/image.ashx?id=2238045&use=l&cat=p&typeid=i","cat":319774},{"id":69741,"n":"Mini-feuilletés Côté Table Apéritifs - x40 - 350g","p":3.37,"u":"9,63 €/KG","img":"https://fd8-photos.leclercdrive.fr/image.ashx?id=2632873&use=l&cat=p&typeid=i","cat":319774},{"id":69798,"n":"Aligot Coeur d'Aveyron 900g","p":9.78,"u":"10,87 €/KG","img":"https://fd8-photos.leclercdrive.fr/image.ashx?id=2346975&use=l&cat=p&typeid=i","cat":333666},{"id":69803,"n":"Riz provençale Bonduelle Thon - 320g","p":1.93,"u":"6,03 €/KG","img":"https://fd8-photos.leclercdrive.fr/image.ashx?id=2907905&use=l&cat=p&typeid=i","cat":333657},{"id":69879,"n":"Beurre de Savoie 82% MG - 250g","p":2.49,"u":"9,96 €/KG","img":"https://fd8-photos.leclercdrive.fr/image.ashx?id=1988547&use=l&cat=p&typeid=i","cat":284379},{"id":69910,"n":"Origan Rustica 11g","p":0.45,"u":"40,91 €/KG","img":"https://fd8-photos.leclercdrive.fr/image.ashx?id=2991443&use=l&cat=p&typeid=i","cat":298297},{"id":70114,"n":"Biscuits p'tit dèj BN Extra céréales complètes - 200g","p":1.67,"u":"8,35 €/KG","img":"https://fd8-photos.leclercdrive.fr/image.ashx?id=2603471&use=l&cat=p&typeid=i","cat":284491},{"id":70117,"n":"Biscuits Mc Vitie's Original - 400g","p":1.69,"u":"4,23 €/KG","img":"https://fd8-photos.leclercdrive.fr/image.ashx?id=2310182&use=l&cat=p&typeid=i","cat":284487},{"id":70118,"n":"Biscuits Mc Vitie's Chocolat au lait - 300g","p":1.78,"u":"5,93 €/KG","img":"https://fd8-photos.leclercdrive.fr/image.ashx?id=2589491&use=l&cat=p&typeid=i","cat":284488},{"id":70123,"n":"Fromage blanc Danone Nature 3%MG - 8x100g","p":2.82,"u":"3,53 €/KG","img":"https://fd8-photos.leclercdrive.fr/image.ashx?id=2792075&use=l&cat=p&typeid=i","cat":284409},{"id":70126,"n":"Fromage blanc Danone Nature 3%MG - 4x100g","p":1.75,"u":"4,38 €/KG","img":"https://fd8-photos.leclercdrive.fr/image.ashx?id=2833225&use=l&cat=p&typeid=i","cat":284409},{"id":70344,"n":"Triple Secret des Moines 8%  - 75cl","p":3.87,"u":"5,16 €/L","img":"https://fd8-photos.leclercdrive.fr/image.ashx?id=2947991&use=l&cat=p&typeid=i","cat":334872},{"id":70389,"n":"Café dosettes Tassimo L'Or Cappuccino x8","p":4.89,"u":"18,31 €/KG","img":"https://fd8-photos.leclercdrive.fr/image.ashx?id=2100305&use=l&cat=p&typeid=i","cat":293240},{"id":70438,"n":"Fines feuilles de chocolat noir After Eight - 200g","p":5.0,"u":"25,00 €/KG","img":"https://fd8-photos.leclercdrive.fr/image.ashx?id=2897345&use=l&cat=p&typeid=i","cat":327595},{"id":70480,"n":"Chocolats Ferrero Collection Assortiments x24 - 269g","p":10.02,"u":"37,25 €/KG","img":"https://fd8-photos.leclercdrive.fr/image.ashx?id=2871181&use=l&cat=p&typeid=i","cat":327595},{"id":70559,"n":"Ciboulette bio Bio Village 4g","p":0.68,"u":"170,00 €/KG","img":"https://fd8-photos.leclercdrive.fr/image.ashx?id=2711704&use=l&cat=p&typeid=i","cat":298297},{"id":70579,"n":"Fromage Caprice des Dieux  200g","p":2.9,"u":"14,50 €/KG","img":"https://fd8-photos.leclercdrive.fr/image.ashx?id=2762438&use=l&cat=p&typeid=i","cat":314033},{"id":70588,"n":"Boudin blanc à l'ancienne L'Atelier Charcuterie x3 - 390g","p":5.53,"u":"14,18 €/KG","img":"https://fd8-photos.leclercdrive.fr/image.ashx?id=2821786&use=l&cat=p&typeid=i","cat":316012},{"id":70914,"n":"Poivre noir grains Rustica 90g","p":2.32,"u":"25,78 €/KG","img":"https://fd8-photos.leclercdrive.fr/image.ashx?id=2870047&use=l&cat=p&typeid=i","cat":284457},{"id":70993,"n":"Coulommiers Président  350g","p":2.77,"u":"7,91 €/KG","img":"https://fd8-photos.leclercdrive.fr/image.ashx?id=2029862&use=l&cat=p&typeid=i","cat":314033},{"id":71021,"n":"Jus de pomme Pays Lyonnais 1L","p":4.58,"u":"4,58 €/L","img":"https://fd8-photos.leclercdrive.fr/image.ashx?id=2903491&use=l&cat=p&typeid=i","cat":284522},{"id":71022,"n":"Jus de pomme Reinette 1L","p":4.65,"u":"4,65 €/L","img":"https://fd8-photos.leclercdrive.fr/image.ashx?id=2903494&use=l&cat=p&typeid=i","cat":284915},{"id":71023,"n":"Nectar d'abricots 1L","p":4.69,"u":"4,69 €/L","img":"https://fd8-photos.leclercdrive.fr/image.ashx?id=2178190&use=l&cat=p&typeid=i","cat":284915},{"id":71024,"n":"Jus de pomme brut pressoir 1L","p":4.29,"u":"4,29 €/L","img":"https://fd8-photos.leclercdrive.fr/image.ashx?id=2903500&use=l&cat=p&typeid=i","cat":284522},{"id":71026,"n":"Nectar poire williams 1L","p":4.67,"u":"4,67 €/L","img":"https://fd8-photos.leclercdrive.fr/image.ashx?id=2903503&use=l&cat=p&typeid=i","cat":284915},{"id":71043,"n":"Salade de quinoa aux légumes Sans Gluten - 250g","p":2.09,"u":"8,36 €/KG","img":"https://fd8-photos.leclercdrive.fr/image.ashx?id=2918733&use=l&cat=p&typeid=i","cat":333657},{"id":71060,"n":"Basilic Rustica 11g","p":0.39,"u":"35,45 €/KG","img":"https://fd8-photos.leclercdrive.fr/image.ashx?id=2772957&use=l&cat=p&typeid=i","cat":298297},{"id":71066,"n":"Moutarde à l'ancienne Origine du Goût-Au vinaigre cidre -100g","p":1.39,"u":"13,90 €/KG","img":"https://fd8-photos.leclercdrive.fr/image.ashx?id=2794850&use=l&cat=p&typeid=i","cat":288850},{"id":71067,"n":"Moutarde L'Origine du Goût Poivre vert de Madagascar -100g","p":1.39,"u":"13,90 €/KG","img":"https://fd8-photos.leclercdrive.fr/image.ashx?id=2711631&use=l&cat=p&typeid=i","cat":288850},{"id":71069,"n":"Moutarde à l'ancienne Origine du Goût -Piment espelette -100g","p":1.39,"u":"13,90 €/KG","img":"https://fd8-photos.leclercdrive.fr/image.ashx?id=2794853&use=l&cat=p&typeid=i","cat":288850},{"id":71070,"n":"Moutarde au vinaigre balsamique L'Origine du Goût -100g","p":1.39,"u":"13,90 €/KG","img":"https://fd8-photos.leclercdrive.fr/image.ashx?id=2711637&use=l&cat=p&typeid=i","cat":288850},{"id":71075,"n":"Vinaigrette biphase Rustica Tomate/ Balsamique - 50cl","p":2.72,"u":"5,44 €/L","img":"https://fd8-photos.leclercdrive.fr/image.ashx?id=1972937&use=l&cat=p&typeid=i","cat":284456},{"id":71077,"n":"Vinaigrette biphase Rustica Ciboulette/Echalote - 50cl","p":2.79,"u":"5,58 €/L","img":"https://fd8-photos.leclercdrive.fr/image.ashx?id=1943241&use=l&cat=p&typeid=i","cat":284456},{"id":71090,"n":"Boisson énergisante Red bull 6x250ml","p":6.7,"u":"4,47 €/L","img":"https://fd8-photos.leclercdrive.fr/image.ashx?id=3011989&use=l&cat=p&typeid=i","cat":284533},{"id":71099,"n":"IGP Pays d'Oc Merlot vin rouge Vieux Carion 12% vol - BIB 3L","p":7.99,"u":"2,66 €/L","img":"https://fd8-photos.leclercdrive.fr/image.ashx?id=2905231&use=l&cat=p&typeid=i","cat":289560},{"id":71101,"n":"IGP Pays d'Oc Muscat blanc  Moelleux 12% vol - 75cl","p":2.99,"u":"3,99 €/L","img":"https://fd8-photos.leclercdrive.fr/image.ashx?id=2870080&use=l&cat=p&typeid=i","cat":289557},{"id":71102,"n":"Bière Desperados 65cl","p":2.55,"u":"3,92 €/L","img":"https://fd8-photos.leclercdrive.fr/image.ashx?id=2977960&use=l&cat=p&typeid=i","cat":334878},{"id":71106,"n":"Ail semoule Rustica 110g","p":1.39,"u":"12,64 €/KG","img":"https://fd8-photos.leclercdrive.fr/image.ashx?id=2870038&use=l&cat=p&typeid=i","cat":298297},{"id":71107,"n":"Bouquet garni entier Rustica 17g","p":1.68,"u":"98,82 €/KG","img":"https://fd8-photos.leclercdrive.fr/image.ashx?id=1710608&use=l&cat=p&typeid=i","cat":298297},{"id":71154,"n":"Arôme vanille Tablier Blanc 200ml","p":2.31,"u":"11,55 €/L","img":"https://fd8-photos.leclercdrive.fr/image.ashx?id=2487476&use=l&cat=p&typeid=i","cat":284504},{"id":71155,"n":"Ail semoule Rustica Flacon - 60g","p":0.99,"u":"16,50 €/KG","img":"https://fd8-photos.leclercdrive.fr/image.ashx?id=2797790&use=l&cat=p&typeid=i","cat":298297},{"id":71156,"n":"Moulin 5 baies Rustica Flacon - 24g","p":1.19,"u":"49,58 €/KG","img":"https://fd8-photos.leclercdrive.fr/image.ashx?id=2907231&use=l&cat=p&typeid=i","cat":284457},{"id":71157,"n":"Herbe de provence haché Rustica 40g","p":0.88,"u":"22,00 €/KG","img":"https://fd8-photos.leclercdrive.fr/image.ashx?id=2935226&use=l&cat=p&typeid=i","cat":298297},{"id":71158,"n":"Poivre gris moulu Rustica Boite - 90g","p":2.29,"u":"25,44 €/KG","img":"https://fd8-photos.leclercdrive.fr/image.ashx?id=2907204&use=l&cat=p&typeid=i","cat":284457},{"id":71162,"n":"Assortiment crackers Tokapi 85g","p":0.69,"u":"8,12 €/KG","img":"https://fd8-photos.leclercdrive.fr/image.ashx?id=1926981&use=l&cat=p&typeid=i","cat":297000},{"id":71164,"n":"Gel lavant Bionaïa Abricot bio - 300ml","p":1.79,"u":"5,97 €/L","img":"https://fd8-photos.leclercdrive.fr/image.ashx?id=2935525&use=l&cat=p&typeid=i","cat":284597},{"id":71232,"n":"Scotch Whisky William Peel Edition limitée 40%vol - 1L","p":16.6,"u":"16,60 €/L","img":"https://fd8-photos.leclercdrive.fr/image.ashx?id=2867014&use=l&cat=p&typeid=i","cat":284547},{"id":71320,"n":"Whisky japonais Togouchi Premium - 40%vol - 70cl","p":39.24,"u":"56,06 €/L","img":"https://fd8-photos.leclercdrive.fr/image.ashx?id=2685291&use=l&cat=p&typeid=i","cat":284547},{"id":71351,"n":"Cocktail Pêche Océan Fruits de mer - 500g","p":4.94,"u":"9,88 €/KG","img":"https://fd8-photos.leclercdrive.fr/image.ashx?id=2686347&use=l&cat=p&typeid=i","cat":319787},{"id":71419,"n":"Petits pois carottes Eco  530g","p":1.12,"u":"2,11 €/KG","img":"https://fd8-photos.leclercdrive.fr/image.ashx?id=3003714&use=l&cat=p&typeid=i","cat":312607},{"id":71422,"n":"Macedoine de legumes Eco  530g","p":1.11,"u":"2,09 €/KG","img":"https://fd8-photos.leclercdrive.fr/image.ashx?id=2729245&use=l&cat=p&typeid=i","cat":312612},{"id":71426,"n":"Lentilles Eco+ 530g","p":1.02,"u":"1,92 €/KG","img":"https://fd8-photos.leclercdrive.fr/image.ashx?id=3003720&use=l&cat=p&typeid=i","cat":312609},{"id":71433,"n":"Choux-fleurs Eco+ 1kg","p":1.31,"u":"1,31 €/KG","img":"https://fd8-photos.leclercdrive.fr/image.ashx?id=2892334&use=l&cat=p&typeid=i","cat":319805},{"id":71439,"n":"Filets de colin d'Alaska Eco+ 10x100g","p":5.3,"u":"5,30 €/KG","img":"https://fd8-photos.leclercdrive.fr/image.ashx?id=1668300&use=l&cat=p&typeid=i","cat":319786},{"id":71444,"n":"Galettes au beurre Eco+ x16 - 125g","p":0.64,"u":"5,12 €/KG","img":"https://fd8-photos.leclercdrive.fr/image.ashx?id=2746781&use=l&cat=p&typeid=i","cat":284487},{"id":71448,"n":"Raviolis à la sauce tomate Eco+ 800g","p":1.69,"u":"2,11 €/KG","img":"https://fd8-photos.leclercdrive.fr/image.ashx?id=2688288&use=l&cat=p&typeid=i","cat":284442},{"id":71451,"n":"Serviettes maxi nuit Eco+ x10","p":0.64,"u":"0,06 €/P","img":"https://fd8-photos.leclercdrive.fr/image.ashx?id=2824739&use=l&cat=p&typeid=i","cat":284624},{"id":71469,"n":"DOC Prosecco extra-dry blanc 7% vol - 75cl","p":4.99,"u":"6,65 €/L","img":"https://fd8-photos.leclercdrive.fr/image.ashx?id=2977171&use=l&cat=p&typeid=i","cat":289461},{"id":71473,"n":"Vin d'Espagne blanc Chardonnay Adrien Champaud - BIB 5L","p":11.99,"u":"2,40 €/L","img":"https://fd8-photos.leclercdrive.fr/image.ashx?id=2959617&use=l&cat=p&typeid=i","cat":289557},{"id":71489,"n":"Croissants Epi d'Or x8 - 320g","p":1.64,"u":"5,13 €/KG","img":"https://fd8-photos.leclercdrive.fr/image.ashx?id=2860766&use=l&cat=p&typeid=i","cat":296366},{"id":71490,"n":"Vin d'Espagne blanc Sauvignon Adrien Champaud - BIB 5L","p":9.99,"u":"2,00 €/L","img":"https://fd8-photos.leclercdrive.fr/image.ashx?id=2960511&use=l&cat=p&typeid=i","cat":289560},{"id":71497,"n":"Tartelette P'tit Déli Fraise - 127g","p":1.42,"u":"11,18 €/KG","img":"https://fd8-photos.leclercdrive.fr/image.ashx?id=2888640&use=l&cat=p&typeid=i","cat":284489},{"id":71519,"n":"Yaourt Bio Bio Village Aromatisé Citron - 4x125g","p":1.39,"u":"2,78 €/KG","img":"https://fd8-photos.leclercdrive.fr/image.ashx?id=2289666&use=l&cat=p&typeid=i","cat":286006},{"id":71528,"n":"Fromage frais nature Bio Bio village - 8x100g","p":3.16,"u":"3,95 €/KG","img":"https://fd8-photos.leclercdrive.fr/image.ashx?id=2839950&use=l&cat=p&typeid=i","cat":284409},{"id":71531,"n":"Crème fraiche bio Bio village Epaisse - 30% MG  - 50cl","p":2.66,"u":"5,32 €/L","img":"https://fd8-photos.leclercdrive.fr/image.ashx?id=1975050&use=l&cat=p&typeid=i","cat":284381},{"id":71535,"n":"Pommes de terre NRT à l'échirlète - 600g","p":3.55,"u":"5,92 €/KG","img":"https://fd8-photos.leclercdrive.fr/image.ashx?id=2699855&use=l&cat=p&typeid=i","cat":319792},{"id":71553,"n":"Déodorant Manava Freesia Orchidée - 200ml","p":1.34,"u":"6,70 €/L","img":"https://fd8-photos.leclercdrive.fr/image.ashx?id=2656454&use=l&cat=p&typeid=i","cat":284595},{"id":71557,"n":"Mini sables P'tit Déli Chocolat au lait - 160g","p":1.89,"u":"11,81 €/KG","img":"https://fd8-photos.leclercdrive.fr/image.ashx?id=2323295&use=l&cat=p&typeid=i","cat":284488},{"id":71565,"n":"Pêches Douceur du Verger Sirop léger - 465g","p":1.62,"u":"3,48 €/KG","img":"https://fd8-photos.leclercdrive.fr/image.ashx?id=2666471&use=l&cat=p&typeid=i","cat":284507},{"id":71566,"n":"Sauce Soja Tables Du Monde 125ml","p":0.83,"u":"6,64 €/L","img":"https://fd8-photos.leclercdrive.fr/image.ashx?id=2679765&use=l&cat=p&typeid=i","cat":288992},{"id":71568,"n":"Sauce soja sucrée Table du monde - 125ml","p":0.83,"u":"6,64 €/L","img":"https://fd8-photos.leclercdrive.fr/image.ashx?id=2679762&use=l&cat=p&typeid=i","cat":288992},{"id":71574,"n":"Gaufrettes P'tit Déli Chocolat noisette - 160g","p":1.54,"u":"9,63 €/KG","img":"https://fd8-photos.leclercdrive.fr/image.ashx?id=2915302&use=l&cat=p&typeid=i","cat":284488},{"id":71575,"n":"Test de grossesse Primoplast x1","p":0.74,"img":"https://fd8-photos.leclercdrive.fr/image.ashx?id=2832975&use=l&cat=p&typeid=i","cat":324482},{"id":71578,"n":"Crème lavante Manava Surgras - 300ml","p":1.12,"u":"3,73 €/L","img":"https://fd8-photos.leclercdrive.fr/image.ashx?id=2935513&use=l&cat=p&typeid=i","cat":284597},{"id":71579,"n":"Recharge crème lavante Manava Surgras - 250ml","p":0.66,"u":"2,64 €/L","img":"https://fd8-photos.leclercdrive.fr/image.ashx?id=2935516&use=l&cat=p&typeid=i","cat":284597},{"id":71580,"n":"Tampons digitaux Doulys Super+ x24","p":2.09,"u":"0,09 €/P","img":"https://fd8-photos.leclercdrive.fr/image.ashx?id=2965521&use=l&cat=p&typeid=i","cat":284626},{"id":71599,"n":"Bicarbonate de soude Clair 500g","p":1.5,"u":"3,00 €/KG","img":"https://fd8-photos.leclercdrive.fr/image.ashx?id=2822129&use=l&cat=p&typeid=i","cat":325365},{"id":71602,"n":"Change bébé Mots d'Enfants Nouveau né - T1 - 2/5kg - x23","p":2.36,"u":"0,10 €/P","img":"https://fd8-photos.leclercdrive.fr/image.ashx?id=2907225&use=l&cat=p&typeid=i","cat":284737},{"id":71627,"n":"Boisson végétale Bio Village Soja chocolat bio - 1l","p":1.5,"u":"1,50 €/L","img":"https://fd8-photos.leclercdrive.fr/image.ashx?id=2352240&use=l&cat=p&typeid=i","cat":316067},{"id":71629,"n":"Boisson végétale Bio Village Lait amande intense bio - 1l","p":2.39,"u":"2,39 €/L","img":"https://fd8-photos.leclercdrive.fr/image.ashx?id=2386185&use=l&cat=p&typeid=i","cat":316067},{"id":71637,"n":"Bâtonnets enrobés bio Bio Village - Chocolat noir - 125g","p":1.99,"u":"15,92 €/KG","img":"https://fd8-photos.leclercdrive.fr/image.ashx?id=1241599&use=l&cat=p&typeid=i","cat":284488},{"id":71640,"n":"Coeur de filet de saumon fumé  D'Écosse L'origine du goût 140g","p":8.48,"u":"60,57 €/KG","img":"https://fd8-photos.leclercdrive.fr/image.ashx?id=2820451&use=l&cat=p&typeid=i","cat":285188},{"id":71647,"n":"Biscuit graine Bio Village Pépites de chocolat Bio - 140g","p":1.85,"u":"13,21 €/KG","img":"https://fd8-photos.leclercdrive.fr/image.ashx?id=2400526&use=l&cat=p&typeid=i","cat":325066},{"id":71649,"n":"Herbe Provence bio Bio Village 14g","p":0.79,"u":"56,43 €/KG","img":"https://fd8-photos.leclercdrive.fr/image.ashx?id=2711695&use=l&cat=p&typeid=i","cat":298297},{"id":71655,"n":"Curry moulu Bio Village Bio - 37g","p":1.25,"u":"33,78 €/KG","img":"https://fd8-photos.leclercdrive.fr/image.ashx?id=2714989&use=l&cat=p&typeid=i","cat":298297},{"id":71679,"n":"Truffe noire du Périgord L'Origine du goût - 12,5g","p":15.99,"img":"https://fd8-photos.leclercdrive.fr/image.ashx?id=1646697&use=l&cat=p&typeid=i","cat":312610},{"id":71683,"n":"Pâtes de fruits NRT Assortiment 300g","p":8.7,"u":"29,00 €/KG","img":"https://fd8-photos.leclercdrive.fr/image.ashx?id=2265350&use=l&cat=p&typeid=i","cat":284499},{"id":71687,"n":"Pelure truffes noires Périgord L'origine du Goût - 12,5g","p":9.95,"u":"829,17 €/KG","img":"https://fd8-photos.leclercdrive.fr/image.ashx?id=1646643&use=l&cat=p&typeid=i","cat":312610},{"id":72032,"n":"Bière blonde Affligem 6.7% vol -  Fût 5L","p":20.33,"u":"4,07 €/L","img":"https://fd8-photos.leclercdrive.fr/image.ashx?id=2672722&use=l&cat=p&typeid=i","cat":334879},{"id":72164,"n":"Soda au cola Pepsi Zéro sucres Le lot de 4x1.5L","p":4.6,"u":"0,77 €/L","img":"https://fd8-photos.leclercdrive.fr/image.ashx?id=2692560&use=l&cat=p&typeid=i","cat":284530},{"id":72190,"n":"Lomo Bellota L'Origine du Goût - 80g","p":5.95,"u":"74,38 €/KG","img":"https://fd8-photos.leclercdrive.fr/image.ashx?id=1244434&use=l&cat=p&typeid=i","cat":316007},{"id":72191,"n":"Jamon Bellota 48 mois L'Origine du goût - 70g","p":9.5,"u":"135,71 €/KG","img":"https://fd8-photos.leclercdrive.fr/image.ashx?id=1244431&use=l&cat=p&typeid=i","cat":316007},{"id":72262,"n":"Escargots de Bourgogne x12 - 89g","p":5.99,"u":"67,30 €/KG","img":"https://fd8-photos.leclercdrive.fr/image.ashx?id=2808808&use=l&cat=p&typeid=i","cat":316003},{"id":72731,"n":"Chocolat Pâtissier Nestlé Dessert : Noir 70% - 170g","p":3.31,"u":"19,47 €/KG","img":"https://fd8-photos.leclercdrive.fr/image.ashx?id=2902358&use=l&cat=p&typeid=i","cat":285562},{"id":72734,"n":"Pain de mie Schär - Céréales Sans gluten - 300g","p":3.49,"u":"11,63 €/KG","img":"https://fd8-photos.leclercdrive.fr/image.ashx?id=2659421&use=l&cat=p&typeid=i","cat":318654},{"id":72786,"n":"Bière blonde Pelforth Fût pression - 5L","p":15.94,"u":"3,19 €/L","img":"https://fd8-photos.leclercdrive.fr/image.ashx?id=2767249&use=l&cat=p&typeid=i","cat":334879},{"id":72789,"n":"Bière blonde Desperados Fût 5L","p":19.94,"u":"3,99 €/L","img":"https://fd8-photos.leclercdrive.fr/image.ashx?id=2983513&use=l&cat=p&typeid=i","cat":334879},{"id":72815,"n":"Saumon fumé Labeyrie Norvège 12 tranches - 450g","p":13.95,"u":"31,00 €/KG","img":"https://fd8-photos.leclercdrive.fr/image.ashx?id=2916770&use=l&cat=p&typeid=i","cat":285188},{"id":72894,"n":"Huile d'olive Rustica Vierge extra fruité - 75cl","p":7.99,"u":"10,65 €/L","img":"https://fd8-photos.leclercdrive.fr/image.ashx?id=2898029&use=l&cat=p&typeid=i","cat":284453},{"id":72899,"n":"Crème de chataîgne Ethiquable de L'Aveyron bio - 320g","p":5.06,"u":"15,81 €/KG","img":"https://fd8-photos.leclercdrive.fr/image.ashx?id=2997106&use=l&cat=p&typeid=i","cat":284481},{"id":72911,"n":"Pur jus Ethiquable Tomates de Marmande bio - 75cl","p":2.74,"u":"3,65 €/L","img":"https://fd8-photos.leclercdrive.fr/image.ashx?id=2915575&use=l&cat=p&typeid=i","cat":284523},{"id":72914,"n":"Lentilles vertes Ethiquable Des Charentes bio - 500g","p":3.49,"u":"6,98 €/KG","img":"https://fd8-photos.leclercdrive.fr/image.ashx?id=1621689&use=l&cat=p&typeid=i","cat":284430},{"id":72920,"n":"Lentilles Bio Paysans d'ici  Vertes France - 500g","p":3.49,"u":"6,98 €/KG","img":"https://fd8-photos.leclercdrive.fr/image.ashx?id=2977552&use=l&cat=p&typeid=i","cat":284430},{"id":72934,"n":"Sauce nuoc mam Tables du monde 125ml","p":0.91,"u":"7,28 €/L","img":"https://fd8-photos.leclercdrive.fr/image.ashx?id=2679771&use=l&cat=p&typeid=i","cat":288992},{"id":72976,"n":"Vaseline pure Mercurochrome 75ml","p":2.59,"u":"34,53 €/L","img":"https://fd8-photos.leclercdrive.fr/image.ashx?id=2663992&use=l&cat=p&typeid=i","cat":284630},{"id":72988,"n":"Eau Micellaire Biphase Garnier Maquillage Waterproof - 400ml","p":3.99,"u":"9,98 €/L","img":"https://fd8-photos.leclercdrive.fr/image.ashx?id=2286299&use=l&cat=p&typeid=i","cat":284603},{"id":73001,"n":"Blinis Ronde des mers x4 - 200g","p":1.25,"u":"6,25 €/KG","img":"https://fd8-photos.leclercdrive.fr/image.ashx?id=1919585&use=l&cat=p&typeid=i","cat":285191},{"id":73006,"n":"Sauce pour nems Tables du monde 125ml","p":0.99,"u":"7,92 €/L","img":"https://fd8-photos.leclercdrive.fr/image.ashx?id=2526306&use=l&cat=p&typeid=i","cat":288992},{"id":73064,"n":"Masque tissu hydratant Garnier Repulpant Grenade Hydrabomb","p":2.14,"img":"https://fd8-photos.leclercdrive.fr/image.ashx?id=2401583&use=l&cat=p&typeid=i","cat":325346},{"id":73084,"n":"Crème Hydratante Visage Mixa Peaux Sensibles - 100ml","p":2.76,"u":"27,60 €/L","img":"https://fd8-photos.leclercdrive.fr/image.ashx?id=2300749&use=l&cat=p&typeid=i","cat":325345},{"id":73697,"n":"Compote Allégée en sucres Eco+ Bocal pomme - 720g","p":0.85,"u":"1,18 €/KG","img":"https://fd8-photos.leclercdrive.fr/image.ashx?id=2953185&use=l&cat=p&typeid=i","cat":284508},{"id":73700,"n":"AOC Cadillac Côte de Bordeaux Château Latour Camblanes - 75cl","p":6.64,"u":"8,85 €/L","img":"https://fd8-photos.leclercdrive.fr/image.ashx?id=2490227&use=l&cat=p&typeid=i","cat":289556},{"id":73701,"n":"AOC Blaye Côtes de Bordeaux Château Perenne - 75cl","p":12.55,"u":"16,73 €/L","img":"https://fd8-photos.leclercdrive.fr/image.ashx?id=2108948&use=l&cat=p&typeid=i","cat":289556},{"id":73705,"n":"AOC Bourgogne Pinot Noir Couvent des Visitandines - 75cl","p":8.9,"u":"11,87 €/L","img":"https://fd8-photos.leclercdrive.fr/image.ashx?id=2870221&use=l&cat=p&typeid=i","cat":289556},{"id":73706,"n":"Riz basmati Eco+ 1kg","p":2.01,"u":"2,01 €/KG","img":"https://fd8-photos.leclercdrive.fr/image.ashx?id=2141651&use=l&cat=p&typeid=i","cat":284428},{"id":73729,"n":"Tartelettes à la fraise Eco+ x12 - 200g","p":0.8,"u":"4,00 €/KG","img":"https://fd8-photos.leclercdrive.fr/image.ashx?id=2869757&use=l&cat=p&typeid=i","cat":284489},{"id":73732,"n":"Gel WC javel Eco+ 750ml","p":0.57,"u":"0,76 €/L","img":"https://fd8-photos.leclercdrive.fr/image.ashx?id=2768074&use=l&cat=p&typeid=i","cat":284662},{"id":73781,"n":"Maïs doux Eco+ 285g","p":0.78,"u":"2,74 €/KG","img":"https://fd8-photos.leclercdrive.fr/image.ashx?id=3003738&use=l&cat=p&typeid=i","cat":312611},{"id":73783,"n":"Cocktail 4 fruits Eco+ Sirop léger - 500 g","p":1.66,"u":"3,32 €/KG","img":"https://fd8-photos.leclercdrive.fr/image.ashx?id=2783011&use=l&cat=p&typeid=i","cat":284507},{"id":73786,"n":"Pains petits x4","p":0.9,"u":"0,23 €/P","img":"https://fd8-photos.leclercdrive.fr/image.ashx?id=2062501&use=l&cat=p&typeid=i","cat":284359},{"id":73787,"n":"Sardines Eco+ Huile de tournesol - 3x125g","p":2.39,"u":"6,37 €/KG","img":"https://fd8-photos.leclercdrive.fr/image.ashx?id=2694070&use=l&cat=p&typeid=i","cat":305146},{"id":73791,"n":"Chips nature Eco+ 200g","p":1.0,"u":"5,00 €/KG","img":"https://fd8-photos.leclercdrive.fr/image.ashx?id=2943596&use=l&cat=p&typeid=i","cat":284447},{"id":73793,"n":"Goûters ronds Eco+ Fourrés chocolat - 500g","p":1.35,"u":"2,70 €/KG","img":"https://fd8-photos.leclercdrive.fr/image.ashx?id=2222751&use=l&cat=p&typeid=i","cat":284488},{"id":73797,"n":"Pâtes Eco+ Macaroni - 1kg","p":0.99,"u":"0,99 €/KG","img":"https://fd8-photos.leclercdrive.fr/image.ashx?id=2887395&use=l&cat=p&typeid=i","cat":284427},{"id":73798,"n":"Pâtes Eco+ Coquillettes - 1kg","p":1.01,"u":"1,01 €/KG","img":"https://fd8-photos.leclercdrive.fr/image.ashx?id=2885723&use=l&cat=p&typeid=i","cat":284427},{"id":73799,"n":"Pâtes Eco+ Torsades - 1kg","p":1.0,"u":"1,00 €/KG","img":"https://fd8-photos.leclercdrive.fr/image.ashx?id=2742608&use=l&cat=p&typeid=i","cat":284427},{"id":73801,"n":"Dosettes café Eco+ 100% Robusta - x48 - 336g","p":4.09,"u":"12,17 €/KG","img":"https://fd8-photos.leclercdrive.fr/image.ashx?id=2800222&use=l&cat=p&typeid=i","cat":293238},{"id":73805,"n":"Biscuit fourré cacao Eco+ x12 - 225g","p":0.93,"u":"4,13 €/KG","img":"https://fd8-photos.leclercdrive.fr/image.ashx?id=2834223&use=l&cat=p&typeid=i","cat":284488},{"id":73806,"n":"Eau de javel Eco+ 3x250ml","p":0.48,"u":"0,64 €/L","img":"https://fd8-photos.leclercdrive.fr/image.ashx?id=2949164&use=l&cat=p&typeid=i","cat":284661},{"id":73807,"n":"Carré coton bébé Eco+ x60","p":0.99,"u":"0,02 €/P","img":"https://fd8-photos.leclercdrive.fr/image.ashx?id=2987634&use=l&cat=p&typeid=i","cat":284739},{"id":73808,"n":"Rhum blanc Isautier 49% vol. - 1L","p":17.04,"u":"17,04 €/L","img":"https://fd8-photos.leclercdrive.fr/image.ashx?id=2596901&use=l&cat=p&typeid=i","cat":284550},{"id":74047,"n":"Parmentier de porc Eco+ 1kg","p":2.6,"u":"2,60 €/KG","img":"https://fd8-photos.leclercdrive.fr/image.ashx?id=2774885&use=l&cat=p&typeid=i","cat":284254},{"id":74048,"n":"Lasagnes à la bolognaise Eco + 1kg","p":2.54,"u":"2,54 €/KG","img":"https://fd8-photos.leclercdrive.fr/image.ashx?id=2779166&use=l&cat=p&typeid=i","cat":284254},{"id":74089,"n":"Batonnets Poissons panés Eco+ x15 - 450g","p":1.6,"u":"3,56 €/KG","img":"https://fd8-photos.leclercdrive.fr/image.ashx?id=2843565&use=l&cat=p&typeid=i","cat":319788},{"id":74090,"n":"Nectar Multifruits Eco+ Brique - 2L","p":1.38,"u":"0,69 €/L","img":"https://fd8-photos.leclercdrive.fr/image.ashx?id=2751853&use=l&cat=p&typeid=i","cat":284917},{"id":74091,"n":"Mozzarella Eco+ 18%mg - 125g","p":0.76,"u":"6,08 €/KG","img":"https://fd8-photos.leclercdrive.fr/image.ashx?id=2754868&use=l&cat=p&typeid=i","cat":314026},{"id":74105,"n":"Pur jus d'orange Eco  1.5L","p":2.46,"u":"1,64 €/L","img":"https://fd8-photos.leclercdrive.fr/image.ashx?id=2720136&use=l&cat=p&typeid=i","cat":284521},{"id":74110,"n":"Chorizo doux Eco+ 250g","p":1.66,"u":"6,64 €/KG","img":"https://fd8-photos.leclercdrive.fr/image.ashx?id=2694082&use=l&cat=p&typeid=i","cat":316006},{"id":74112,"n":"Pommes frites Eco+ 1kg","p":1.68,"u":"1,68 €/KG","img":"https://fd8-photos.leclercdrive.fr/image.ashx?id=2958302&use=l&cat=p&typeid=i","cat":319791},{"id":74114,"n":"Eau de source Eco+ 12x50cl","p":1.61,"u":"0,27 €/L","img":"https://fd8-photos.leclercdrive.fr/image.ashx?id=2991416&use=l&cat=p&typeid=i","cat":284535},{"id":74115,"n":"Petit Brie Eco+ 32%mg - 500g","p":3.39,"u":"6,78 €/KG","img":"https://fd8-photos.leclercdrive.fr/image.ashx?id=2938403&use=l&cat=p&typeid=i","cat":314033},{"id":74116,"n":"Bière blonde de luxe 4% - 50cl","p":0.57,"u":"1,14 €/L","img":"https://fd8-photos.leclercdrive.fr/image.ashx?id=2955599&use=l&cat=p&typeid=i","cat":334853},{"id":74123,"n":"Citron jaune Rustica 200ml","p":0.79,"u":"3,95 €/L","img":"https://fd8-photos.leclercdrive.fr/image.ashx?id=2627652&use=l&cat=p&typeid=i","cat":288383},{"id":74133,"n":"Bâtonnets de Surimi Pêche Océan MSC - x18 bâtonnets - 300g","p":2.05,"u":"6,83 €/KG","img":"https://fd8-photos.leclercdrive.fr/image.ashx?id=2981894&use=l&cat=p&typeid=i","cat":285189},{"id":74187,"n":"AOP Alsace Gewurtzraminer blanc Wolfberger - 1,5L","p":23.72,"u":"15,81 €/L","img":"https://fd8-photos.leclercdrive.fr/image.ashx?id=1602005&use=l&cat=p&typeid=i","cat":289557},{"id":74255,"n":"Sauce foie gras Charal 120g","p":2.5,"u":"20,83 €/KG","img":"https://fd8-photos.leclercdrive.fr/image.ashx?id=2144281&use=l&cat=p&typeid=i","cat":327293},{"id":74284,"n":"Brocolis bio Bio Village 500g","p":2.49,"u":"4,98 €/KG","img":"https://fd8-photos.leclercdrive.fr/image.ashx?id=2960547&use=l&cat=p&typeid=i","cat":284352},{"id":74307,"n":"Papier cadeau Esquisse Argent - Métallisé - 2m","p":0.79,"img":"https://fd8-photos.leclercdrive.fr/image.ashx?id=1274917&use=l&cat=p&typeid=i","cat":335914},{"id":74311,"n":"Papier cadeau Esquisse Vert - métallisé - 2m","p":0.79,"img":"https://fd8-photos.leclercdrive.fr/image.ashx?id=1274929&use=l&cat=p&typeid=i","cat":335914},{"id":74326,"n":"Crèpes fourrées P'tit Déli Chocolat noisettes - 256g","p":1.99,"u":"7,77 €/KG","img":"https://fd8-photos.leclercdrive.fr/image.ashx?id=2453195&use=l&cat=p&typeid=i","cat":284494},{"id":74340,"n":"Jambon le gourmet Madrange A l'os - x4 - 160g","p":2.89,"u":"18,06 €/KG","img":"https://fd8-photos.leclercdrive.fr/image.ashx?id=3008206&use=l&cat=p&typeid=i","cat":316009},{"id":74344,"n":"Shampooing Naturé Moi Nourrissant - 250ml","p":2.4,"u":"9,60 €/L","img":"https://fd8-photos.leclercdrive.fr/image.ashx?id=2741472&use=l&cat=p&typeid=i","cat":284606},{"id":74381,"n":"Mousse de canard Madrange Au porto - 180g","p":1.67,"u":"9,28 €/KG","img":"https://fd8-photos.leclercdrive.fr/image.ashx?id=2865704&use=l&cat=p&typeid=i","cat":316008},{"id":74419,"n":"Pâté en croûte Apéri'croq Aux morilles - 450g","p":3.9,"u":"8,67 €/KG","img":"https://fd8-photos.leclercdrive.fr/image.ashx?id=1849306&use=l&cat=p&typeid=i","cat":316003},{"id":74588,"n":"Fromage à Raclette RichesMonts  Sans croûte 28 Tranches - 750g","p":10.04,"u":"13,39 €/KG","img":"https://fd8-photos.leclercdrive.fr/image.ashx?id=2953806&use=l&cat=p&typeid=i","cat":314037},{"id":74609,"n":"La Fermière Riz au lait Vanille  - 2x160g","p":2.39,"u":"14,94 €/KG","img":"https://fd8-photos.leclercdrive.fr/image.ashx?id=2389713&use=l&cat=p&typeid=i","cat":284418},{"id":74656,"n":"Croquettes chien Purina One Medium adulte poulet riz  2.5kg","p":8.2,"u":"3,28 €/KG","img":"https://fd8-photos.leclercdrive.fr/image.ashx?id=2878384&use=l&cat=p&typeid=i","cat":284672},{"id":74857,"n":"Gateaux P'tit Déli Tout chocolat x7 - 210g","p":2.2,"u":"10,48 €/KG","img":"https://fd8-photos.leclercdrive.fr/image.ashx?id=1947372&use=l&cat=p&typeid=i","cat":294776},{"id":74860,"n":"Champignons Notre Jardin A la grecque - 400g","p":1.56,"u":"3,90 €/KG","img":"https://fd8-photos.leclercdrive.fr/image.ashx?id=2531101&use=l&cat=p&typeid=i","cat":312610},{"id":75337,"n":"Café en grains Méo L'original Bio - 500g","p":8.82,"u":"17,64 €/KG","img":"https://fd8-photos.leclercdrive.fr/image.ashx?id=2798533&use=l&cat=p&typeid=i","cat":293237},{"id":75338,"n":"Sachets Infusion bio Clipper Mes belles gambettes - 40g","p":2.21,"u":"55,25 €/KG","img":"https://fd8-photos.leclercdrive.fr/image.ashx?id=2908300&use=l&cat=p&typeid=i","cat":293234},{"id":75357,"n":"Jus multifruits Jafaden Matin Fruité - 1L","p":2.09,"u":"2,09 €/L","img":"https://fd8-photos.leclercdrive.fr/image.ashx?id=2916713&use=l&cat=p&typeid=i","cat":285435},{"id":75426,"n":"Tofu fumé bio Bjorg - 2x100g","p":3.15,"u":"15,75 €/KG","img":"https://fd8-photos.leclercdrive.fr/image.ashx?id=2928531&use=l&cat=p&typeid=i","cat":284953},{"id":75475,"n":"Biscuits Oréo Format familial 440g","p":3.51,"u":"7,98 €/KG","img":"https://fd8-photos.leclercdrive.fr/image.ashx?id=2903827&use=l&cat=p&typeid=i","cat":284488},{"id":75491,"n":"Tablette chocolat au lait Lindt Praliné noisettes - 225g","p":3.96,"u":"17,60 €/KG","img":"https://fd8-photos.leclercdrive.fr/image.ashx?id=2423756&use=l&cat=p&typeid=i","cat":284497},{"id":75572,"n":"Yaourts nature bifidus Activia 16x125g","p":4.5,"u":"2,25 €/KG","img":"https://fd8-photos.leclercdrive.fr/image.ashx?id=2741700&use=l&cat=p&typeid=i","cat":315000},{"id":75575,"n":"Mousse canard Madrange Porto - 2x50g","p":1.28,"u":"12,80 €/KG","img":"https://fd8-photos.leclercdrive.fr/image.ashx?id=2885989&use=l&cat=p&typeid=i","cat":316008},{"id":75587,"n":"Oignon jaune bio Bio village 1kg","p":2.79,"u":"2,79 €/KG","img":"https://fd8-photos.leclercdrive.fr/image.ashx?id=2922451&use=l&cat=p&typeid=i","cat":284352},{"id":75593,"n":"Ail blanc bio Bio Village 250g","p":3.79,"u":"15,16 €/KG","img":"https://fd8-photos.leclercdrive.fr/image.ashx?id=2922457&use=l&cat=p&typeid=i","cat":284352},{"id":75595,"n":"Courge butternut bio Bio Village - x1","p":2.59,"img":"https://fd8-photos.leclercdrive.fr/image.ashx?id=2645759&use=l&cat=p&typeid=i","cat":284352},{"id":75629,"n":"Liégeois chocolat Bio Bio village - 4x100g","p":1.89,"u":"4,73 €/KG","img":"https://fd8-photos.leclercdrive.fr/image.ashx?id=2992639&use=l&cat=p&typeid=i","cat":285042},{"id":75976,"n":"Potimarron bio Bio Village 1p","p":2.69,"img":"https://fd8-photos.leclercdrive.fr/image.ashx?id=2645765&use=l&cat=p&typeid=i","cat":284352},{"id":75984,"n":"Crevettes Bio Bio Village 100g","p":3.28,"u":"32,80 €/KG","img":"https://fd8-photos.leclercdrive.fr/image.ashx?id=2121564&use=l&cat=p&typeid=i","cat":284343},{"id":75986,"n":"Pizza Feu de bois Bio Village Bio Margharita - 350g","p":3.29,"u":"9,40 €/KG","img":"https://fd8-photos.leclercdrive.fr/image.ashx?id=2943668&use=l&cat=p&typeid=i","cat":284256},{"id":75988,"n":"Fromage blanc lait Bio Village Bio Brebis - 400g","p":2.5,"u":"6,25 €/KG","img":"https://fd8-photos.leclercdrive.fr/image.ashx?id=2839953&use=l&cat=p&typeid=i","cat":314998},{"id":76008,"n":"Chocolat au lait Lindt Création La Crème brûlée - 150g","p":3.4,"u":"22,67 €/KG","img":"https://fd8-photos.leclercdrive.fr/image.ashx?id=2685802&use=l&cat=p&typeid=i","cat":284497},{"id":76011,"n":"Chocolat noir Lindt Création Le Rocher noir - 150g","p":3.41,"u":"22,73 €/KG","img":"https://fd8-photos.leclercdrive.fr/image.ashx?id=2685808&use=l&cat=p&typeid=i","cat":284956},{"id":76015,"n":"Biscuit Speculoos Lotus Biscoff Original - 250g (2x125g)","p":1.52,"u":"6,08 €/KG","img":"https://fd8-photos.leclercdrive.fr/image.ashx?id=2854735&use=l&cat=p&typeid=i","cat":284487},{"id":76024,"n":"Pain de mie seigle Epi d'Or 800g","p":2.6,"u":"3,25 €/KG","img":"https://fd8-photos.leclercdrive.fr/image.ashx?id=2209285&use=l&cat=p&typeid=i","cat":284477},{"id":76025,"n":"Cookies chocolat Eco+ Pépites de chocolat - 200g","p":0.97,"u":"4,85 €/KG","img":"https://fd8-photos.leclercdrive.fr/image.ashx?id=2821872&use=l&cat=p&typeid=i","cat":325066},{"id":76119,"n":"Secret de mousse La Laitière Chocolat au lait - 4x59g","p":1.47,"u":"6,23 €/KG","img":"https://fd8-photos.leclercdrive.fr/image.ashx?id=2729740&use=l&cat=p&typeid=i","cat":284417},{"id":76120,"n":"Secret de mousse la Laitière Chocolat noir - 4x59g","p":1.49,"u":"6,31 €/KG","img":"https://fd8-photos.leclercdrive.fr/image.ashx?id=2616835&use=l&cat=p&typeid=i","cat":284417},{"id":76211,"n":"L'ours d'or Haribo Sachet bonbons - 300g","p":1.81,"u":"6,03 €/KG","img":"https://fd8-photos.leclercdrive.fr/image.ashx?id=2805201&use=l&cat=p&typeid=i","cat":304250},{"id":76212,"n":"Tutti Candi Haribo Sachet bonbons - 250g","p":1.7,"u":"6,80 €/KG","img":"https://fd8-photos.leclercdrive.fr/image.ashx?id=2984910&use=l&cat=p&typeid=i","cat":304250},{"id":76214,"n":"Chamallows Choco Haribo Sachet bonbons guimauve - 160g","p":1.95,"u":"12,19 €/KG","img":"https://fd8-photos.leclercdrive.fr/image.ashx?id=2984919&use=l&cat=p&typeid=i","cat":304250},{"id":76219,"n":"Cannelloni Côté Table 800g","p":2.99,"u":"3,74 €/KG","img":"https://fd8-photos.leclercdrive.fr/image.ashx?id=2977897&use=l&cat=p&typeid=i","cat":284442},{"id":76220,"n":"Raviolis Côté Table Aux 6 légumes - 800g","p":2.29,"u":"2,86 €/KG","img":"https://fd8-photos.leclercdrive.fr/image.ashx?id=2977903&use=l&cat=p&typeid=i","cat":284442},{"id":76221,"n":"Pur jus Bio Village Bio Citron Sicile - 25cl","p":1.29,"u":"5,16 €/L","img":"https://fd8-photos.leclercdrive.fr/image.ashx?id=3010446&use=l&cat=p&typeid=i","cat":288383},{"id":76224,"n":"Maoam Stripes Haribo Sachet bonbons - 250g","p":2.06,"u":"8,24 €/KG","img":"https://fd8-photos.leclercdrive.fr/image.ashx?id=2953561&use=l&cat=p&typeid=i","cat":304250},{"id":76272,"n":"Lasagnes bolognaises Côté Table Viande de boeuf français - 600g","p":2.99,"u":"4,98 €/KG","img":"https://fd8-photos.leclercdrive.fr/image.ashx?id=2597324&use=l&cat=p&typeid=i","cat":284254},{"id":76313,"n":"Hygiène parfaite Dr Beckmann Lave-linge - 250g","p":2.8,"u":"11,20 €/KG","img":"https://fd8-photos.leclercdrive.fr/image.ashx?id=2569821&use=l&cat=p&typeid=i","cat":284653},{"id":76322,"n":"Mini crackers Tokapi Salés - 4x75g","p":3.11,"u":"10,37 €/KG","img":"https://fd8-photos.leclercdrive.fr/image.ashx?id=2691438&use=l&cat=p&typeid=i","cat":297000},{"id":76358,"n":"Prosecco zonin brut blanc  75cl","p":6.47,"u":"8,63 €/L","img":"https://fd8-photos.leclercdrive.fr/image.ashx?id=2507131&use=l&cat=p&typeid=i","cat":289461},{"id":76397,"n":"Tablette chocolat au lait Lindt Noisettes 34% - 150g","p":3.88,"u":"25,87 €/KG","img":"https://fd8-photos.leclercdrive.fr/image.ashx?id=1877960&use=l&cat=p&typeid=i","cat":284497},{"id":76399,"n":"Tablette de chocolat noir Lindt Poire intense - 100g","p":2.48,"u":"24,80 €/KG","img":"https://fd8-photos.leclercdrive.fr/image.ashx?id=2209209&use=l&cat=p&typeid=i","cat":284956},{"id":76454,"n":"Dos de Colin d'Alaska Findus MSC - x6 - 660g","p":8.67,"u":"13,14 €/KG","img":"https://fd8-photos.leclercdrive.fr/image.ashx?id=2735341&use=l&cat=p&typeid=i","cat":319786},{"id":76487,"n":"Plaisir aux Noix  Lenôtre - 410g","p":10.95,"u":"26,71 €/KG","img":"https://fd8-photos.leclercdrive.fr/image.ashx?id=2807750&use=l&cat=p&typeid=i","cat":284267},{"id":76501,"n":"Chips Tortilla Old El Paso Nachips - 185g","p":2.26,"u":"12,22 €/KG","img":"https://fd8-photos.leclercdrive.fr/image.ashx?id=2444519&use=l&cat=p&typeid=i","cat":288993},{"id":76515,"n":"AOP Petit-Chablis blanc Union Vignerons - 75 cl","p":9.99,"u":"13,32 €/L","img":"https://fd8-photos.leclercdrive.fr/image.ashx?id=2417884&use=l&cat=p&typeid=i","cat":289557},{"id":76599,"n":"Lait UHT C'est Qui Le Patron Demi-écrémé - Brique 6x1L","p":7.48,"u":"1,25 €/L","img":"https://fd8-photos.leclercdrive.fr/image.ashx?id=2763274&use=l&cat=p&typeid=i","cat":284377},{"id":76604,"n":"Nem au Poulet 4x65g","p":2.83,"u":"10,88 €/KG","img":"https://fd8-photos.leclercdrive.fr/image.ashx?id=2870548&use=l&cat=p&typeid=i","cat":333673},{"id":76647,"n":"Sauce vinaigrette Tête Noire  Aux tomates séchées - 55cl","p":3.21,"u":"5,84 €/L","img":"https://fd8-photos.leclercdrive.fr/image.ashx?id=2851713&use=l&cat=p&typeid=i","cat":284456},{"id":76691,"n":"Whisky Tullamore Dew 40%vol - 1L","p":26.56,"u":"26,56 €/L","img":"https://fd8-photos.leclercdrive.fr/image.ashx?id=2657802&use=l&cat=p&typeid=i","cat":284547},{"id":76719,"n":"Serviette papier Aqua Homeside Triple épaisseur 40x40cm - x20","p":1.39,"u":"0,07 €/P","img":"https://fd8-photos.leclercdrive.fr/image.ashx?id=2711710&use=l&cat=p&typeid=i","cat":334134},{"id":76721,"n":"Serviette papier Olive Homeside Triple épaisseur 40x40cm - x20","p":1.39,"u":"0,07 €/P","img":"https://fd8-photos.leclercdrive.fr/image.ashx?id=2712337&use=l&cat=p&typeid=i","cat":334134},{"id":76725,"n":"Serviette papier Rouge Homeside Triple épaisseur 40x40cm - x20","p":1.39,"u":"0,07 €/P","img":"https://fd8-photos.leclercdrive.fr/image.ashx?id=1659735&use=l&cat=p&typeid=i","cat":334134},{"id":76731,"n":"Sachet mini burger Trolli 100g","p":2.33,"u":"23,30 €/KG","img":"https://fd8-photos.leclercdrive.fr/image.ashx?id=2651179&use=l&cat=p&typeid=i","cat":304250},{"id":76732,"n":"Yaourt allégé Sveltesse  Chocolat - 4x125g","p":1.58,"u":"3,16 €/KG","img":"https://fd8-photos.leclercdrive.fr/image.ashx?id=2571020&use=l&cat=p&typeid=i","cat":315000},{"id":76776,"n":"Eau de toilette Daniel Hechter  Homme Caractère - 50ml","p":14.37,"u":"287,40 €/L","img":"https://fd8-photos.leclercdrive.fr/image.ashx?id=2526953&use=l&cat=p&typeid=i","cat":287740},{"id":76780,"n":"Eau micellaire Mixa  Bio peaux sensibles - 200ml","p":3.39,"u":"16,95 €/L","img":"https://fd8-photos.leclercdrive.fr/image.ashx?id=2421853&use=l&cat=p&typeid=i","cat":284603},{"id":76783,"n":"Eau de Toilette Femme Eau Jeune Echappée Belle - 75ml","p":6.87,"u":"91,60 €/L","img":"https://fd8-photos.leclercdrive.fr/image.ashx?id=2458745&use=l&cat=p&typeid=i","cat":291525},{"id":76802,"n":"Biscuits cacao Kinder Cards Au lait et au cacao x5 - 128g","p":1.88,"u":"14,69 €/KG","img":"https://fd8-photos.leclercdrive.fr/image.ashx?id=2673328&use=l&cat=p&typeid=i","cat":284488},{"id":76811,"n":"Camembert Coeur de Lion Grand cœur - 275g","p":2.58,"u":"9,38 €/KG","img":"https://fd8-photos.leclercdrive.fr/image.ashx?id=2923678&use=l&cat=p&typeid=i","cat":314033},{"id":76859,"n":"Pâté de boeuf pour chat Eco+ Barquette - 100g","p":0.24,"u":"2,40 €/KG","img":"https://fd8-photos.leclercdrive.fr/image.ashx?id=2052724&use=l&cat=p&typeid=i","cat":285286},{"id":76861,"n":"Pâté au poisson pour chat Eco+ Barquette - 100g","p":0.24,"u":"2,40 €/KG","img":"https://fd8-photos.leclercdrive.fr/image.ashx?id=2982794&use=l&cat=p&typeid=i","cat":285286},{"id":76864,"n":"Gelée Bonne Maman Mûres - 370g","p":2.65,"u":"7,16 €/KG","img":"https://fd8-photos.leclercdrive.fr/image.ashx?id=2476305&use=l&cat=p&typeid=i","cat":284480},{"id":76870,"n":"Sachet fraîcheur chien Pedigree  Mixte en gelée - 12x100g","p":5.31,"u":"4,43 €/KG","img":"https://fd8-photos.leclercdrive.fr/image.ashx?id=2870239&use=l&cat=p&typeid=i","cat":284673},{"id":76875,"n":"Confiture Bonne Maman Fraise intense - 335g","p":1.95,"u":"5,82 €/KG","img":"https://fd8-photos.leclercdrive.fr/image.ashx?id=2341008&use=l&cat=p&typeid=i","cat":284480},{"id":76876,"n":"Confiture Bonne Maman Abricot intense - 335g","p":2.04,"u":"6,09 €/KG","img":"https://fd8-photos.leclercdrive.fr/image.ashx?id=2341011&use=l&cat=p&typeid=i","cat":284480},{"id":76877,"n":"Confiture Bonne Maman Framboise intense - 335g","p":2.6,"u":"7,76 €/KG","img":"https://fd8-photos.leclercdrive.fr/image.ashx?id=2341017&use=l&cat=p&typeid=i","cat":284480},{"id":76878,"n":"Confiture Bonne Maman Fruits rouges intense - 335g","p":2.13,"u":"6,36 €/KG","img":"https://fd8-photos.leclercdrive.fr/image.ashx?id=2900977&use=l&cat=p&typeid=i","cat":284480},{"id":76880,"n":"Confiture Bonne Maman Myrtille intense - 335g","p":2.48,"u":"7,40 €/KG","img":"https://fd8-photos.leclercdrive.fr/image.ashx?id=2341020&use=l&cat=p&typeid=i","cat":284480},{"id":76883,"n":"Sachet chat stérilisé Perfect Fit poissons sauce - 4x85g","p":2.7,"u":"7,94 €/KG","img":"https://fd8-photos.leclercdrive.fr/image.ashx?id=2759724&use=l&cat=p&typeid=i","cat":285286},{"id":76886,"n":"Sachet chat stérilisé Perfect  Fit poulet saumon sauce - 4x85g","p":2.7,"u":"7,94 €/KG","img":"https://fd8-photos.leclercdrive.fr/image.ashx?id=2759727&use=l&cat=p&typeid=i","cat":285286},{"id":76887,"n":"Friandises chien Pedigree  Récompense poulet canard - 130g","p":1.69,"u":"13,00 €/KG","img":"https://fd8-photos.leclercdrive.fr/image.ashx?id=2985555&use=l&cat=p&typeid=i","cat":294527},{"id":76888,"n":"Compotes Pom'Potes Gourdes  Multivariétés - 12x90g","p":4.5,"u":"4,17 €/KG","img":"https://fd8-photos.leclercdrive.fr/image.ashx?id=2986143&use=l&cat=p&typeid=i","cat":284508},{"id":76895,"n":"Lait croissance Bio Guigoz En poudre - dès 12 mois - 800g","p":15.13,"u":"18,91 €/KG","img":"https://fd8-photos.leclercdrive.fr/image.ashx?id=2740289&use=l&cat=p&typeid=i","cat":290219},{"id":76999,"n":"Vinaigre de vin rouge Maille 50cl","p":2.33,"u":"4,66 €/L","img":"https://fd8-photos.leclercdrive.fr/image.ashx?id=2812747&use=l&cat=p&typeid=i","cat":298543},{"id":77008,"n":"Petits pains grillés Epi d'Or Briochés - 225g","p":1.45,"u":"6,44 €/KG","img":"https://fd8-photos.leclercdrive.fr/image.ashx?id=2496416&use=l&cat=p&typeid=i","cat":284479},{"id":77010,"n":"Lait concentré sucré Nestlé 8% MG - 397g","p":1.7,"u":"4,28 €/KG","img":"https://fd8-photos.leclercdrive.fr/image.ashx?id=2906832&use=l&cat=p&typeid=i","cat":299162},{"id":77017,"n":"Vinaigrette Maille Huile sésame/soja - 36cl","p":3.01,"u":"8,36 €/L","img":"https://fd8-photos.leclercdrive.fr/image.ashx?id=2985657&use=l&cat=p&typeid=i","cat":284456},{"id":77237,"n":"Gel lavant bébé bio SoBio Etic Très doux - 500ml","p":6.76,"u":"13,52 €/L","img":"https://fd8-photos.leclercdrive.fr/image.ashx?id=2493511&use=l&cat=p&typeid=i","cat":284740},{"id":77253,"n":"Préparation confiture Léonce Blanc - Crème de Marrons - 330g","p":3.34,"u":"10,12 €/KG","img":"https://fd8-photos.leclercdrive.fr/image.ashx?id=2672050&use=l&cat=p&typeid=i","cat":284481},{"id":77289,"n":"Friandises chats  Félix Poulet, foie, dinde  - 200g","p":2.36,"u":"11,80 €/KG","img":"https://fd8-photos.leclercdrive.fr/image.ashx?id=2740859&use=l&cat=p&typeid=i","cat":285285},{"id":77290,"n":"Friandises chats Félix Saveur ocean Saumon,truite 200g","p":2.36,"u":"11,80 €/KG","img":"https://fd8-photos.leclercdrive.fr/image.ashx?id=2940465&use=l&cat=p&typeid=i","cat":285285},{"id":77335,"n":"Lait frais demi-écrémé bio Bio Village Bouteille - 1L","p":1.95,"u":"1,95 €/L","img":"https://fd8-photos.leclercdrive.fr/image.ashx?id=2969872&use=l&cat=p&typeid=i","cat":284377},{"id":77336,"n":"St nectaire laitier NRT AOP  300g","p":4.28,"u":"14,27 €/KG","img":"https://fd8-photos.leclercdrive.fr/image.ashx?id=2143359&use=l&cat=p&typeid=i","cat":329184},{"id":77359,"n":"Ravioli pur boeuf Côté Table Sauce italienne - 800g","p":2.19,"u":"2,74 €/KG","img":"https://fd8-photos.leclercdrive.fr/image.ashx?id=3015102&use=l&cat=p&typeid=i","cat":284442},{"id":77360,"n":"Ravioli bolognaise Côté Table 800g","p":2.89,"u":"3,61 €/KG","img":"https://fd8-photos.leclercdrive.fr/image.ashx?id=3015099&use=l&cat=p&typeid=i","cat":284442},{"id":77461,"n":"Lait UHT C'est Qui Le Patron Demi-écrémé - Brique 1L","p":1.16,"u":"1,16 €/L","img":"https://fd8-photos.leclercdrive.fr/image.ashx?id=2936455&use=l&cat=p&typeid=i","cat":284377},{"id":77465,"n":"Fromages râpé spécial Pizza Les Croisés familial - 350g","p":3.94,"u":"11,26 €/KG","img":"https://fd8-photos.leclercdrive.fr/image.ashx?id=2942795&use=l&cat=p&typeid=i","cat":314035},{"id":77562,"n":"AOC Champagne de Cazanove Réserve brut - 75cl","p":19.9,"u":"26,53 €/L","img":"https://fd8-photos.leclercdrive.fr/image.ashx?id=2106814&use=l&cat=p&typeid=i","cat":284542},{"id":77694,"n":"Yaourt 0% nature Soignon Au lait de chèvre - 4x125g","p":2.2,"u":"4,40 €/KG","img":"https://fd8-photos.leclercdrive.fr/image.ashx?id=2547203&use=l&cat=p&typeid=i","cat":314998},{"id":77701,"n":"LE NATURE AU LAIT DE BREBIS 4x110g SOIGNON","p":2.72,"u":"6,18 €/KG","img":"https://fd8-photos.leclercdrive.fr/image.ashx?id=2948111&use=l&cat=p&typeid=i","cat":314998},{"id":77706,"n":"Yaourt nature Soignon Au lait de chèvre - 8x125g","p":4.29,"u":"4,29 €/KG","img":"https://fd8-photos.leclercdrive.fr/image.ashx?id=2518289&use=l&cat=p&typeid=i","cat":314998},{"id":77727,"n":"Pain Bagel La Boulangère x2 - 180g","p":1.32,"u":"7,33 €/KG","img":"https://fd8-photos.leclercdrive.fr/image.ashx?id=2333959&use=l&cat=p&typeid=i","cat":284985},{"id":77734,"n":"Pains au chocolat Fournée Dorée Beurre frais x8 - 360g","p":2.91,"u":"8,08 €/KG","img":"https://fd8-photos.leclercdrive.fr/image.ashx?id=2950354&use=l&cat=p&typeid=i","cat":296366},{"id":77739,"n":"Crème sans rinçage Elsève Cheveu Abimé, Cassant - 200ml","p":5.28,"u":"26,40 €/L","img":"https://fd8-photos.leclercdrive.fr/image.ashx?id=2948980&use=l&cat=p&typeid=i","cat":284608},{"id":77745,"n":"Sauce Gourmet Amora Béarnaise - 184g","p":1.85,"u":"10,05 €/KG","img":"https://fd8-photos.leclercdrive.fr/image.ashx?id=2387876&use=l&cat=p&typeid=i","cat":318430},{"id":77746,"n":"Sauce Gourmet Amora Burger - 188g","p":1.72,"u":"9,15 €/KG","img":"https://fd8-photos.leclercdrive.fr/image.ashx?id=2387879&use=l&cat=p&typeid=i","cat":318430},{"id":77754,"n":"Pain grillé Pelletier Goût brioche - 500g","p":3.07,"u":"6,14 €/KG","img":"https://fd8-photos.leclercdrive.fr/image.ashx?id=3002246&use=l&cat=p&typeid=i","cat":284479},{"id":77755,"n":"Vinaigrette Légère MAILLE Vin Rouge & Echalotes - 36cl","p":2.46,"u":"6,83 €/L","img":"https://fd8-photos.leclercdrive.fr/image.ashx?id=2788154&use=l&cat=p&typeid=i","cat":284456},{"id":77871,"n":"Brosse à dent Aquafresh Flex Medium x3","p":3.98,"u":"1,33 €/P","img":"https://fd8-photos.leclercdrive.fr/image.ashx?id=2303855&use=l&cat=p&typeid=i","cat":284614},{"id":77877,"n":"Fromage Holland Master  Gouda Vieux AOP - 200g","p":3.68,"u":"18,40 €/KG","img":"https://fd8-photos.leclercdrive.fr/image.ashx?id=1975748&use=l&cat=p&typeid=i","cat":314034},{"id":77882,"n":"Houmous L'Atelier Blini Extra au citron - 175g","p":2.77,"u":"15,83 €/KG","img":"https://fd8-photos.leclercdrive.fr/image.ashx?id=2868984&use=l&cat=p&typeid=i","cat":315999},{"id":77901,"n":"Tzatziki Bio l'Atelier Blini Extra - 160g","p":3.31,"u":"20,69 €/KG","img":"https://fd8-photos.leclercdrive.fr/image.ashx?id=2297081&use=l&cat=p&typeid=i","cat":315999},{"id":77946,"n":"Soin visage L'Oréal Paris Revitalift anti-âge - 50ml","p":14.07,"u":"281,40 €/L","img":"https://fd8-photos.leclercdrive.fr/image.ashx?id=2867527&use=l&cat=p&typeid=i","cat":325345},{"id":77976,"n":"Beurre Grand Fermage Doux - 82% MG - 250g","p":2.68,"u":"10,72 €/KG","img":"https://fd8-photos.leclercdrive.fr/image.ashx?id=2985207&use=l&cat=p&typeid=i","cat":284379},{"id":77985,"n":"Sauce à l'aneth Labeyrie Pour Saumon fumé - 100g","p":1.88,"u":"18,80 €/KG","img":"https://fd8-photos.leclercdrive.fr/image.ashx?id=2538701&use=l&cat=p&typeid=i","cat":315999},{"id":77986,"n":"Houmous Blini 200g","p":2.03,"u":"10,15 €/KG","img":"https://fd8-photos.leclercdrive.fr/image.ashx?id=2487716&use=l&cat=p&typeid=i","cat":315999},{"id":78005,"n":"Feta AOP Casa Azzurra Portion - 150g","p":3.2,"u":"21,33 €/KG","img":"https://fd8-photos.leclercdrive.fr/image.ashx?id=1620610&use=l&cat=p&typeid=i","cat":314026},{"id":78083,"n":"Capsules café L'Or Espresso Lungo Profondo N°8 x10","p":3.65,"u":"70,19 €/KG","img":"https://fd8-photos.leclercdrive.fr/image.ashx?id=2100281&use=l&cat=p&typeid=i","cat":284749},{"id":78098,"n":"Sauce Épicée TABASCO Piment Rouge - 60ml","p":2.38,"u":"39,67 €/L","img":"https://fd8-photos.leclercdrive.fr/image.ashx?id=2961317&use=l&cat=p&typeid=i","cat":298298},{"id":78105,"n":"Capsules café L'Or Espresso Splendente N°7 x10","p":3.09,"u":"59,42 €/KG","img":"https://fd8-photos.leclercdrive.fr/image.ashx?id=3000465&use=l&cat=p&typeid=i","cat":284749},{"id":78107,"n":"Capsules café L'Or Espresso Decaffeinato N°6 x10","p":3.17,"u":"60,96 €/KG","img":"https://fd8-photos.leclercdrive.fr/image.ashx?id=2100275&use=l&cat=p&typeid=i","cat":284749},{"id":78108,"n":"Capsules café L'Or Espresso Or Absolu N°9 x10","p":3.64,"u":"70,00 €/KG","img":"https://fd8-photos.leclercdrive.fr/image.ashx?id=2100287&use=l&cat=p&typeid=i","cat":284749},{"id":78131,"n":"Penne Chaque Jour  Sans gluten - 400g","p":1.62,"u":"4,05 €/KG","img":"https://fd8-photos.leclercdrive.fr/image.ashx?id=2866247&use=l&cat=p&typeid=i","cat":284427},{"id":78133,"n":"Sablés framboise Bonne Maman 150g","p":1.85,"u":"12,33 €/KG","img":"https://fd8-photos.leclercdrive.fr/image.ashx?id=2936215&use=l&cat=p&typeid=i","cat":284487},{"id":78137,"n":"Coquillettes Chaque Jour  Sans gluten - 400g","p":1.57,"u":"3,93 €/KG","img":"https://fd8-photos.leclercdrive.fr/image.ashx?id=2872715&use=l&cat=p&typeid=i","cat":284427},{"id":78138,"n":"Sablé de Retz Saint Michel Oter Bahlsen - 2x120g","p":1.53,"u":"6,38 €/KG","img":"https://fd8-photos.leclercdrive.fr/image.ashx?id=2935684&use=l&cat=p&typeid=i","cat":284487},{"id":78140,"n":"Tagliatelles Chaque Jour  Sans gluten - 250g","p":1.69,"u":"6,76 €/KG","img":"https://fd8-photos.leclercdrive.fr/image.ashx?id=2885771&use=l&cat=p&typeid=i","cat":284427},{"id":78154,"n":"Fusilli Chaque Jour  Sans gluten - 400g","p":1.75,"u":"4,38 €/KG","img":"https://fd8-photos.leclercdrive.fr/image.ashx?id=2885774&use=l&cat=p&typeid=i","cat":284427},{"id":78158,"n":"Biscuits Palmier Saint Michel 100g","p":1.48,"u":"14,80 €/KG","img":"https://fd8-photos.leclercdrive.fr/image.ashx?id=2936185&use=l&cat=p&typeid=i","cat":284487},{"id":78160,"n":"Petits cookies Bonne Maman Pépites de chocolat - 250g","p":2.49,"u":"9,96 €/KG","img":"https://fd8-photos.leclercdrive.fr/image.ashx?id=2936170&use=l&cat=p&typeid=i","cat":325066},{"id":78176,"n":"Mini cônes Extrême Vanille Chocolat x8 - 312g","p":3.59,"u":"11,51 €/KG","img":"https://fd8-photos.leclercdrive.fr/image.ashx?id=2737030&use=l&cat=p&typeid=i","cat":284264},{"id":78192,"n":"Pizza extrème Marie L'américaine - 530g","p":4.0,"u":"7,55 €/KG","img":"https://fd8-photos.leclercdrive.fr/image.ashx?id=2996767&use=l&cat=p&typeid=i","cat":284256},{"id":78204,"n":"Biscuits Palmito LU 100g","p":0.83,"u":"8,30 €/KG","img":"https://fd8-photos.leclercdrive.fr/image.ashx?id=3001949&use=l&cat=p&typeid=i","cat":284487},{"id":78210,"n":"Biscuits Nutella B-ready 6x22g","p":1.9,"u":"14,39 €/KG","img":"https://fd8-photos.leclercdrive.fr/image.ashx?id=2770602&use=l&cat=p&typeid=i","cat":284488},{"id":78212,"n":"Biscuits Mini Prince Fourré chocolat - 160g","p":1.88,"u":"11,75 €/KG","img":"https://fd8-photos.leclercdrive.fr/image.ashx?id=1864026&use=l&cat=p&typeid=i","cat":284488},{"id":78214,"n":"Cookies mini Granola Pépites de chocolat - 160g","p":1.7,"u":"10,63 €/KG","img":"https://fd8-photos.leclercdrive.fr/image.ashx?id=3002252&use=l&cat=p&typeid=i","cat":325066},{"id":78278,"n":"Muesli BIO Good Goût  - 8 mois Fraise - 200g","p":3.81,"u":"19,05 €/KG","img":"https://fd8-photos.leclercdrive.fr/image.ashx?id=2586980&use=l&cat=p&typeid=i","cat":312225},{"id":78422,"n":"Houmous intense Sud & Sol 175g","p":2.44,"u":"13,94 €/KG","img":"https://fd8-photos.leclercdrive.fr/image.ashx?id=2937319&use=l&cat=p&typeid=i","cat":315999},{"id":78448,"n":"Dosettes Café Carte Noire  Arabica Classique n5 x48 - 336g","p":7.7,"u":"22,92 €/KG","img":"https://fd8-photos.leclercdrive.fr/image.ashx?id=2919919&use=l&cat=p&typeid=i","cat":293238},{"id":78454,"n":"Biscuits petit déjeuner Belvita Chocolat - 600g","p":3.8,"u":"6,33 €/KG","img":"https://fd8-photos.leclercdrive.fr/image.ashx?id=2345484&use=l&cat=p&typeid=i","cat":284491},{"id":78496,"n":"Boudoirs Brossard x30 - 175g","p":1.63,"u":"9,31 €/KG","img":"https://fd8-photos.leclercdrive.fr/image.ashx?id=2964995&use=l&cat=p&typeid=i","cat":284487},{"id":78544,"n":"Ravioli pur boeuf Côté Table  400g","p":1.35,"u":"3,38 €/KG","img":"https://fd8-photos.leclercdrive.fr/image.ashx?id=3014281&use=l&cat=p&typeid=i","cat":284442},{"id":78546,"n":"Ravioli bolognaise Côté Table 400g","p":1.99,"u":"4,98 €/KG","img":"https://fd8-photos.leclercdrive.fr/image.ashx?id=3014275&use=l&cat=p&typeid=i","cat":284442},{"id":78574,"n":"Biscuits Choc'land Magie BN Chocolat au lait - 150g","p":1.88,"u":"12,53 €/KG","img":"https://fd8-photos.leclercdrive.fr/image.ashx?id=1739699&use=l&cat=p&typeid=i","cat":284488},{"id":78577,"n":"Gaufrettes Brun  Chocolat - 146g","p":0.92,"u":"6,30 €/KG","img":"https://fd8-photos.leclercdrive.fr/image.ashx?id=2842543&use=l&cat=p&typeid=i","cat":284487},{"id":78580,"n":"Gaufrettes Brun  Vanille - 146g","p":0.92,"u":"6,30 €/KG","img":"https://fd8-photos.leclercdrive.fr/image.ashx?id=2354320&use=l&cat=p&typeid=i","cat":284487},{"id":78586,"n":"Biscuits cuillers Brossard Pâtissier -300g","p":3.74,"u":"12,47 €/KG","img":"https://fd8-photos.leclercdrive.fr/image.ashx?id=2983384&use=l&cat=p&typeid=i","cat":284487},{"id":78594,"n":"Biscuits croquants Délichoc Chocolat noir - 150g","p":1.81,"u":"12,07 €/KG","img":"https://fd8-photos.leclercdrive.fr/image.ashx?id=2956307&use=l&cat=p&typeid=i","cat":284488},{"id":78614,"n":"Acetone Mieuxa 1L","p":4.9,"u":"4,90 €/L","img":"https://fd8-photos.leclercdrive.fr/image.ashx?id=2276996&use=l&cat=p&typeid=i","cat":300576},{"id":78618,"n":"Assiettes en carton Eco+ x100","p":3.09,"img":"https://fd8-photos.leclercdrive.fr/image.ashx?id=1307672&use=l&cat=p&typeid=i","cat":334134},{"id":78628,"n":"Serviettes blanches Homeside x30 - 38cmx38cm - 2 plis","p":1.31,"u":"0,04 €/P","img":"https://fd8-photos.leclercdrive.fr/image.ashx?id=1659693&use=l&cat=p&typeid=i","cat":334134},{"id":78634,"n":"Pétrole désaromatisé Mieuxa 1L","p":4.95,"u":"4,95 €/L","img":"https://fd8-photos.leclercdrive.fr/image.ashx?id=2277035&use=l&cat=p&typeid=i","cat":300576},{"id":78643,"n":"Serviettes 2 plis Ardence Aqua - 38x38cm - x30","p":1.7,"u":"0,06 €/P","img":"https://fd8-photos.leclercdrive.fr/image.ashx?id=2744125&use=l&cat=p&typeid=i","cat":334134},{"id":78645,"n":"Nappe damassée Homeside Bleu ciel - 7m","p":2.96,"u":"0,42 €/MT","img":"https://fd8-photos.leclercdrive.fr/image.ashx?id=2693144&use=l&cat=p&typeid=i","cat":334134},{"id":78653,"n":"Mastic colle de fixation Foxter Silea - 310ml","p":4.95,"u":"15,97 €/L","img":"https://fd8-photos.leclercdrive.fr/image.ashx?id=1308200&use=l&cat=p&typeid=i","cat":300576},{"id":78668,"n":"Confiture Lucien Georgelin Mûres sauvages - 320g","p":2.77,"u":"8,66 €/KG","img":"https://fd8-photos.leclercdrive.fr/image.ashx?id=1638679&use=l&cat=p&typeid=i","cat":284480},{"id":78670,"n":"Confiture Lucien Georgelin Cassis - 320g","p":2.43,"u":"7,59 €/KG","img":"https://fd8-photos.leclercdrive.fr/image.ashx?id=1638412&use=l&cat=p&typeid=i","cat":284480},{"id":78672,"n":"Confiture Lucien Georgelin Framboise - 320g","p":3.51,"u":"10,97 €/KG","img":"https://fd8-photos.leclercdrive.fr/image.ashx?id=1638721&use=l&cat=p&typeid=i","cat":284480},{"id":78673,"n":"Préparation aux Fraises Bio Lucien Georgelin - 320g","p":2.79,"u":"8,72 €/KG","img":"https://fd8-photos.leclercdrive.fr/image.ashx?id=2098739&use=l&cat=p&typeid=i","cat":284480},{"id":78678,"n":"Préparation Bio à l'abricot Lucien georgelin - 320g","p":2.68,"u":"8,38 €/KG","img":"https://fd8-photos.leclercdrive.fr/image.ashx?id=2098742&use=l&cat=p&typeid=i","cat":284480},{"id":78680,"n":"Champagne brut demie Rothschild 37.5cl","p":12.66,"u":"33,76 €/L","img":"https://fd8-photos.leclercdrive.fr/image.ashx?id=2686603&use=l&cat=p&typeid=i","cat":284542},{"id":78714,"n":"Mayonnaise Eco+ Flacon souple - 450g","p":1.27,"u":"2,82 €/KG","img":"https://fd8-photos.leclercdrive.fr/image.ashx?id=1293846&use=l&cat=p&typeid=i","cat":298295},{"id":78717,"n":"Brioche tranchée Eco+ Nature - 500g","p":1.19,"u":"2,38 €/KG","img":"https://fd8-photos.leclercdrive.fr/image.ashx?id=1521024&use=l&cat=p&typeid=i","cat":284478},{"id":78723,"n":"Petits beurre Eco+ x24 - 175g","p":0.58,"u":"3,31 €/KG","img":"https://fd8-photos.leclercdrive.fr/image.ashx?id=2758782&use=l&cat=p&typeid=i","cat":284487},{"id":78726,"n":"Biscuits petit déjeuner Eco+ x25 - 350g","p":0.73,"u":"2,09 €/KG","img":"https://fd8-photos.leclercdrive.fr/image.ashx?id=2550821&use=l&cat=p&typeid=i","cat":284491},{"id":78732,"n":"Guacamole Old El Paso Doux - 320g","p":2.31,"u":"7,22 €/KG","img":"https://fd8-photos.leclercdrive.fr/image.ashx?id=2737612&use=l&cat=p&typeid=i","cat":288993},{"id":78734,"n":"Boisson gourmande PAGO Red ACE Orange sang carotte ctrn - 75cl","p":1.79,"u":"2,39 €/L","img":"https://fd8-photos.leclercdrive.fr/image.ashx?id=2861234&use=l&cat=p&typeid=i","cat":284915},{"id":78742,"n":"Pain campagnard Schar Aux graines sans gluten - 250g","p":3.53,"u":"14,12 €/KG","img":"https://fd8-photos.leclercdrive.fr/image.ashx?id=2139874&use=l&cat=p&typeid=i","cat":325069},{"id":78744,"n":"Pain de mie Schär - Classic Sans gluten - 300g","p":3.48,"u":"11,60 €/KG","img":"https://fd8-photos.leclercdrive.fr/image.ashx?id=2659418&use=l&cat=p&typeid=i","cat":318654},{"id":78767,"n":"Chocolat noir Bio Ethiquable Côte d'Ivoire/Bolivie - 100g","p":3.09,"u":"30,90 €/KG","img":"https://fd8-photos.leclercdrive.fr/image.ashx?id=3003378&use=l&cat=p&typeid=i","cat":284956},{"id":78771,"n":"Galette Bonne Maman x12 - 170g","p":1.77,"u":"10,41 €/KG","img":"https://fd8-photos.leclercdrive.fr/image.ashx?id=2935792&use=l&cat=p&typeid=i","cat":284487},{"id":78773,"n":"Tablette de chocolat noir Lindt Noir 78% cacao - 100g","p":2.48,"u":"24,80 €/KG","img":"https://fd8-photos.leclercdrive.fr/image.ashx?id=2689481&use=l&cat=p&typeid=i","cat":284956},{"id":78837,"n":"Fromage blanc Danone Nature 3%MG - 825g","p":2.86,"u":"3,47 €/KG","img":"https://fd8-photos.leclercdrive.fr/image.ashx?id=2813878&use=l&cat=p&typeid=i","cat":284409},{"id":78842,"n":"Viande haché 15% MG Bio Village  Bio 350g","p":7.15,"u":"20,43 €/KG","img":"https://fd8-photos.leclercdrive.fr/image.ashx?id=2930796&use=l&cat=p&typeid=i","cat":284332},{"id":78937,"n":"Knacki végétal Herta x6 - 210g","p":2.33,"u":"11,10 €/KG","img":"https://fd8-photos.leclercdrive.fr/image.ashx?id=2992323&use=l&cat=p&typeid=i","cat":316036},{"id":78953,"n":"Savon solide Bionaïa Abricot bio - 100g","p":1.39,"u":"13,90 €/KG","img":"https://fd8-photos.leclercdrive.fr/image.ashx?id=2331324&use=l&cat=p&typeid=i","cat":284597},{"id":78969,"n":"Trio de lentilles à la moutarde Pierre Martinet - 250g","p":2.34,"u":"9,36 €/KG","img":"https://fd8-photos.leclercdrive.fr/image.ashx?id=2939610&use=l&cat=p&typeid=i","cat":316036},{"id":78970,"n":"Ravioli emmental Bio Village Bio Basilic - 250g","p":2.99,"u":"11,96 €/KG","img":"https://fd8-photos.leclercdrive.fr/image.ashx?id=2843611&use=l&cat=p&typeid=i","cat":333682},{"id":79016,"n":"Galette boulgour Céréal Bio  Bio tomate parmesan x2 200G","p":2.41,"u":"12,05 €/KG","img":"https://fd8-photos.leclercdrive.fr/image.ashx?id=2573519&use=l&cat=p&typeid=i","cat":284953},{"id":79021,"n":"Galette Blé bio Céréal Bio  Pommes Terres Emmental xé 200g","p":2.57,"u":"12,85 €/KG","img":"https://fd8-photos.leclercdrive.fr/image.ashx?id=2575102&use=l&cat=p&typeid=i","cat":284953},{"id":79092,"n":"Adoucissant peaux sensibles 40 lavages - 750 ml - UNI VERT","p":1.78,"u":"2,37 €/L","img":"https://fd8-photos.leclercdrive.fr/image.ashx?id=2893334&use=l&cat=p&typeid=i","cat":284650},{"id":79094,"n":"Purée de pommes C'est Qui Le Patron - 4x95g","p":1.17,"u":"3,08 €/KG","img":"https://fd8-photos.leclercdrive.fr/image.ashx?id=2097659&use=l&cat=p&typeid=i","cat":284508},{"id":79095,"n":"Purée de pommes C'est Qui Le Patron - 840g","p":2.4,"u":"2,86 €/KG","img":"https://fd8-photos.leclercdrive.fr/image.ashx?id=2097662&use=l&cat=p&typeid=i","cat":284508},{"id":79182,"n":"Pâtes Alpina Savoie Perles Bio - 500g","p":2.05,"u":"4,10 €/KG","img":"https://fd8-photos.leclercdrive.fr/image.ashx?id=1704865&use=l&cat=p&typeid=i","cat":284427},{"id":79243,"n":"Petit pot bébé bio Blédina 4-6m Patate douce - 2x130g","p":1.84,"u":"7,08 €/KG","img":"https://fd8-photos.leclercdrive.fr/image.ashx?id=2848581&use=l&cat=p&typeid=i","cat":312234},{"id":79252,"n":"Compote bébé bio Blédina 6 mois Pomme banane kiwi - 2x130g","p":1.92,"u":"7,38 €/KG","img":"https://fd8-photos.leclercdrive.fr/image.ashx?id=2848560&use=l&cat=p&typeid=i","cat":312388},{"id":79288,"n":"Couches Pampers Splashers Taille 5-6 - x10","p":8.34,"u":"0,83 €/P","img":"https://fd8-photos.leclercdrive.fr/image.ashx?id=2964054&use=l&cat=p&typeid=i","cat":290634},{"id":79311,"n":"Après-Shampooing Sobio Etic Lait d'amande Bio - 200ml","p":4.24,"u":"21,20 €/L","img":"https://fd8-photos.leclercdrive.fr/image.ashx?id=2787065&use=l&cat=p&typeid=i","cat":284607},{"id":79319,"n":"Shampooing Bio Sobio Etic Cheveux Doux - 250ml","p":3.82,"u":"15,28 €/L","img":"https://fd8-photos.leclercdrive.fr/image.ashx?id=2787068&use=l&cat=p&typeid=i","cat":284606},{"id":79323,"n":"Shampooing Bio Sobio Etic Cheveux nourris - 250ml","p":3.78,"u":"15,12 €/L","img":"https://fd8-photos.leclercdrive.fr/image.ashx?id=2792681&use=l&cat=p&typeid=i","cat":284606},{"id":79402,"n":"Chorizo espagnol fort x30 - 150g","p":2.19,"u":"14,60 €/KG","img":"https://fd8-photos.leclercdrive.fr/image.ashx?id=1873728&use=l&cat=p&typeid=i","cat":316007},{"id":79404,"n":"P'tit max Délisse Vanille - 6x180g","p":2.03,"u":"1,88 €/KG","img":"https://fd8-photos.leclercdrive.fr/image.ashx?id=2757933&use=l&cat=p&typeid=i","cat":284415},{"id":79406,"n":"P'tit max Délisse Framboise - 6x180g","p":2.03,"u":"1,88 €/KG","img":"https://fd8-photos.leclercdrive.fr/image.ashx?id=2757936&use=l&cat=p&typeid=i","cat":284415},{"id":79517,"n":"Soupe velouté Knorr 9 légumes - 1L","p":1.78,"u":"1,78 €/L","img":"https://fd8-photos.leclercdrive.fr/image.ashx?id=2408273&use=l&cat=p&typeid=i","cat":284462},{"id":79528,"n":"Nouilles Tables du Monde Asiatiques Boeuf cup - 61.5g","p":0.74,"u":"11,94 €/KG","img":"https://fd8-photos.leclercdrive.fr/image.ashx?id=1297258&use=l&cat=p&typeid=i","cat":288992},{"id":79529,"n":"Nouille Tables du Monde Asiatique Poulet cup - 61.5g","p":0.74,"u":"11,94 €/KG","img":"https://fd8-photos.leclercdrive.fr/image.ashx?id=1297261&use=l&cat=p&typeid=i","cat":288992},{"id":79532,"n":"Nouilles Table du Monde Asiatiques Curry cup - 61.5g","p":0.79,"u":"12,74 €/KG","img":"https://fd8-photos.leclercdrive.fr/image.ashx?id=1297264&use=l&cat=p&typeid=i","cat":288992},{"id":79534,"n":"Nouilles Tables du Monde Asiatiques crevette cup - 61.5g","p":0.74,"u":"11,94 €/KG","img":"https://fd8-photos.leclercdrive.fr/image.ashx?id=2920208&use=l&cat=p&typeid=i","cat":288992},{"id":79545,"n":"Pâtes Collezione Barilla Tortellini jambon fromage -250g","p":2.65,"u":"10,60 €/KG","img":"https://fd8-photos.leclercdrive.fr/image.ashx?id=2588624&use=l&cat=p&typeid=i","cat":284427},{"id":79552,"n":"Pâtes Barilla Spaghettoni n°7 - 1kg","p":1.9,"u":"1,90 €/KG","img":"https://fd8-photos.leclercdrive.fr/image.ashx?id=2392233&use=l&cat=p&typeid=i","cat":284427},{"id":79556,"n":"Couscous parfumé Tipiak Epice - 510g","p":1.93,"u":"3,78 €/KG","img":"https://fd8-photos.leclercdrive.fr/image.ashx?id=2882866&use=l&cat=p&typeid=i","cat":284429},{"id":79560,"n":"Madeleines moelleuses Saint Michel x10 - 250g","p":1.72,"u":"6,88 €/KG","img":"https://fd8-photos.leclercdrive.fr/image.ashx?id=2936155&use=l&cat=p&typeid=i","cat":284492},{"id":79623,"n":"Barre de céréales Nature Valley  Crunchy avoine miel X5-210g","p":2.25,"u":"10,71 €/KG","img":"https://fd8-photos.leclercdrive.fr/image.ashx?id=2844472&use=l&cat=p&typeid=i","cat":285869},{"id":79624,"n":"Barre de céréales Nature Valley Crunchy avoine chocolat x5-210g","p":2.47,"u":"11,76 €/KG","img":"https://fd8-photos.leclercdrive.fr/image.ashx?id=2844475&use=l&cat=p&typeid=i","cat":285869},{"id":79625,"n":"Barre de céréales Nature Valley  Sweet & Salty chocolat x5-150g","p":2.81,"u":"18,73 €/KG","img":"https://fd8-photos.leclercdrive.fr/image.ashx?id=2737714&use=l&cat=p&typeid=i","cat":285869},{"id":79668,"n":"Bouillon cubes Knorr Légumes réduit en sel x12- 109g","p":1.42,"u":"13,03 €/KG","img":"https://fd8-photos.leclercdrive.fr/image.ashx?id=2793068&use=l&cat=p&typeid=i","cat":288379},{"id":79670,"n":"Eau de toilette Vanderbilt  Gloria - 30ml","p":14.29,"u":"476,33 €/L","img":"https://fd8-photos.leclercdrive.fr/image.ashx?id=2848908&use=l&cat=p&typeid=i","cat":291525},{"id":79674,"n":"Mascara Maybelline  Colossal Big Shot volume Noir","p":8.49,"img":"https://fd8-photos.leclercdrive.fr/image.ashx?id=2422734&use=l&cat=p&typeid=i","cat":287029},{"id":79682,"n":"Poudre fondante L'Oréal Paris Accord Parfait 3D Beige doré","p":10.99,"img":"https://fd8-photos.leclercdrive.fr/image.ashx?id=2395544&use=l&cat=p&typeid=i","cat":287029},{"id":79692,"n":"Mascara L'Oréal Paris Millions de Cils Noir","p":12.38,"img":"https://fd8-photos.leclercdrive.fr/image.ashx?id=2419167&use=l&cat=p&typeid=i","cat":287029},{"id":79694,"n":"Fond de Teint L'Oréal Paris Accord Parfait 2.R Vanille Rosé","p":12.57,"img":"https://fd8-photos.leclercdrive.fr/image.ashx?id=2937355&use=l&cat=p&typeid=i","cat":287029},{"id":79797,"n":"Fond de Teint L'Oréal Paris Accord Parfait 3.R Beige Rosé","p":12.07,"img":"https://fd8-photos.leclercdrive.fr/image.ashx?id=2900971&use=l&cat=p&typeid=i","cat":287029},{"id":79798,"n":"Fond de Teint L'Oréal Paris Accord Parfait 3.D Beige Doré","p":11.54,"img":"https://fd8-photos.leclercdrive.fr/image.ashx?id=2900974&use=l&cat=p&typeid=i","cat":287029},{"id":79873,"n":"Fond de teint Maybelline Dream Radiant 21 Beige Doré","p":8.83,"img":"https://fd8-photos.leclercdrive.fr/image.ashx?id=2434455&use=l&cat=p&typeid=i","cat":287029},{"id":79875,"n":"Fond de teint Maybelline  Dream Radiant Eclat 30 Sable","p":8.83,"img":"https://fd8-photos.leclercdrive.fr/image.ashx?id=2248561&use=l&cat=p&typeid=i","cat":287029},{"id":79876,"n":"Eyeliner feutre Maybelline Tracé Fin Ultra-précis 700 Noir","p":8.87,"img":"https://fd8-photos.leclercdrive.fr/image.ashx?id=2601118&use=l&cat=p&typeid=i","cat":287029},{"id":79877,"n":"Correcteur anticerne Maybelline Instant Anti-Age 01 Beige Rose","p":8.79,"img":"https://fd8-photos.leclercdrive.fr/image.ashx?id=2770542&use=l&cat=p&typeid=i","cat":287029},{"id":79903,"n":"Rouge à lèvres Maybelline Superstay - Matte ink 15 lover","p":12.6,"img":"https://fd8-photos.leclercdrive.fr/image.ashx?id=2925451&use=l&cat=p&typeid=i","cat":287029},{"id":79904,"n":"Mascara waterproof Maybelline  Volum'Express noir","p":6.99,"img":"https://fd8-photos.leclercdrive.fr/image.ashx?id=2470285&use=l&cat=p&typeid=i","cat":287029},{"id":79908,"n":"Eyeliner express Maybelline Liner liquide Noir","p":9.95,"img":"https://fd8-photos.leclercdrive.fr/image.ashx?id=2670854&use=l&cat=p&typeid=i","cat":287029},{"id":79909,"n":"Mascara Maybelline  Cils Sensational Intense Noir","p":8.44,"img":"https://fd8-photos.leclercdrive.fr/image.ashx?id=2278154&use=l&cat=p&typeid=i","cat":287029},{"id":79936,"n":"Jambon Tranché Fin Fleury Michon -25% de sel x4 - 120g","p":2.28,"u":"19,00 €/KG","img":"https://fd8-photos.leclercdrive.fr/image.ashx?id=2889295&use=l&cat=p&typeid=i","cat":316009},{"id":79940,"n":"Bière blonde Grimbergen 6,7° - 50cl canette","p":1.86,"u":"3,72 €/L","img":"https://fd8-photos.leclercdrive.fr/image.ashx?id=2605458&use=l&cat=p&typeid=i","cat":334853},{"id":79960,"n":"Joker Le Fruit Jus de pomme - 1L","p":1.87,"u":"1,87 €/L","img":"https://fd8-photos.leclercdrive.fr/image.ashx?id=2846601&use=l&cat=p&typeid=i","cat":284522},{"id":79965,"n":"Mini ruban correcteur Esquisse Bleu, vert et gris - x3","p":1.99,"img":"https://fd8-photos.leclercdrive.fr/image.ashx?id=2943268&use=l&cat=p&typeid=i","cat":334133},{"id":79966,"n":"Joker Pur Jus Engagé Orange sans pulpe - 1,5L","p":3.6,"u":"2,40 €/L","img":"https://fd8-photos.leclercdrive.fr/image.ashx?id=3001290&use=l&cat=p&typeid=i","cat":284521},{"id":79971,"n":"Boisson Citronnade Pulco Citron - 1L","p":2.0,"u":"2,00 €/L","img":"https://fd8-photos.leclercdrive.fr/image.ashx?id=2942263&use=l&cat=p&typeid=i","cat":295018},{"id":79972,"n":"Soda rouge Orangina Orange Sanguine - 1,5L","p":1.94,"u":"1,29 €/L","img":"https://fd8-photos.leclercdrive.fr/image.ashx?id=2539833&use=l&cat=p&typeid=i","cat":284532},{"id":80008,"n":"Chocolat noir Bio Ethiquable  Gingembre confit - 100g","p":2.96,"u":"29,60 €/KG","img":"https://fd8-photos.leclercdrive.fr/image.ashx?id=2870911&use=l&cat=p&typeid=i","cat":284956},{"id":80009,"n":"Chocolat noir bio Ethiquable Equateur/Nicaragua 98% - 100g","p":3.22,"u":"32,20 €/KG","img":"https://fd8-photos.leclercdrive.fr/image.ashx?id=2870899&use=l&cat=p&typeid=i","cat":284956},{"id":80036,"n":"Protège-cahier Esquisse Vert - 21x29.7cm","p":0.95,"img":"https://fd8-photos.leclercdrive.fr/image.ashx?id=1455358&use=l&cat=p&typeid=i","cat":284745},{"id":80116,"n":"10 crayons à papier Bic Graphite évolution","p":1.36,"img":"https://fd8-photos.leclercdrive.fr/image.ashx?id=2732782&use=l&cat=p&typeid=i","cat":284696},{"id":80118,"n":"Stylo bille 4 couleurs Bic + 1HB Porte-Mines - 2+1","p":5.09,"u":"1,70 €/P","img":"https://fd8-photos.leclercdrive.fr/image.ashx?id=2252142&use=l&cat=p&typeid=i","cat":284696},{"id":80128,"n":"Rosette de Lyon Saint-Azay 12 tranches - 100g","p":1.44,"u":"14,40 €/KG","img":"https://fd8-photos.leclercdrive.fr/image.ashx?id=2728264&use=l&cat=p&typeid=i","cat":316007},{"id":80130,"n":"Alèses absorbantes DryNites 78x88cm - x12","p":13.42,"u":"1,12 €/P","img":"https://fd8-photos.leclercdrive.fr/image.ashx?id=2883717&use=l&cat=p&typeid=i","cat":290633},{"id":80154,"n":"Crayons de couleur Bic Kids Evolution - x18","p":2.5,"img":"https://fd8-photos.leclercdrive.fr/image.ashx?id=2576447&use=l&cat=p&typeid=i","cat":284696},{"id":80186,"n":"Rhum tradition Rivière du Mat Blanc - 40%vol - 70cl","p":11.4,"u":"16,29 €/L","img":"https://fd8-photos.leclercdrive.fr/image.ashx?id=2616117&use=l&cat=p&typeid=i","cat":284550},{"id":80229,"n":"Graines de lin brun Bio Village Bio - 200g","p":1.99,"u":"9,95 €/KG","img":"https://fd8-photos.leclercdrive.fr/image.ashx?id=2699577&use=l&cat=p&typeid=i","cat":284357},{"id":80230,"n":"Graines de sésame Bio Village Bio - 200g","p":1.99,"u":"9,95 €/KG","img":"https://fd8-photos.leclercdrive.fr/image.ashx?id=2699586&use=l&cat=p&typeid=i","cat":284357},{"id":80231,"n":"Graines de courge bio Bio Village - 200g","p":3.09,"u":"15,45 €/KG","img":"https://fd8-photos.leclercdrive.fr/image.ashx?id=2699583&use=l&cat=p&typeid=i","cat":323809},{"id":80232,"n":"Graines Bio Village Bio - tournesol - 200g","p":1.59,"u":"7,95 €/KG","img":"https://fd8-photos.leclercdrive.fr/image.ashx?id=2699580&use=l&cat=p&typeid=i","cat":284357},{"id":80243,"n":"Pain burger bio  La boulangère - 200g","p":1.41,"u":"7,05 €/KG","img":"https://fd8-photos.leclercdrive.fr/image.ashx?id=2928954&use=l&cat=p&typeid=i","cat":325067},{"id":80264,"n":"Joker Pur Jus Engagé  Multifruits - 2L","p":4.81,"u":"2,41 €/L","img":"https://fd8-photos.leclercdrive.fr/image.ashx?id=2846358&use=l&cat=p&typeid=i","cat":284917},{"id":80302,"n":"Eau minérale naturelle Volvic 6x1,5L","p":3.51,"u":"0,39 €/L","img":"https://fd8-photos.leclercdrive.fr/image.ashx?id=2730244&use=l&cat=p&typeid=i","cat":284535},{"id":80306,"n":"Soda Schweppes Saveur Agrumes -12x33cl","p":7.02,"u":"1,77 €/L","img":"https://fd8-photos.leclercdrive.fr/image.ashx?id=2852426&use=l&cat=p&typeid=i","cat":284532},{"id":80308,"n":"Soda Pepsi Cola zéro - 5x1.5L + 1 offerte","p":6.4,"u":"0,71 €/L","img":"https://fd8-photos.leclercdrive.fr/image.ashx?id=2983327&use=l&cat=p&typeid=i","cat":284530},{"id":80346,"n":"yaourt aux fruits bifidus activia cerise - 4x125g","p":1.87,"u":"3,74 €/KG","img":"https://fd8-photos.leclercdrive.fr/image.ashx?id=2885327&use=l&cat=p&typeid=i","cat":315000},{"id":80380,"n":"Tablette De Chocolat Poulain Noir Extra - 200g","p":2.05,"u":"10,25 €/KG","img":"https://fd8-photos.leclercdrive.fr/image.ashx?id=2890262&use=l&cat=p&typeid=i","cat":284956},{"id":80382,"n":"Tablette De Chocolat Poulain Noir Extra - 2x100g","p":2.4,"u":"12,00 €/KG","img":"https://fd8-photos.leclercdrive.fr/image.ashx?id=2867566&use=l&cat=p&typeid=i","cat":284956},{"id":80383,"n":"Tablette KINDER Chocolat Chocolat au Lait x12 - 150g","p":2.84,"u":"18,93 €/KG","img":"https://fd8-photos.leclercdrive.fr/image.ashx?id=1904474&use=l&cat=p&typeid=i","cat":284498},{"id":80385,"n":"Barres Chocolatées KINDER BUENO  Chocolat au Lait x5 - 215g","p":3.89,"u":"18,09 €/KG","img":"https://fd8-photos.leclercdrive.fr/image.ashx?id=2679621&use=l&cat=p&typeid=i","cat":284498},{"id":80386,"n":"Barres KINDER BUENO White  Chocolat Blanc x6 - 234g","p":4.2,"u":"17,95 €/KG","img":"https://fd8-photos.leclercdrive.fr/image.ashx?id=2679639&use=l&cat=p&typeid=i","cat":284498},{"id":80391,"n":"Mascara L'Oréal Paris  Lash Paradise Noir","p":10.63,"img":"https://fd8-photos.leclercdrive.fr/image.ashx?id=2580158&use=l&cat=p&typeid=i","cat":287029},{"id":80396,"n":"Eau Micellaire visage Nivea Peaux sèches - 400ml","p":3.35,"u":"8,38 €/L","img":"https://fd8-photos.leclercdrive.fr/image.ashx?id=3014599&use=l&cat=p&typeid=i","cat":284603},{"id":80398,"n":"Eau Micellaire visage Nivea Peaux sensibles - 400ml","p":3.63,"u":"9,08 €/L","img":"https://fd8-photos.leclercdrive.fr/image.ashx?id=2800965&use=l&cat=p&typeid=i","cat":284603},{"id":80479,"n":"Bières Blondes Chouffe 6x33cl","p":11.22,"u":"5,67 €/L","img":"https://fd8-photos.leclercdrive.fr/image.ashx?id=2877079&use=l&cat=p&typeid=i","cat":334872},{"id":80553,"n":"Pack de 3 cartouches Brita Filtrantes classic","p":18.99,"u":"6,33 €/P","img":"https://fd8-photos.leclercdrive.fr/image.ashx?id=2433259&use=l&cat=p&typeid=i","cat":334135},{"id":80630,"n":"Purée de tomates Bio Village Bio  - 72cl","p":1.54,"u":"2,14 €/L","img":"https://fd8-photos.leclercdrive.fr/image.ashx?id=2077475&use=l&cat=p&typeid=i","cat":288384},{"id":80633,"n":"Whisky Glen Grant + Etui 10 ans - 40%vol - 70cl","p":25.62,"u":"36,60 €/L","img":"https://fd8-photos.leclercdrive.fr/image.ashx?id=2578894&use=l&cat=p&typeid=i","cat":284547},{"id":80674,"n":"Beignets chocolat  8p","p":5.2,"u":"0,65 €/P","img":"https://fd8-photos.leclercdrive.fr/image.ashx?id=2070857&use=l&cat=p&typeid=i","cat":284984},{"id":80684,"n":"Pain complet tranché   320GR","p":1.8,"u":"5,63 €/KG","img":"https://fd8-photos.leclercdrive.fr/image.ashx?id=2062552&use=l&cat=p&typeid=i","cat":284359},{"id":80685,"n":"Gorgonzola AOP Eccellenza Galbani 28%MG - 150g","p":3.07,"u":"20,47 €/KG","img":"https://fd8-photos.leclercdrive.fr/image.ashx?id=2215854&use=l&cat=p&typeid=i","cat":314032},{"id":80838,"n":"Compote Cool Fruits bio Vitabio Pomme Fraise Myrtille - 12x90g","p":8.32,"u":"7,70 €/KG","img":"https://fd8-photos.leclercdrive.fr/image.ashx?id=2682267&use=l&cat=p&typeid=i","cat":284508},{"id":80840,"n":"Bouillon Cube Maggi Pot au feu - Dégraissé - 120g","p":1.6,"u":"13,33 €/KG","img":"https://fd8-photos.leclercdrive.fr/image.ashx?id=2212327&use=l&cat=p&typeid=i","cat":288379},{"id":80841,"n":"Bouillon Cube Maggi Volaille - Degraissé - 120g","p":1.62,"u":"13,50 €/KG","img":"https://fd8-photos.leclercdrive.fr/image.ashx?id=2737087&use=l&cat=p&typeid=i","cat":288379},{"id":80842,"n":"Bouillon Cube Maggi Dégraissé - 120g","p":1.47,"u":"12,25 €/KG","img":"https://fd8-photos.leclercdrive.fr/image.ashx?id=2737090&use=l&cat=p&typeid=i","cat":288379},{"id":80907,"n":"Briquets Bic J26 maxi standard multipack - x4","p":4.9,"u":"1,23 €/P","img":"https://fd8-photos.leclercdrive.fr/image.ashx?id=2887587&use=l&cat=p&typeid=i","cat":300578},{"id":80927,"n":"Fromage chèvre chaud Soignon Nature - 21% MG - 4x25g","p":2.09,"u":"20,90 €/KG","img":"https://fd8-photos.leclercdrive.fr/image.ashx?id=2844951&use=l&cat=p&typeid=i","cat":314027},{"id":80939,"n":"Préparation orange  Lucien Georgelin - 320g","p":2.22,"u":"6,94 €/KG","img":"https://fd8-photos.leclercdrive.fr/image.ashx?id=2445202&use=l&cat=p&typeid=i","cat":284480},{"id":81188,"n":"Flan aromatisé vanille Flanby nappé de caramel - 12x100g","p":2.6,"u":"2,17 €/KG","img":"https://fd8-photos.leclercdrive.fr/image.ashx?id=2744584&use=l&cat=p&typeid=i","cat":284420},{"id":81193,"n":"Compotes Douceur du Verger Pomme Châtaigne - 4x100g","p":1.46,"u":"3,65 €/KG","img":"https://fd8-photos.leclercdrive.fr/image.ashx?id=2389560&use=l&cat=p&typeid=i","cat":284416},{"id":81196,"n":"Flan aromatisé vanille Flanby nappé de caramel - 6x100g","p":1.47,"u":"2,45 €/KG","img":"https://fd8-photos.leclercdrive.fr/image.ashx?id=2483786&use=l&cat=p&typeid=i","cat":284420},{"id":81199,"n":"Yaourt La Laitière  Vanille - 8x125g","p":3.21,"u":"3,21 €/KG","img":"https://fd8-photos.leclercdrive.fr/image.ashx?id=2613981&use=l&cat=p&typeid=i","cat":286006},{"id":81215,"n":"Compote Cool Fruits bio Vitabio Pomme Mangue Ananas -12x90g","p":8.21,"u":"7,60 €/KG","img":"https://fd8-photos.leclercdrive.fr/image.ashx?id=2621399&use=l&cat=p&typeid=i","cat":284508},{"id":81217,"n":"Compote Cool Fruits bio Vitabio Pomme Pêche Abricot -12x90g","p":8.24,"u":"7,63 €/KG","img":"https://fd8-photos.leclercdrive.fr/image.ashx?id=2621423&use=l&cat=p&typeid=i","cat":284508},{"id":81222,"n":"Pizza La pizz Sodebo Chorizo - 470g","p":3.44,"u":"7,32 €/KG","img":"https://fd8-photos.leclercdrive.fr/image.ashx?id=2868389&use=l&cat=p&typeid=i","cat":333679},{"id":81236,"n":"Fromage à tartiner Boursin Ail et fines herbes 10 portions","p":2.42,"u":"15,13 €/KG","img":"https://fd8-photos.leclercdrive.fr/image.ashx?id=2964682&use=l&cat=p&typeid=i","cat":314029},{"id":81250,"n":"Bière blonde Grimbergen 6,7° - 20x25cl","p":14.99,"u":"3,00 €/L","img":"https://fd8-photos.leclercdrive.fr/image.ashx?id=2294791&use=l&cat=p&typeid=i","cat":334852},{"id":81254,"n":"Bière blonde Grimbergen 6,7° - 12x25cl","p":9.05,"u":"3,02 €/L","img":"https://fd8-photos.leclercdrive.fr/image.ashx?id=2872865&use=l&cat=p&typeid=i","cat":334852},{"id":81268,"n":"Bière blonde Grimbergen 6,7° - 6x25cl","p":4.96,"u":"3,31 €/L","img":"https://fd8-photos.leclercdrive.fr/image.ashx?id=2294381&use=l&cat=p&typeid=i","cat":334852},{"id":81272,"n":"Vin mousseux brut blanc  Produit en Allemagne - 75cl","p":1.57,"u":"2,09 €/L","img":"https://fd8-photos.leclercdrive.fr/image.ashx?id=2720133&use=l&cat=p&typeid=i","cat":284544},{"id":81277,"n":"Vin mousseux demi-sec blanc  Produit en Allemagne - 75cl","p":1.59,"u":"2,12 €/L","img":"https://fd8-photos.leclercdrive.fr/image.ashx?id=2720130&use=l&cat=p&typeid=i","cat":284544},{"id":81278,"n":"Vinaigre IGP Toscoro Balsamique de Modène - 50cl","p":3.08,"u":"6,16 €/L","img":"https://fd8-photos.leclercdrive.fr/image.ashx?id=2758150&use=l&cat=p&typeid=i","cat":289010},{"id":81280,"n":"Fromage La Vache qui rit Toastinette nature 10 tranches","p":1.72,"u":"8,60 €/KG","img":"https://fd8-photos.leclercdrive.fr/image.ashx?id=2342776&use=l&cat=p&typeid=i","cat":314028},{"id":81281,"n":"Fromage La Vache qui rit Toastinette cheddar 10 tranches","p":1.73,"u":"8,65 €/KG","img":"https://fd8-photos.leclercdrive.fr/image.ashx?id=2342773&use=l&cat=p&typeid=i","cat":314028},{"id":81291,"n":"Bière sans alcool Tourtel Twist Citron Vert Menthe 0,0° -6x27cl","p":4.49,"u":"2,72 €/L","img":"https://fd8-photos.leclercdrive.fr/image.ashx?id=2896567&use=l&cat=p&typeid=i","cat":334877},{"id":81316,"n":"Tablette KINDER Chocolat Chocolat au Lait x24 - 300g","p":4.23,"u":"14,10 €/KG","img":"https://fd8-photos.leclercdrive.fr/image.ashx?id=2868167&use=l&cat=p&typeid=i","cat":284498},{"id":81318,"n":"Bonbons KINDER Schoko-Bons Chocolat au lait - 500G","p":7.85,"u":"15,70 €/KG","img":"https://fd8-photos.leclercdrive.fr/image.ashx?id=2402925&use=l&cat=p&typeid=i","cat":304238},{"id":81322,"n":"Huile de Tournesol Eco+ 3L","p":4.89,"u":"1,63 €/L","img":"https://fd8-photos.leclercdrive.fr/image.ashx?id=3002506&use=l&cat=p&typeid=i","cat":284453},{"id":81323,"n":"Huile d'olive Bio Carapelli Extra-vierge - 75cl","p":11.99,"u":"15,99 €/L","img":"https://fd8-photos.leclercdrive.fr/image.ashx?id=2737447&use=l&cat=p&typeid=i","cat":284453},{"id":81352,"n":"Dosettes Bio Village Bio Amérique latine  x36 - 252g","p":4.49,"u":"17,82 €/KG","img":"https://fd8-photos.leclercdrive.fr/image.ashx?id=3003070&use=l&cat=p&typeid=i","cat":293238},{"id":81371,"n":"Tartine de pain Pasquier Au blé complet - 240g","p":1.47,"u":"6,13 €/KG","img":"https://fd8-photos.leclercdrive.fr/image.ashx?id=2927339&use=l&cat=p&typeid=i","cat":284479},{"id":81374,"n":"Vodka Zubrowka Biala 37.5%vol - 1L","p":14.95,"pp":13.45,"u":"13,45 €/L","img":"https://fd8-photos.leclercdrive.fr/image.ashx?id=2955510&use=l&cat=p&typeid=i","cat":284550},{"id":81380,"n":"Chorizo tranché César Moroni Doux 20 tranches - 100g","p":1.98,"u":"19,80 €/KG","img":"https://fd8-photos.leclercdrive.fr/image.ashx?id=2948836&use=l&cat=p&typeid=i","cat":316007},{"id":81383,"n":"Rillettes du Mans La Véritable Bordeau Chesnel - 220g","p":2.17,"u":"9,86 €/KG","img":"https://fd8-photos.leclercdrive.fr/image.ashx?id=2763100&use=l&cat=p&typeid=i","cat":316008},{"id":81434,"n":"Tablette de chocolat Côte d'Or Chocolat Noir/Amandes - 4x180g","p":8.92,"u":"12,39 €/KG","img":"https://fd8-photos.leclercdrive.fr/image.ashx?id=2938028&use=l&cat=p&typeid=i","cat":284956},{"id":81441,"n":"Huile d'olive vierge  Elise & Félicie AOP 250ml","p":6.27,"u":"25,08 €/L","img":"https://fd8-photos.leclercdrive.fr/image.ashx?id=2023970&use=l&cat=p&typeid=i","cat":284453},{"id":81442,"n":"Huile de sésame Elise & Félicie 250ml","p":6.6,"u":"26,40 €/L","img":"https://fd8-photos.leclercdrive.fr/image.ashx?id=2023967&use=l&cat=p&typeid=i","cat":284453},{"id":81451,"n":"Vinaigre balsamique artisanal Elise & Félicie - 250ml","p":6.57,"u":"26,28 €/L","img":"https://fd8-photos.leclercdrive.fr/image.ashx?id=2023964&use=l&cat=p&typeid=i","cat":298543},{"id":81462,"n":"Fromage Apéritif Apérivrais  Ail et Fines Herbes - 100g","p":2.17,"u":"21,70 €/KG","img":"https://fd8-photos.leclercdrive.fr/image.ashx?id=2854612&use=l&cat=p&typeid=i","cat":314027},{"id":81547,"n":"Capsules Nescafé Dolce Gusto  Cappuccino - x8 - 186g","p":4.58,"u":"24,62 €/KG","img":"https://fd8-photos.leclercdrive.fr/image.ashx?id=2838809&use=l&cat=p&typeid=i","cat":293239},{"id":81548,"n":"Pain de mie Harrys 100% mie Nature Sans croûte Maxi - 650g","p":2.1,"u":"3,23 €/KG","img":"https://fd8-photos.leclercdrive.fr/image.ashx?id=2517468&use=l&cat=p&typeid=i","cat":284477},{"id":81549,"n":"Semoule au lait Bonne Maman Vanille Naturelle - 4x100g","p":2.22,"u":"22,20 €/KG","img":"https://fd8-photos.leclercdrive.fr/image.ashx?id=2924281&use=l&cat=p&typeid=i","cat":284418},{"id":81554,"n":"Riz au lait Bonne Maman Vanille Naturelle - 4x100g","p":2.29,"u":"5,73 €/KG","img":"https://fd8-photos.leclercdrive.fr/image.ashx?id=2619130&use=l&cat=p&typeid=i","cat":284418},{"id":81558,"n":"Pain de mie 100% Mie Harrys Nature petites tranches - 500g","p":1.71,"u":"3,42 €/KG","img":"https://fd8-photos.leclercdrive.fr/image.ashx?id=2517453&use=l&cat=p&typeid=i","cat":284477},{"id":81559,"n":"Yaourt Enfant Petits Filous Fruits Mixés Panaché - 12x50g","p":2.25,"u":"3,75 €/KG","img":"https://fd8-photos.leclercdrive.fr/image.ashx?id=2767359&use=l&cat=p&typeid=i","cat":284414},{"id":81564,"n":"AOP Champagne Canard-Duchêne Brut - 75cl","p":24.77,"u":"33,03 €/L","img":"https://fd8-photos.leclercdrive.fr/image.ashx?id=2756909&use=l&cat=p&typeid=i","cat":284542},{"id":81565,"n":"AOP Champagne Canard Duchêne Brut - 37.5cl","p":14.53,"u":"38,75 €/L","img":"https://fd8-photos.leclercdrive.fr/image.ashx?id=2104372&use=l&cat=p&typeid=i","cat":284542},{"id":81626,"n":"Seau oval à Serpillère  12L - x1","p":3.99,"img":"https://fd8-photos.leclercdrive.fr/image.ashx?id=1526171&use=l&cat=p&typeid=i","cat":284669},{"id":81684,"n":"Le Potiron Paysan Breton - 750g","p":2.5,"u":"3,33 €/KG","img":"https://fd8-photos.leclercdrive.fr/image.ashx?id=2882409&use=l&cat=p&typeid=i","cat":319805},{"id":81700,"n":"Compote bébé bio BabyBio Pomme châtaigne - 6 mois - 260g","p":2.11,"u":"8,12 €/KG","img":"https://fd8-photos.leclercdrive.fr/image.ashx?id=2838338&use=l&cat=p&typeid=i","cat":312388},{"id":81701,"n":"Repas bébé bio BabyBio 12 mois Patate douce Pintade - 230g","p":2.13,"u":"9,26 €/KG","img":"https://fd8-photos.leclercdrive.fr/image.ashx?id=2827410&use=l&cat=p&typeid=i","cat":312237},{"id":81702,"n":"Gourde bébé Babybio - 6 mois Bio Pomme / Framboise - 360g","p":3.17,"u":"8,81 €/KG","img":"https://fd8-photos.leclercdrive.fr/image.ashx?id=2827542&use=l&cat=p&typeid=i","cat":312393},{"id":81703,"n":"Gourde bébé Babybio - 6 mois Bio Orange / Banane - 360g","p":3.59,"u":"9,97 €/KG","img":"https://fd8-photos.leclercdrive.fr/image.ashx?id=2832017&use=l&cat=p&typeid=i","cat":312393},{"id":81768,"n":"Brioche tranchée La Boulangère Bio - 400g","p":2.29,"u":"5,73 €/KG","img":"https://fd8-photos.leclercdrive.fr/image.ashx?id=2912194&use=l&cat=p&typeid=i","cat":284478},{"id":81779,"n":"Thé noir Bio Ethiquable  Tchaï aux épices x20 - 36g","p":2.81,"u":"78,06 €/KG","img":"https://fd8-photos.leclercdrive.fr/image.ashx?id=2870833&use=l&cat=p&typeid=i","cat":293233},{"id":81781,"n":"Thé noir Bio Ethiquable  Earl grey Darjeeling x20 - 36g","p":2.81,"u":"78,06 €/KG","img":"https://fd8-photos.leclercdrive.fr/image.ashx?id=2870836&use=l&cat=p&typeid=i","cat":293233},{"id":81831,"n":"Miel italien Rigoni di Asiago Crémeux Bio - 300g","p":4.32,"u":"14,40 €/KG","img":"https://fd8-photos.leclercdrive.fr/image.ashx?id=2492202&use=l&cat=p&typeid=i","cat":287643},{"id":81861,"n":"Pain de mie 100% Mie Harrys Nature grandes tranches - 500g","p":1.78,"u":"3,56 €/KG","img":"https://fd8-photos.leclercdrive.fr/image.ashx?id=2517456&use=l&cat=p&typeid=i","cat":284477},{"id":81897,"n":"Noix de cajou Benenuts Grillées à sec - 220g","p":5.12,"u":"23,27 €/KG","img":"https://fd8-photos.leclercdrive.fr/image.ashx?id=2413537&use=l&cat=p&typeid=i","cat":284448},{"id":81909,"n":"Café moulu Grand Mère Familial - 250g","p":3.46,"u":"13,84 €/KG","img":"https://fd8-photos.leclercdrive.fr/image.ashx?id=1755046&use=l&cat=p&typeid=i","cat":284750},{"id":81967,"n":"Sauce Barbecue Halal Samia 350ml","p":2.04,"u":"5,83 €/L","img":"https://fd8-photos.leclercdrive.fr/image.ashx?id=2576961&use=l&cat=p&typeid=i","cat":318431},{"id":81968,"n":"Sauce Burger Halal Samia 350ml","p":2.09,"u":"5,97 €/L","img":"https://fd8-photos.leclercdrive.fr/image.ashx?id=2576958&use=l&cat=p&typeid=i","cat":289013},{"id":81972,"n":"Sauce Mayonnaise halal Samia 350ml","p":2.01,"u":"5,74 €/L","img":"https://fd8-photos.leclercdrive.fr/image.ashx?id=2291750&use=l&cat=p&typeid=i","cat":298295},{"id":81991,"n":"Courgettes rondelle Bio Village Bio - 600g","p":1.99,"u":"3,32 €/KG","img":"https://fd8-photos.leclercdrive.fr/image.ashx?id=2898089&use=l&cat=p&typeid=i","cat":319805},{"id":81993,"n":"Butternut Bio Bio Village En cubes - 600g","p":1.99,"u":"3,32 €/KG","img":"https://fd8-photos.leclercdrive.fr/image.ashx?id=2897901&use=l&cat=p&typeid=i","cat":319805},{"id":82004,"n":"Mozzarella mini Galbani 150g","p":2.45,"u":"16,33 €/KG","img":"https://fd8-photos.leclercdrive.fr/image.ashx?id=2766586&use=l&cat=p&typeid=i","cat":314026},{"id":82008,"n":"Emmental râpé fondant Président 3x70g","p":2.66,"u":"12,67 €/KG","img":"https://fd8-photos.leclercdrive.fr/image.ashx?id=2462741&use=l&cat=p&typeid=i","cat":314035},{"id":82099,"n":"Steak haché Eco+ x10 - 1kg","p":8.74,"u":"8,74 €/KG","img":"https://fd8-photos.leclercdrive.fr/image.ashx?id=2966532&use=l&cat=p&typeid=i","cat":319778},{"id":82102,"n":"Lanières Trio de poivrons Bio Bio village - 600g","p":2.99,"u":"4,98 €/KG","img":"https://fd8-photos.leclercdrive.fr/image.ashx?id=2996024&use=l&cat=p&typeid=i","cat":319805},{"id":82127,"n":"Vin Italie rouge Chianti DOCG Piccini - 75cl","p":5.41,"u":"7,21 €/L","img":"https://fd8-photos.leclercdrive.fr/image.ashx?id=2794637&use=l&cat=p&typeid=i","cat":289556},{"id":82145,"n":"Bière blonde La G de Goudale 7.9%vol - 75cl","p":3.99,"u":"5,32 €/L","img":"https://fd8-photos.leclercdrive.fr/image.ashx?id=2861566&use=l&cat=p&typeid=i","cat":334872},{"id":82148,"n":"Lardons fumés Supérieur Eco+ 2x100g","p":1.28,"u":"6,40 €/KG","img":"https://fd8-photos.leclercdrive.fr/image.ashx?id=2688252&use=l&cat=p&typeid=i","cat":316011},{"id":82149,"n":"lardons supérieurs ECO+ Nature - 2x100g","p":1.28,"u":"6,40 €/KG","img":"https://fd8-photos.leclercdrive.fr/image.ashx?id=2688249&use=l&cat=p&typeid=i","cat":316011},{"id":82152,"n":"Compote Andros Abricot Morceaux - 4x100g","p":2.27,"u":"5,68 €/KG","img":"https://fd8-photos.leclercdrive.fr/image.ashx?id=2853566&use=l&cat=p&typeid=i","cat":284416},{"id":82157,"n":"Dessert fruitier pêche Andros En morceaux - 4x100g","p":1.91,"u":"4,78 €/KG","img":"https://fd8-photos.leclercdrive.fr/image.ashx?id=2845470&use=l&cat=p&typeid=i","cat":284416},{"id":82159,"n":"Compotes Andros Pomme/chataigne - 4x100g","p":1.7,"u":"4,25 €/KG","img":"https://fd8-photos.leclercdrive.fr/image.ashx?id=2937361&use=l&cat=p&typeid=i","cat":284416},{"id":82166,"n":"Compotes Andros Pomme Fraise - 4x100g","p":1.5,"u":"3,75 €/KG","img":"https://fd8-photos.leclercdrive.fr/image.ashx?id=2915572&use=l&cat=p&typeid=i","cat":284416},{"id":82167,"n":"Compotes Andros Pomme Banane - 4x100g","p":1.52,"u":"3,80 €/KG","img":"https://fd8-photos.leclercdrive.fr/image.ashx?id=2883997&use=l&cat=p&typeid=i","cat":284416},{"id":82168,"n":"Compotes Andros Pomme Poire - 4x100g","p":1.4,"u":"3,50 €/KG","img":"https://fd8-photos.leclercdrive.fr/image.ashx?id=2883994&use=l&cat=p&typeid=i","cat":284416},{"id":82172,"n":"Mini cônes Extrême  Vanille Caramel x8 - 312g","p":4.29,"u":"13,75 €/KG","img":"https://fd8-photos.leclercdrive.fr/image.ashx?id=2737033&use=l&cat=p&typeid=i","cat":284264},{"id":82174,"n":"Extrême  Citron Framboise - 6x71g","p":3.79,"u":"8,90 €/KG","img":"https://fd8-photos.leclercdrive.fr/image.ashx?id=2866076&use=l&cat=p&typeid=i","cat":284264},{"id":82177,"n":"Bière blonde Duvel 8.5%vol - 75cl","p":4.22,"u":"5,63 €/L","img":"https://fd8-photos.leclercdrive.fr/image.ashx?id=2111139&use=l&cat=p&typeid=i","cat":334872},{"id":82179,"n":"Bière blonde 3 Monts 75cl","p":2.34,"u":"3,12 €/L","img":"https://fd8-photos.leclercdrive.fr/image.ashx?id=2550553&use=l&cat=p&typeid=i","cat":334852},{"id":82181,"n":"Bière Mort Subite Kriek A la cerise - 33cl","p":1.4,"u":"4,24 €/L","img":"https://fd8-photos.leclercdrive.fr/image.ashx?id=2796414&use=l&cat=p&typeid=i","cat":334872},{"id":82184,"n":"Barres KINDER BUENO White  Chocolat Blanc x12 - 468g","p":8.35,"u":"17,84 €/KG","img":"https://fd8-photos.leclercdrive.fr/image.ashx?id=2679642&use=l&cat=p&typeid=i","cat":284498},{"id":82217,"n":"Gin Hendrick's 41.1%vol - 70cl","p":36.88,"u":"52,69 €/L","img":"https://fd8-photos.leclercdrive.fr/image.ashx?id=2225594&use=l&cat=p&typeid=i","cat":284550},{"id":82218,"n":"Emmental fromage rapé Les Croisés - 750g","p":5.98,"u":"7,97 €/KG","img":"https://fd8-photos.leclercdrive.fr/image.ashx?id=2900665&use=l&cat=p&typeid=i","cat":314035},{"id":82234,"n":"Liniment Corine de Farme Bio - 500ml","p":4.28,"u":"8,56 €/L","img":"https://fd8-photos.leclercdrive.fr/image.ashx?id=2424449&use=l&cat=p&typeid=i","cat":284741},{"id":82237,"n":"Rhum trois rivières Cuvée du  Moulin - 40%vol - 70cl","p":25.06,"u":"35,80 €/L","img":"https://fd8-photos.leclercdrive.fr/image.ashx?id=2844909&use=l&cat=p&typeid=i","cat":284550},{"id":82250,"n":"Thon au Naturel Petit Navire Démarche Responsable 140g","p":2.22,"u":"15,86 €/KG","img":"https://fd8-photos.leclercdrive.fr/image.ashx?id=2928360&use=l&cat=p&typeid=i","cat":303867},{"id":82251,"n":"Thon MSC Naturel Petit Navire Entier -  112g","p":2.97,"u":"26,52 €/KG","img":"https://fd8-photos.leclercdrive.fr/image.ashx?id=2928357&use=l&cat=p&typeid=i","cat":303867},{"id":82253,"n":"Biscuits Thé LU 350g","p":1.47,"u":"4,20 €/KG","img":"https://fd8-photos.leclercdrive.fr/image.ashx?id=2977738&use=l&cat=p&typeid=i","cat":284487},{"id":82264,"n":"Doonuts St Michel Pépites de chocolat - 180g","p":2.02,"u":"11,22 €/KG","img":"https://fd8-photos.leclercdrive.fr/image.ashx?id=1917782&use=l&cat=p&typeid=i","cat":284495},{"id":82265,"n":"Céréales Quaker Cruesli Chocolat - 450g","p":2.55,"u":"5,67 €/KG","img":"https://fd8-photos.leclercdrive.fr/image.ashx?id=2382791&use=l&cat=p&typeid=i","cat":309512},{"id":82267,"n":"Céréales Quaker Cruesli Chocolat au lait - 900g","p":5.46,"u":"6,07 €/KG","img":"https://fd8-photos.leclercdrive.fr/image.ashx?id=2212150&use=l&cat=p&typeid=i","cat":309512},{"id":82281,"n":"Boulettes de boeuf Eco+ x30 - 900g","p":6.85,"u":"7,61 €/KG","img":"https://fd8-photos.leclercdrive.fr/image.ashx?id=2966529&use=l&cat=p&typeid=i","cat":319779},{"id":82283,"n":"Bière ambrée corse Pietra 6° - 33cl","p":1.62,"u":"4,91 €/L","img":"https://fd8-photos.leclercdrive.fr/image.ashx?id=2929362&use=l&cat=p&typeid=i","cat":334872},{"id":82309,"n":"yaourt fruits bio les 2 vaches brassé poire - 4x115g","p":1.99,"u":"4,33 €/KG","img":"https://fd8-photos.leclercdrive.fr/image.ashx?id=2571527&use=l&cat=p&typeid=i","cat":284410},{"id":82350,"n":"Frites fines McCain Côté Comptoir - 650g","p":2.72,"u":"4,18 €/KG","img":"https://fd8-photos.leclercdrive.fr/image.ashx?id=2693887&use=l&cat=p&typeid=i","cat":319791},{"id":82433,"n":"Cordons Bleus Côté Croc Poulet x4 - 400g","p":3.14,"u":"7,85 €/KG","img":"https://fd8-photos.leclercdrive.fr/image.ashx?id=2801052&use=l&cat=p&typeid=i","cat":333683},{"id":82440,"n":"Boisson lactée Candy'UP Vanille - 6x20cl","p":2.82,"u":"2,35 €/L","img":"https://fd8-photos.leclercdrive.fr/image.ashx?id=2485632&use=l&cat=p&typeid=i","cat":295246},{"id":82450,"n":"Pâte d'amande verte 33% Maitre Prunille - 250g","p":1.76,"u":"7,04 €/KG","img":"https://fd8-photos.leclercdrive.fr/image.ashx?id=2248327&use=l&cat=p&typeid=i","cat":284504},{"id":82451,"n":"Pâte d'amande rose 33% Maitre Prunille - 250g","p":1.76,"u":"7,04 €/KG","img":"https://fd8-photos.leclercdrive.fr/image.ashx?id=2248324&use=l&cat=p&typeid=i","cat":284504},{"id":82452,"n":"Pruneaux d'Agen Maître Prunille IGP Dénoyautés - 500g","p":5.96,"u":"11,92 €/KG","img":"https://fd8-photos.leclercdrive.fr/image.ashx?id=2016023&use=l&cat=p&typeid=i","cat":284357},{"id":82520,"n":"Fromage Croque emmental Président - 12 tranches - 200g","p":1.74,"u":"8,70 €/KG","img":"https://fd8-photos.leclercdrive.fr/image.ashx?id=2446356&use=l&cat=p&typeid=i","cat":314028},{"id":82575,"n":"Bière ambrée La Goudale 7.2%vol - 6x25cl","p":5.27,"u":"3,51 €/L","img":"https://fd8-photos.leclercdrive.fr/image.ashx?id=2915521&use=l&cat=p&typeid=i","cat":334852},{"id":82663,"n":"Arrangé Rivière du Mât Banane Vanillé - 70cl - 35%vol","p":18.2,"u":"26,00 €/L","img":"https://fd8-photos.leclercdrive.fr/image.ashx?id=2731300&use=l&cat=p&typeid=i","cat":284551},{"id":82664,"n":"Arrangé Rivière du Mât Coco Torréfiée - 35%vol - 70cl","p":16.68,"u":"23,83 €/L","img":"https://fd8-photos.leclercdrive.fr/image.ashx?id=3002045&use=l&cat=p&typeid=i","cat":284551},{"id":82665,"n":"Arrangé Rivière du Mât Vanille des Tropiques - 70cl","p":17.6,"u":"25,14 €/L","img":"https://fd8-photos.leclercdrive.fr/image.ashx?id=2731291&use=l&cat=p&typeid=i","cat":284551},{"id":82667,"n":"Yaourt aux fruits bifidus Activia poire - 4x125g","p":1.87,"u":"3,74 €/KG","img":"https://fd8-photos.leclercdrive.fr/image.ashx?id=2885330&use=l&cat=p&typeid=i","cat":315000},{"id":82669,"n":"Yaourt aux fruits bifidus Activia mangue - 4x125g","p":1.87,"u":"3,74 €/KG","img":"https://fd8-photos.leclercdrive.fr/image.ashx?id=2886642&use=l&cat=p&typeid=i","cat":315000},{"id":82672,"n":"Yaourt aux fruits bifidus Activia pruneau - 4x125g","p":1.84,"u":"3,68 €/KG","img":"https://fd8-photos.leclercdrive.fr/image.ashx?id=2886636&use=l&cat=p&typeid=i","cat":315000},{"id":82677,"n":"yaourt aux fruits bifidus activia fraise - 4x125g","p":1.86,"u":"3,72 €/KG","img":"https://fd8-photos.leclercdrive.fr/image.ashx?id=2886627&use=l&cat=p&typeid=i","cat":315000},{"id":82678,"n":"yaourt aux fruits bifidus activia - 16x125g","p":6.19,"u":"3,10 €/KG","img":"https://fd8-photos.leclercdrive.fr/image.ashx?id=2810609&use=l&cat=p&typeid=i","cat":315000},{"id":82688,"n":"Brandade de Morue Tipiak 1.050kg","p":6.2,"u":"5,90 €/KG","img":"https://fd8-photos.leclercdrive.fr/image.ashx?id=2944023&use=l&cat=p&typeid=i","cat":284254},{"id":82717,"n":"Arrangé Rivière du Mât Ananas Caramélisé 35% vol 70cl","p":17.5,"u":"25,00 €/L","img":"https://fd8-photos.leclercdrive.fr/image.ashx?id=2731297&use=l&cat=p&typeid=i","cat":284551},{"id":82720,"n":"Rhum Gold Rivière du Mât Traditionnel - 70cl - 40%vol","p":16.51,"u":"23,59 €/L","img":"https://fd8-photos.leclercdrive.fr/image.ashx?id=2680972&use=l&cat=p&typeid=i","cat":284550},{"id":82739,"n":"Poisson pané Croustibat Findus Petit trésor MSC - x15 - 450g","p":3.23,"u":"7,18 €/KG","img":"https://fd8-photos.leclercdrive.fr/image.ashx?id=3008758&use=l&cat=p&typeid=i","cat":319788},{"id":82741,"n":"Poisson pané Findus Colin  Alaska Fish and Chips x13- 364g","p":2.85,"u":"7,83 €/KG","img":"https://fd8-photos.leclercdrive.fr/image.ashx?id=3008761&use=l&cat=p&typeid=i","cat":319788},{"id":82745,"n":"Couches Activ+ Mots d'enfants  Taille 5 : 11/25kg - x35","p":12.99,"u":"0,37 €/P","img":"https://fd8-photos.leclercdrive.fr/image.ashx?id=2922424&use=l&cat=p&typeid=i","cat":284737},{"id":82748,"n":"Couches Activ+ Mots d'enfants  Taille 4+ 9/20kg - x37 changes","p":12.99,"u":"0,35 €/P","img":"https://fd8-photos.leclercdrive.fr/image.ashx?id=2934742&use=l&cat=p&typeid=i","cat":284737},{"id":82924,"n":"Bière Heineken 6x33cl","p":4.64,"u":"2,34 €/L","img":"https://fd8-photos.leclercdrive.fr/image.ashx?id=3008113&use=l&cat=p&typeid=i","cat":334853},{"id":83109,"n":"Bières Rince Cochon rouge 75cl","p":4.31,"u":"5,75 €/L","img":"https://fd8-photos.leclercdrive.fr/image.ashx?id=2021238&use=l&cat=p&typeid=i","cat":334872},{"id":83120,"n":"Bière brune Pelforth 12x25cl","p":8.29,"u":"2,76 €/L","img":"https://fd8-photos.leclercdrive.fr/image.ashx?id=2646182&use=l&cat=p&typeid=i","cat":334852},{"id":83303,"n":"Happy Cola Haribo Sachet bonbons - 300g","p":1.88,"u":"6,27 €/KG","img":"https://fd8-photos.leclercdrive.fr/image.ashx?id=2806087&use=l&cat=p&typeid=i","cat":304250},{"id":83337,"n":"Olives Noires Le Brin d'Olivier A la grecque - 500g","p":4.75,"u":"9,50 €/KG","img":"https://fd8-photos.leclercdrive.fr/image.ashx?id=2876362&use=l&cat=p&typeid=i","cat":284458},{"id":83377,"n":"Pâte à tartiner Karéléa Noisette sans sucre ajouté-400g","p":4.26,"u":"10,65 €/KG","img":"https://fd8-photos.leclercdrive.fr/image.ashx?id=2888013&use=l&cat=p&typeid=i","cat":284481},{"id":83382,"n":"Coeurs d'Artichauts Florelli A la paysanne - 280g","p":3.04,"u":"10,86 €/KG","img":"https://fd8-photos.leclercdrive.fr/image.ashx?id=2594533&use=l&cat=p&typeid=i","cat":289010},{"id":83474,"n":"Sauce pour pâtes Florelli Asperges tomates parmesan -190g","p":2.28,"u":"12,00 €/KG","img":"https://fd8-photos.leclercdrive.fr/image.ashx?id=3011665&use=l&cat=p&typeid=i","cat":289010},{"id":83476,"n":"Tapenade d'Olives vertes Les Tartinables Florelli 190g","p":2.89,"u":"15,21 €/KG","img":"https://fd8-photos.leclercdrive.fr/image.ashx?id=2904347&use=l&cat=p&typeid=i","cat":289010},{"id":83698,"n":"IGP Pays d'Oc Grenache vin rosé Vieux Carion 12.5% vol - 75cl","p":2.25,"u":"3,00 €/L","img":"https://fd8-photos.leclercdrive.fr/image.ashx?id=2722823&use=l&cat=p&typeid=i","cat":289558},{"id":83710,"n":"Noix de cajou Seeberger Grillées - 150g","p":5.04,"u":"33,60 €/KG","img":"https://fd8-photos.leclercdrive.fr/image.ashx?id=2950609&use=l&cat=p&typeid=i","cat":316002},{"id":83935,"n":"Thon mariné au piment d\"espelette Petit Navire - 110g","p":2.1,"u":"19,09 €/KG","img":"https://fd8-photos.leclercdrive.fr/image.ashx?id=2682863&use=l&cat=p&typeid=i","cat":303867},{"id":83986,"n":"IGP Pays d'Oc rosé Merlot Grand Sud 12.5% vol - 1L","p":3.92,"u":"3,92 €/L","img":"https://fd8-photos.leclercdrive.fr/image.ashx?id=2941580&use=l&cat=p&typeid=i","cat":289558},{"id":84003,"n":"Vin blanc de cuisine Union Européenne La villageoise 25cl","p":0.9,"u":"3,60 €/L","img":"https://fd8-photos.leclercdrive.fr/image.ashx?id=2527859&use=l&cat=p&typeid=i","cat":289557},{"id":84011,"n":"IGP  Pays d'Hérault vin rosé Bernard Cordelier - BIB 3L","p":5.99,"u":"2,00 €/L","img":"https://fd8-photos.leclercdrive.fr/image.ashx?id=2891911&use=l&cat=p&typeid=i","cat":289560},{"id":84028,"n":"IGP Méditerranée rosé Les Calandières 12% vol BIB 3L","p":13.28,"u":"4,43 €/L","img":"https://fd8-photos.leclercdrive.fr/image.ashx?id=2997766&use=l&cat=p&typeid=i","cat":289560},{"id":84059,"n":"Artichaut SOS minceur  500ml","p":4.93,"u":"9,86 €/L","img":"https://fd8-photos.leclercdrive.fr/image.ashx?id=2177794&use=l&cat=p&typeid=i","cat":313217},{"id":84088,"n":"Café moulu Ethiquable Bolivie Bio - 250g","p":4.82,"u":"19,28 €/KG","img":"https://fd8-photos.leclercdrive.fr/image.ashx?id=2876833&use=l&cat=p&typeid=i","cat":284750},{"id":84089,"n":"Café moulu Bio Ethiquable  arabica Moka Ethiopie - 250g","p":5.04,"u":"20,16 €/KG","img":"https://fd8-photos.leclercdrive.fr/image.ashx?id=2876836&use=l&cat=p&typeid=i","cat":284750},{"id":84152,"n":"Pain pour Panini La Boulangère x4 - 300g","p":1.73,"u":"5,77 €/KG","img":"https://fd8-photos.leclercdrive.fr/image.ashx?id=2937457&use=l&cat=p&typeid=i","cat":284985},{"id":84154,"n":"Bonbons VICHY Menthe 230g","p":1.07,"u":"4,65 €/KG","img":"https://fd8-photos.leclercdrive.fr/image.ashx?id=2806342&use=l&cat=p&typeid=i","cat":304252},{"id":84158,"n":"Bonbons CARAMBAR Fruits Assortiment - 320g","p":1.72,"u":"5,38 €/KG","img":"https://fd8-photos.leclercdrive.fr/image.ashx?id=2964499&use=l&cat=p&typeid=i","cat":304250},{"id":84159,"n":"Bonbons CARAMBAR Family Assortiment - 450g","p":2.69,"u":"5,98 €/KG","img":"https://fd8-photos.leclercdrive.fr/image.ashx?id=2903446&use=l&cat=p&typeid=i","cat":304250},{"id":84160,"n":"Bonbons CARAMBAR Caramel 320g","p":1.72,"u":"5,38 €/KG","img":"https://fd8-photos.leclercdrive.fr/image.ashx?id=2770124&use=l&cat=p&typeid=i","cat":304250},{"id":84161,"n":"Bonbons LA PIE QUI CHANTE Michoko Noir - 280g","p":2.38,"u":"8,50 €/KG","img":"https://fd8-photos.leclercdrive.fr/image.ashx?id=2817842&use=l&cat=p&typeid=i","cat":304250},{"id":84166,"n":"Crème Dessert Bio Village Bio - Brebis Chocolat - 2x100g","p":1.79,"u":"8,95 €/KG","img":"https://fd8-photos.leclercdrive.fr/image.ashx?id=2992651&use=l&cat=p&typeid=i","cat":314998},{"id":84186,"n":"Lait bébé en poudre Bio Guigoz 2ème âge - 6-12 mois - 800g","p":18.41,"u":"23,01 €/KG","img":"https://fd8-photos.leclercdrive.fr/image.ashx?id=2740286&use=l&cat=p&typeid=i","cat":284727},{"id":84188,"n":"Lait bébé en poudre Bio Guigoz 1er âge - 0-6 mois - 800g","p":20.05,"u":"25,06 €/KG","img":"https://fd8-photos.leclercdrive.fr/image.ashx?id=3000438&use=l&cat=p&typeid=i","cat":284726},{"id":84249,"n":"Crème Bio Hydratante Sobio Etic Aloe Vera - 100ml","p":7.99,"u":"79,90 €/L","img":"https://fd8-photos.leclercdrive.fr/image.ashx?id=2787074&use=l&cat=p&typeid=i","cat":325345},{"id":84253,"n":"Crème de Douche Bio Sobio Etic Peaux Sensibles Aloe Vera-650ml","p":5.6,"u":"8,62 €/L","img":"https://fd8-photos.leclercdrive.fr/image.ashx?id=2891577&use=l&cat=p&typeid=i","cat":284594},{"id":84266,"n":"Crème de jour bio Sobio Etic  Hydratante à l'aloé Vera - 50ml","p":8.33,"u":"166,60 €/L","img":"https://fd8-photos.leclercdrive.fr/image.ashx?id=2802485&use=l&cat=p&typeid=i","cat":325345},{"id":84327,"n":"Chicorée en grains Leroux  nature - 520g","p":2.25,"u":"4,33 €/KG","img":"https://fd8-photos.leclercdrive.fr/image.ashx?id=2730496&use=l&cat=p&typeid=i","cat":284843},{"id":84392,"n":"Sauce tomate de Marmande 300g - Lucien Georgelin","p":2.31,"u":"7,70 €/KG","img":"https://fd8-photos.leclercdrive.fr/image.ashx?id=2015660&use=l&cat=p&typeid=i","cat":288384},{"id":84437,"n":"Yaourt à boire Mini Yop Aromatisé Framboise - 8x100g","p":2.63,"u":"3,29 €/KG","img":"https://fd8-photos.leclercdrive.fr/image.ashx?id=2320000&use=l&cat=p&typeid=i","cat":284415},{"id":84441,"n":"Trio saucissons Cévennes  Nos Régions ont du Talent 345g","p":6.84,"u":"19,83 €/KG","img":"https://fd8-photos.leclercdrive.fr/image.ashx?id=2776301&use=l&cat=p&typeid=i","cat":316006},{"id":84789,"n":"Filet de poulet blanc Le Gaulois x2 - 300g","p":5.1,"u":"17,00 €/KG","img":"https://fd8-photos.leclercdrive.fr/image.ashx?id=2633989&use=l&cat=p&typeid=i","cat":284336},{"id":84790,"n":"Cuisse de poulet blanc Le Gaulois - 500g","p":3.1,"u":"6,20 €/KG","img":"https://fd8-photos.leclercdrive.fr/image.ashx?id=2732752&use=l&cat=p&typeid=i","cat":284336},{"id":84794,"n":"Coton Lotus Baby Peau nette - x85","p":2.55,"u":"0,03 €/P","img":"https://fd8-photos.leclercdrive.fr/image.ashx?id=2981355&use=l&cat=p&typeid=i","cat":284739},{"id":84819,"n":"Cerneaux de noix Seeberger 150g","p":5.97,"u":"39,80 €/KG","img":"https://fd8-photos.leclercdrive.fr/image.ashx?id=2950615&use=l&cat=p&typeid=i","cat":284357},{"id":84820,"n":"Minis sandwich Daunat jambon/emmental - 130g","p":1.68,"u":"12,92 €/KG","img":"https://fd8-photos.leclercdrive.fr/image.ashx?id=2951812&use=l&cat=p&typeid=i","cat":333658},{"id":84834,"n":"Mi-chaussette Homme Dim 5 paires - Noir - 39/42","p":10.5,"u":"2,10 €/P","img":"https://fd8-photos.leclercdrive.fr/image.ashx?id=2305766&use=l&cat=p&typeid=i","cat":334130},{"id":84835,"n":"Mi-chaussette Homme Dim 5 paires - Noir - 43/46","p":10.5,"u":"2,10 €/P","img":"https://fd8-photos.leclercdrive.fr/image.ashx?id=2305763&use=l&cat=p&typeid=i","cat":334130},{"id":84838,"n":"3 paires de mi-chaussettes Dim Noir Taille 39/42","p":9.95,"u":"3,32 €/P","img":"https://fd8-photos.leclercdrive.fr/image.ashx?id=2180981&use=l&cat=p&typeid=i","cat":334130},{"id":84841,"n":"3 paires de chaussettes Dim Noir Taille 43/46","p":9.95,"u":"3,32 €/P","img":"https://fd8-photos.leclercdrive.fr/image.ashx?id=2180984&use=l&cat=p&typeid=i","cat":334130},{"id":85012,"n":"Compotes Bio Ethiquable Banane Mangue Passion - 4x100g","p":2.46,"u":"6,15 €/KG","img":"https://fd8-photos.leclercdrive.fr/image.ashx?id=2878165&use=l&cat=p&typeid=i","cat":284508},{"id":85014,"n":"Purée de fruits bio EThiquable Pomme Mangue Litchi - 4x100g","p":2.46,"u":"6,15 €/KG","img":"https://fd8-photos.leclercdrive.fr/image.ashx?id=2874054&use=l&cat=p&typeid=i","cat":284508},{"id":85022,"n":"Shampooing Naturé Moi Extra-doux - 250ml","p":2.33,"u":"9,32 €/L","img":"https://fd8-photos.leclercdrive.fr/image.ashx?id=2740673&use=l&cat=p&typeid=i","cat":284606},{"id":85040,"n":"Shampooing sec Batiste Cherry - 200ml","p":3.53,"u":"17,65 €/L","img":"https://fd8-photos.leclercdrive.fr/image.ashx?id=2983459&use=l&cat=p&typeid=i","cat":289143},{"id":85049,"n":"Poires Panier du Primeur Mûre à point Filière x4","p":3.49,"u":"0,87 €/P","img":"https://fd8-photos.leclercdrive.fr/image.ashx?id=2955038&use=l&cat=p&typeid=i","cat":284356},{"id":85051,"n":"Endives Panier du Primeur x5","p":2.49,"u":"0,50 €/P","img":"https://fd8-photos.leclercdrive.fr/image.ashx?id=2655607&use=l&cat=p&typeid=i","cat":284352},{"id":85069,"n":"Dentifrice Sensodyne Blancheur multiprotect - 75ml","p":4.06,"u":"54,13 €/L","img":"https://fd8-photos.leclercdrive.fr/image.ashx?id=2630730&use=l&cat=p&typeid=i","cat":284612},{"id":85106,"n":"Mayonnaise American Style Heinz  - 395g","p":2.48,"u":"6,28 €/KG","img":"https://fd8-photos.leclercdrive.fr/image.ashx?id=2927059&use=l&cat=p&typeid=i","cat":298295},{"id":85206,"n":"Génoises fourrées Pim's LU Fraise des bois - 150g","p":1.66,"u":"11,07 €/KG","img":"https://fd8-photos.leclercdrive.fr/image.ashx?id=3002204&use=l&cat=p&typeid=i","cat":284489},{"id":85207,"n":"Génoise fourrées Pim's LU Poire - 150g","p":1.64,"u":"10,93 €/KG","img":"https://fd8-photos.leclercdrive.fr/image.ashx?id=2145202&use=l&cat=p&typeid=i","cat":284489},{"id":85278,"n":"Barres Têtes Brûlées Fraise/pomme - 200g","p":1.91,"u":"9,55 €/KG","img":"https://fd8-photos.leclercdrive.fr/image.ashx?id=2917882&use=l&cat=p&typeid=i","cat":304250},{"id":85290,"n":"Chocolat noir Bio Ethiquable  74% Côte d'Ivoire - 100g","p":3.0,"u":"30,00 €/KG","img":"https://fd8-photos.leclercdrive.fr/image.ashx?id=2870929&use=l&cat=p&typeid=i","cat":284956},{"id":85368,"n":"Tampons Nett Original Digitaux - Super+ - x24","p":2.65,"u":"0,11 €/P","img":"https://fd8-photos.leclercdrive.fr/image.ashx?id=2685132&use=l&cat=p&typeid=i","cat":284626},{"id":85383,"n":"Sous-vêtements Tena Lady silhouette - Normal L x10","p":7.89,"u":"0,79 €/P","img":"https://fd8-photos.leclercdrive.fr/image.ashx?id=2428582&use=l&cat=p&typeid=i","cat":284628},{"id":85442,"n":"Désodorisant diffuseur Airwick FreshMatic Rafraîchissant-250ml","p":9.04,"u":"Dont 0,02 € d'éco-part.","img":"https://fd8-photos.leclercdrive.fr/image.ashx?id=2158611&use=l&cat=p&typeid=i","cat":311629},{"id":85445,"n":"Serpillères jetables St Marc  Anti-Bactériennes - x20","p":2.56,"u":"0,13 €/P","img":"https://fd8-photos.leclercdrive.fr/image.ashx?id=2228552&use=l&cat=p&typeid=i","cat":325358},{"id":85532,"n":"Tenders de Poulet Père Dodu  Aiguillettes - 380g","p":5.62,"u":"14,79 €/KG","img":"https://fd8-photos.leclercdrive.fr/image.ashx?id=2957200&use=l&cat=p&typeid=i","cat":333684},{"id":85735,"n":"Soda au cola Pepsi Zéro sucres La bouteille de 2L","p":1.58,"u":"0,79 €/L","img":"https://fd8-photos.leclercdrive.fr/image.ashx?id=2682297&use=l&cat=p&typeid=i","cat":284530},{"id":85745,"n":"Batonnets Surimi Coraya x30 - 450g","p":4.27,"u":"9,49 €/KG","img":"https://fd8-photos.leclercdrive.fr/image.ashx?id=2962683&use=l&cat=p&typeid=i","cat":285189},{"id":85915,"n":"Vinaigre de vin rouge Elise & Félicie - 250ml","p":4.98,"u":"19,92 €/L","img":"https://fd8-photos.leclercdrive.fr/image.ashx?id=2023958&use=l&cat=p&typeid=i","cat":298543},{"id":85916,"n":"Vinaigre de vin Elise&Félicie   A l'échalote - 250ml","p":4.57,"u":"18,28 €/L","img":"https://fd8-photos.leclercdrive.fr/image.ashx?id=2023961&use=l&cat=p&typeid=i","cat":298543},{"id":85960,"n":"AOP Bordeaux rosé Mouton Cadet - 75cl","p":5.81,"u":"7,75 €/L","img":"https://fd8-photos.leclercdrive.fr/image.ashx?id=2943987&use=l&cat=p&typeid=i","cat":289558},{"id":85992,"n":"Bière Ambrée Ninkasi 75cl","p":4.61,"u":"6,15 €/L","img":"https://fd8-photos.leclercdrive.fr/image.ashx?id=2462831&use=l&cat=p&typeid=i","cat":334872},{"id":85993,"n":"Bière blanche ninkasi 75cl","p":4.95,"u":"6,60 €/L","img":"https://fd8-photos.leclercdrive.fr/image.ashx?id=2458778&use=l&cat=p&typeid=i","cat":334872},{"id":85994,"n":"Bière blonde Ninkasi 75cl","p":4.6,"u":"6,13 €/L","img":"https://fd8-photos.leclercdrive.fr/image.ashx?id=2458781&use=l&cat=p&typeid=i","cat":334872},{"id":85995,"n":"Bière triple Ninkasi 75cl","p":5.37,"u":"7,16 €/L","img":"https://fd8-photos.leclercdrive.fr/image.ashx?id=2458784&use=l&cat=p&typeid=i","cat":334872},{"id":85996,"n":"Bière French IPA Ninkasi 75cl","p":5.16,"u":"6,88 €/L","img":"https://fd8-photos.leclercdrive.fr/image.ashx?id=2458787&use=l&cat=p&typeid=i","cat":334872},{"id":85998,"n":"Sauce Curry Mango Heinz - 225g","p":1.99,"u":"8,84 €/KG","img":"https://fd8-photos.leclercdrive.fr/image.ashx?id=2927050&use=l&cat=p&typeid=i","cat":318431},{"id":86020,"n":"Champagne Alfred Rothschild Brut - 75cl","p":26.88,"u":"35,84 €/L","img":"https://fd8-photos.leclercdrive.fr/image.ashx?id=2628473&use=l&cat=p&typeid=i","cat":284542},{"id":86071,"n":"AOP Prosecco Perlino Extra Dry - 75cl","p":6.4,"u":"8,53 €/L","img":"https://fd8-photos.leclercdrive.fr/image.ashx?id=2612778&use=l&cat=p&typeid=i","cat":289461},{"id":86208,"n":"Pâte à tartiner Nutella 1kg","p":6.56,"u":"6,56 €/KG","img":"https://fd8-photos.leclercdrive.fr/image.ashx?id=2935648&use=l&cat=p&typeid=i","cat":284481},{"id":86375,"n":"Rochers Suchard  Lait - 7x35g","p":4.23,"u":"17,27 €/KG","img":"https://fd8-photos.leclercdrive.fr/image.ashx?id=2950372&use=l&cat=p&typeid=i","cat":284499},{"id":86395,"n":"Brioche tranchée Pasquier Familiale - 650g","p":2.97,"u":"4,57 €/KG","img":"https://fd8-photos.leclercdrive.fr/image.ashx?id=2850949&use=l&cat=p&typeid=i","cat":284478},{"id":86403,"n":"Capsules café L'Or Espresso Delizioso N°5 x10","p":3.13,"u":"60,19 €/KG","img":"https://fd8-photos.leclercdrive.fr/image.ashx?id=3000462&use=l&cat=p&typeid=i","cat":284749},{"id":86411,"n":"Biscuit bio Bjorg Avoine pépites chocolat - 130g","p":2.5,"u":"19,23 €/KG","img":"https://fd8-photos.leclercdrive.fr/image.ashx?id=2999985&use=l&cat=p&typeid=i","cat":325066},{"id":86414,"n":"Galette bio Bjorg Maïs amarante lin - 150g","p":1.62,"u":"10,80 €/KG","img":"https://fd8-photos.leclercdrive.fr/image.ashx?id=2972988&use=l&cat=p&typeid=i","cat":318651},{"id":86417,"n":"Barquettes Bio Village Fraise bio - 120g","p":1.99,"u":"16,58 €/KG","img":"https://fd8-photos.leclercdrive.fr/image.ashx?id=2907476&use=l&cat=p&typeid=i","cat":284489},{"id":86438,"n":"Dentifrice Integral 8 Signal Nature Elements Coco 75ml","p":1.77,"u":"23,60 €/L","img":"https://fd8-photos.leclercdrive.fr/image.ashx?id=2974659&use=l&cat=p&typeid=i","cat":284612},{"id":86451,"n":"Lessive gel Génie Lavage main - 200ml","p":1.53,"u":"7,65 €/L","img":"https://fd8-photos.leclercdrive.fr/image.ashx?id=2664142&use=l&cat=p&typeid=i","cat":284643},{"id":86452,"n":"Gel douche Monsavon Amande très douce - 300ml","p":2.01,"u":"6,70 €/L","img":"https://fd8-photos.leclercdrive.fr/image.ashx?id=2532291&use=l&cat=p&typeid=i","cat":284594},{"id":86470,"n":"Bonbons KREMA Festival Assortiment - 360g","p":2.38,"u":"6,61 €/KG","img":"https://fd8-photos.leclercdrive.fr/image.ashx?id=2817875&use=l&cat=p&typeid=i","cat":304250},{"id":86482,"n":"Bonbons KREMA Régal'ad Assortiment Fruits - 360g","p":2.46,"u":"6,83 €/KG","img":"https://fd8-photos.leclercdrive.fr/image.ashx?id=2855295&use=l&cat=p&typeid=i","cat":304250},{"id":86570,"n":"Chewing gum Malabar Tutti Frutti - 214g","p":1.91,"u":"8,93 €/KG","img":"https://fd8-photos.leclercdrive.fr/image.ashx?id=2817848&use=l&cat=p&typeid=i","cat":304251},{"id":86580,"n":"Gousse de vanille Sainte Lucie Poudre pot - 3g","p":4.03,"img":"https://fd8-photos.leclercdrive.fr/image.ashx?id=2774960&use=l&cat=p&typeid=i","cat":284504},{"id":86586,"n":"Pain de mie Harrys Nature extra moelleux - 500g","p":1.29,"u":"2,58 €/KG","img":"https://fd8-photos.leclercdrive.fr/image.ashx?id=2660730&use=l&cat=p&typeid=i","cat":284477},{"id":86591,"n":"AOP Champagne Pommery Brut Royal étui- 75cl","p":35.9,"u":"47,87 €/L","img":"https://fd8-photos.leclercdrive.fr/image.ashx?id=2791500&use=l&cat=p&typeid=i","cat":284542},{"id":86658,"n":"Thé vert Twinings Simplement pur - x25 - 37g","p":2.46,"u":"66,49 €/KG","img":"https://fd8-photos.leclercdrive.fr/image.ashx?id=2893015&use=l&cat=p&typeid=i","cat":293233},{"id":86660,"n":"Farine bio Mon Fournil Blé semi complète - 1kg","p":2.0,"u":"2,00 €/KG","img":"https://fd8-photos.leclercdrive.fr/image.ashx?id=2861677&use=l&cat=p&typeid=i","cat":284503},{"id":86665,"n":"Dosettes café Senseo Grand Mère Classique x54","p":5.28,"u":"14,83 €/KG","img":"https://fd8-photos.leclercdrive.fr/image.ashx?id=2769837&use=l&cat=p&typeid=i","cat":293238},{"id":86669,"n":"Huile vierge Bio village  Sésame grillé bio - 25cl","p":2.67,"u":"10,68 €/L","img":"https://fd8-photos.leclercdrive.fr/image.ashx?id=3005715&use=l&cat=p&typeid=i","cat":284453},{"id":86670,"n":"Flocons d'avoine complet Bjorg bio - 900g","p":2.63,"u":"2,92 €/KG","img":"https://fd8-photos.leclercdrive.fr/image.ashx?id=2928534&use=l&cat=p&typeid=i","cat":309512},{"id":86724,"n":"Huile d'olive Bio Village Bio Vierge extra fruité - 75 cl","p":7.99,"u":"10,65 €/L","img":"https://fd8-photos.leclercdrive.fr/image.ashx?id=3005712&use=l&cat=p&typeid=i","cat":284453},{"id":86725,"n":"Poudre de cacao bio Bio Village 500g - 32% de cacao","p":3.95,"u":"7,90 €/KG","img":"https://fd8-photos.leclercdrive.fr/image.ashx?id=2441516&use=l&cat=p&typeid=i","cat":293235},{"id":86732,"n":"Chips Barbecue Pom'lisse Maxi format - 270g","p":1.81,"u":"6,70 €/KG","img":"https://fd8-photos.leclercdrive.fr/image.ashx?id=2710837&use=l&cat=p&typeid=i","cat":284447},{"id":86734,"n":"Cookies P'tit Déli Triple chocolat - 200g","p":1.44,"u":"7,20 €/KG","img":"https://fd8-photos.leclercdrive.fr/image.ashx?id=2529608&use=l&cat=p&typeid=i","cat":325066},{"id":86744,"n":"Mouchoirs blancs 3 plis Caresse Boîte mouchoirs papier parf x80","p":1.65,"u":"0,02 €/P","img":"https://fd8-photos.leclercdrive.fr/image.ashx?id=2837247&use=l&cat=p&typeid=i","cat":284638},{"id":86747,"n":"Sacs de congélation Elembal Curseur moyen - x15","p":1.99,"u":"0,13 €/P","img":"https://fd8-photos.leclercdrive.fr/image.ashx?id=2511120&use=l&cat=p&typeid=i","cat":334134},{"id":86757,"n":"Tranches d'emmental Bio Village Bio - 200g - 31% MG","p":3.19,"u":"15,95 €/KG","img":"https://fd8-photos.leclercdrive.fr/image.ashx?id=2641413&use=l&cat=p&typeid=i","cat":314028},{"id":86779,"n":"Colin d'Alaska Pêche Océan Beurre citron - MSC - 400g","p":3.39,"u":"8,48 €/KG","img":"https://fd8-photos.leclercdrive.fr/image.ashx?id=2930126&use=l&cat=p&typeid=i","cat":319786},{"id":86781,"n":"Trio de poissons nordiques  Pêche Océan - 600g","p":11.49,"u":"19,15 €/KG","img":"https://fd8-photos.leclercdrive.fr/image.ashx?id=2175714&use=l&cat=p&typeid=i","cat":319786},{"id":86784,"n":"Frites au four Pom'Lisse Pom'Steak - 600g","p":1.46,"u":"2,43 €/KG","img":"https://fd8-photos.leclercdrive.fr/image.ashx?id=2770687&use=l&cat=p&typeid=i","cat":319791},{"id":86788,"n":"Tartinable thon Fromage frais MSC Ronde des mers - 140g","p":1.99,"u":"14,21 €/KG","img":"https://fd8-photos.leclercdrive.fr/image.ashx?id=2823084&use=l&cat=p&typeid=i","cat":285191},{"id":86905,"n":"Bière blonde 1664 5,5° - 12x33cl canettes","p":10.27,"u":"2,59 €/L","img":"https://fd8-photos.leclercdrive.fr/image.ashx?id=2246617&use=l&cat=p&typeid=i","cat":334853},{"id":86907,"n":"Lait en poudre Modilac Bébé : 2ème âge - 820g","p":15.65,"u":"19,09 €/KG","img":"https://fd8-photos.leclercdrive.fr/image.ashx?id=2873393&use=l&cat=p&typeid=i","cat":284727},{"id":86909,"n":"Lait en poudre Modilac Doucéa Bébé 0-6mois - 820g","p":18.42,"u":"22,46 €/KG","img":"https://fd8-photos.leclercdrive.fr/image.ashx?id=2997031&use=l&cat=p&typeid=i","cat":284726},{"id":86914,"n":"Fromage Camembert Isigny NRT 250g","p":2.81,"u":"11,24 €/KG","img":"https://fd8-photos.leclercdrive.fr/image.ashx?id=1961500&use=l&cat=p&typeid=i","cat":314033},{"id":86940,"n":"Emmental fromage râpé bio Bio village - 400g","p":4.45,"u":"11,13 €/KG","img":"https://fd8-photos.leclercdrive.fr/image.ashx?id=2501688&use=l&cat=p&typeid=i","cat":314035},{"id":86947,"n":"Parmesan rapé AOP 30% MG Bio Bio village - 50g","p":1.66,"u":"33,20 €/KG","img":"https://fd8-photos.leclercdrive.fr/image.ashx?id=2887422&use=l&cat=p&typeid=i","cat":314035},{"id":86956,"n":"Pains au chocolat surgelé Gourmet d'Alsace - 1.25kg - x25","p":9.42,"u":"7,54 €/KG","img":"https://fd8-photos.leclercdrive.fr/image.ashx?id=2167104&use=l&cat=p&typeid=i","cat":288858},{"id":86986,"n":"Sachet fraicheur chat Sheba Thon saumon en gelée - 6x50g","p":2.64,"u":"8,80 €/KG","img":"https://fd8-photos.leclercdrive.fr/image.ashx?id=2850162&use=l&cat=p&typeid=i","cat":285286},{"id":86996,"n":"Muesli Chaque jour sans Gluten  Croustillant fruit sec bio-375g","p":3.49,"u":"9,31 €/KG","img":"https://fd8-photos.leclercdrive.fr/image.ashx?id=2554520&use=l&cat=p&typeid=i","cat":318654},{"id":87001,"n":"Petits Pois Notre Jardin 600g","p":1.69,"u":"2,82 €/KG","img":"https://fd8-photos.leclercdrive.fr/image.ashx?id=2873156&use=l&cat=p&typeid=i","cat":319805},{"id":87024,"n":"Smoothie innocent énergie boogie ruby 750ml","p":3.68,"u":"4,91 €/L","img":"https://fd8-photos.leclercdrive.fr/image.ashx?id=2187631&use=l&cat=p&typeid=i","cat":285435},{"id":87026,"n":"Smoothie innocent antioxydant green 750ml","p":3.63,"u":"4,84 €/L","img":"https://fd8-photos.leclercdrive.fr/image.ashx?id=2860049&use=l&cat=p&typeid=i","cat":285435},{"id":87038,"n":"Yaourt nature Danone 8x125g","p":1.83,"u":"1,83 €/KG","img":"https://fd8-photos.leclercdrive.fr/image.ashx?id=3001985&use=l&cat=p&typeid=i","cat":284409},{"id":87067,"n":"Yaourt à boire P'tit max  Délisse Fraise - 6x180g","p":2.03,"u":"1,88 €/KG","img":"https://fd8-photos.leclercdrive.fr/image.ashx?id=2762510&use=l&cat=p&typeid=i","cat":284415},{"id":87074,"n":"Nappe Damassée Homeside Grise - 7m","p":2.96,"img":"https://fd8-photos.leclercdrive.fr/image.ashx?id=1659750&use=l&cat=p&typeid=i","cat":334134},{"id":87078,"n":"Serviettes en papier Homeside Aqua - 33x33cm - 3 plis","p":1.99,"img":"https://fd8-photos.leclercdrive.fr/image.ashx?id=1659729&use=l&cat=p&typeid=i","cat":334134},{"id":87081,"n":"Serviettes en papier Homeside Rouge - 33x33cm - x50","p":1.99,"img":"https://fd8-photos.leclercdrive.fr/image.ashx?id=1659723&use=l&cat=p&typeid=i","cat":334134},{"id":87082,"n":"Serviettes en papier Homeside x30 - 38x38cm - point à point","p":1.7,"img":"https://fd8-photos.leclercdrive.fr/image.ashx?id=1659696&use=l&cat=p&typeid=i","cat":334134},{"id":87083,"n":"Rhum premium Bacardi Reserva  Ocho 8 ans d'âge 40° - 70cl","p":31.12,"u":"44,46 €/L","img":"https://fd8-photos.leclercdrive.fr/image.ashx?id=2848373&use=l&cat=p&typeid=i","cat":284550},{"id":87084,"n":"Rhum ambré Bacardi Carta Oro 37,5° - 70cl","p":17.25,"u":"24,64 €/L","img":"https://fd8-photos.leclercdrive.fr/image.ashx?id=2858171&use=l&cat=p&typeid=i","cat":284550},{"id":87089,"n":"Pavé Gourmand Garden Gourmet Epinards et Fromage 180g","p":2.4,"u":"13,33 €/KG","img":"https://fd8-photos.leclercdrive.fr/image.ashx?id=2971389&use=l&cat=p&typeid=i","cat":316036},{"id":87091,"n":"St Jacques Marie Fondue de poireaux riz - 280g","p":3.94,"u":"14,07 €/KG","img":"https://fd8-photos.leclercdrive.fr/image.ashx?id=2317531&use=l&cat=p&typeid=i","cat":333665},{"id":87100,"n":"Gel lavant Manava Purifiant mandarine - 300ml","p":1.25,"u":"4,17 €/L","img":"https://fd8-photos.leclercdrive.fr/image.ashx?id=2935519&use=l&cat=p&typeid=i","cat":284597},{"id":87133,"n":"Thé vert Bio Ethiquable  Menthe x20 - 36g","p":2.81,"u":"78,06 €/KG","img":"https://fd8-photos.leclercdrive.fr/image.ashx?id=2870875&use=l&cat=p&typeid=i","cat":293233},{"id":87375,"n":"Serviettes Doulys Ultra mince Nuit + large - x9","p":2.2,"u":"0,24 €/P","img":"https://fd8-photos.leclercdrive.fr/image.ashx?id=2839927&use=l&cat=p&typeid=i","cat":284624},{"id":87379,"n":"Shampooing L'Arbre Vert Nutrition cheveux secs - 250ml","p":2.25,"u":"9,00 €/L","img":"https://fd8-photos.leclercdrive.fr/image.ashx?id=2885390&use=l&cat=p&typeid=i","cat":284606},{"id":87701,"n":"Carrés feuilletés Croustipate x4 - 240g","p":1.43,"u":"5,96 €/KG","img":"https://fd8-photos.leclercdrive.fr/image.ashx?id=2875069&use=l&cat=p&typeid=i","cat":333681},{"id":87742,"n":"Yaourt bifidus Activia vanille - 16x125g","p":4.29,"u":"2,15 €/KG","img":"https://fd8-photos.leclercdrive.fr/image.ashx?id=2741757&use=l&cat=p&typeid=i","cat":315000},{"id":87746,"n":"Yaourt bifidus Activia Citron - 16x125g","p":5.16,"u":"2,58 €/KG","img":"https://fd8-photos.leclercdrive.fr/image.ashx?id=2741781&use=l&cat=p&typeid=i","cat":315000},{"id":87747,"n":"Yaourts natures brassés bifidus Activia - 16x125g","p":5.45,"u":"2,73 €/KG","img":"https://fd8-photos.leclercdrive.fr/image.ashx?id=2741790&use=l&cat=p&typeid=i","cat":315000},{"id":87809,"n":"Collant Dim Opaque velouté Noir - T1/2","p":6.26,"img":"https://fd8-photos.leclercdrive.fr/image.ashx?id=2876092&use=l&cat=p&typeid=i","cat":334130},{"id":87810,"n":"Collant Dim Opaque velouté Noir - T3/4","p":6.26,"img":"https://fd8-photos.leclercdrive.fr/image.ashx?id=2876095&use=l&cat=p&typeid=i","cat":334130},{"id":87849,"n":"Boisson végétale Alpro lait de coco riz - 1l","p":2.19,"u":"2,19 €/L","img":"https://fd8-photos.leclercdrive.fr/image.ashx?id=2790243&use=l&cat=p&typeid=i","cat":316067},{"id":87869,"n":"Moule à tarte Homeside 27cm","p":6.29,"img":"https://fd8-photos.leclercdrive.fr/image.ashx?id=2856639&use=l&cat=p&typeid=i","cat":298490},{"id":87894,"n":"Boisson énergisante Crazy Tiger Bouteille - 1L","p":2.07,"u":"2,07 €/L","img":"https://fd8-photos.leclercdrive.fr/image.ashx?id=2927555&use=l&cat=p&typeid=i","cat":284533},{"id":87923,"n":"Compotes  gourdes Pom'Potes Multivariétés - 12x90g","p":5.2,"u":"4,81 €/KG","img":"https://fd8-photos.leclercdrive.fr/image.ashx?id=3010942&use=l&cat=p&typeid=i","cat":284508},{"id":87924,"n":"Dosettes café Senseo Classique x40","p":6.33,"u":"22,85 €/KG","img":"https://fd8-photos.leclercdrive.fr/image.ashx?id=2876326&use=l&cat=p&typeid=i","cat":293238},{"id":87925,"n":"Dosettes café Senseo Corsé x40","p":6.37,"u":"23,00 €/KG","img":"https://fd8-photos.leclercdrive.fr/image.ashx?id=2393581&use=l&cat=p&typeid=i","cat":293238},{"id":87926,"n":"Dosettes café Senseo Doux x40","p":6.38,"u":"23,03 €/KG","img":"https://fd8-photos.leclercdrive.fr/image.ashx?id=2337567&use=l&cat=p&typeid=i","cat":293238},{"id":87927,"n":"Dosettes café Senseo Décaféiné x40","p":6.37,"u":"23,00 €/KG","img":"https://fd8-photos.leclercdrive.fr/image.ashx?id=2324921&use=l&cat=p&typeid=i","cat":293238},{"id":87929,"n":"Dosettes café Senseo Classique x54","p":8.52,"u":"22,72 €/KG","img":"https://fd8-photos.leclercdrive.fr/image.ashx?id=2391798&use=l&cat=p&typeid=i","cat":293238},{"id":87931,"n":"Dosettes café Senseo Doux x54","p":8.4,"u":"22,40 €/KG","img":"https://fd8-photos.leclercdrive.fr/image.ashx?id=2289951&use=l&cat=p&typeid=i","cat":293238},{"id":87949,"n":"Sirop La Maison Guiot Menthe glaciale - 70cl","p":3.19,"u":"4,56 €/L","img":"https://fd8-photos.leclercdrive.fr/image.ashx?id=2138473&use=l&cat=p&typeid=i","cat":295020},{"id":88048,"n":"Compote Charles & Alice Pommes Bananes Vanille -4x100g","p":1.7,"u":"4,38 €/KG","img":"https://fd8-photos.leclercdrive.fr/image.ashx?id=2757698&use=l&cat=p&typeid=i","cat":284416},{"id":88053,"n":"Lasagne à la bolognaise Marie - 1 kg","p":4.81,"u":"4,81 €/KG","img":"https://fd8-photos.leclercdrive.fr/image.ashx?id=2993394&use=l&cat=p&typeid=i","cat":284254},{"id":88054,"n":"Fromage à tartiner Madame Loïk Fouetté Nat. Sel réduit - 150g","p":1.87,"u":"12,47 €/KG","img":"https://fd8-photos.leclercdrive.fr/image.ashx?id=2948018&use=l&cat=p&typeid=i","cat":314029},{"id":88062,"n":"Matière grasse Primevere Oméga 3 - 55% - 250g","p":1.5,"u":"6,00 €/KG","img":"https://fd8-photos.leclercdrive.fr/image.ashx?id=2928468&use=l&cat=p&typeid=i","cat":315229},{"id":88115,"n":"yaourt à boire danonino fraise banane abricot - 6x100g","p":2.46,"u":"4,10 €/KG","img":"https://fd8-photos.leclercdrive.fr/image.ashx?id=3003143&use=l&cat=p&typeid=i","cat":284415},{"id":88162,"n":"oeufs plein air Matines x20","p":4.85,"u":"0,24 €/P","img":"https://fd8-photos.leclercdrive.fr/image.ashx?id=2795740&use=l&cat=p&typeid=i","cat":284378},{"id":88185,"n":"Gel d'aloé vera bio Puraloe À boire - 1L","p":13.29,"u":"13,29 €/L","img":"https://fd8-photos.leclercdrive.fr/image.ashx?id=2086120&use=l&cat=p&typeid=i","cat":301264},{"id":88206,"n":"Céréales bébé Blédine 12 mois  Vanille - 400g","p":2.38,"u":"5,95 €/KG","img":"https://fd8-photos.leclercdrive.fr/image.ashx?id=2763124&use=l&cat=p&typeid=i","cat":312225},{"id":88235,"n":"Crème La Roche-Posay Effaclar mat - 40ml","p":11.49,"u":"287,25 €/L","img":"https://fd8-photos.leclercdrive.fr/image.ashx?id=2842708&use=l&cat=p&typeid=i","cat":291166},{"id":88245,"n":"Huile de massage Weleda Pour vergétures - 100ml","p":15.89,"u":"158,90 €/L","img":"https://fd8-photos.leclercdrive.fr/image.ashx?id=2454241&use=l&cat=p&typeid=i","cat":291159},{"id":88248,"n":"Céréales Lion Wild - 600g","p":4.32,"u":"7,20 €/KG","img":"https://fd8-photos.leclercdrive.fr/image.ashx?id=2989429&use=l&cat=p&typeid=i","cat":309513},{"id":88266,"n":"Lait corps Topicrem Ultra hydratant - 500ml","p":10.89,"pp":7.62,"u":"15,24 €/L","img":"https://fd8-photos.leclercdrive.fr/image.ashx?id=2631771&use=l&cat=p&typeid=i","cat":290421},{"id":88310,"n":"Soin hydratant Bioderma Anti-brillance - 30ml","p":11.2,"u":"373,33 €/L","img":"https://fd8-photos.leclercdrive.fr/image.ashx?id=2412714&use=l&cat=p&typeid=i","cat":291166},{"id":88331,"n":"Gélule gaz intestinaux Juvamine Charbon+Levure - x45","p":5.02,"u":"0,11 €/P","img":"https://fd8-photos.leclercdrive.fr/image.ashx?id=2773373&use=l&cat=p&typeid=i","cat":313217},{"id":88339,"n":"Purée de sésame Jardin Bio Tahini bio - 350g","p":6.42,"u":"18,34 €/KG","img":"https://fd8-photos.leclercdrive.fr/image.ashx?id=3000183&use=l&cat=p&typeid=i","cat":284481},{"id":88340,"n":"Berries Haribo Sachet bonbons - 200g","p":1.81,"u":"9,05 €/KG","img":"https://fd8-photos.leclercdrive.fr/image.ashx?id=2982411&use=l&cat=p&typeid=i","cat":304250},{"id":88342,"n":"Fécule et farine Tipiak Sans gluten - 500g","p":2.94,"u":"5,88 €/KG","img":"https://fd8-photos.leclercdrive.fr/image.ashx?id=2649217&use=l&cat=p&typeid=i","cat":318654},{"id":88361,"n":"Saucisse Isla Délice Halal Goût boeuf olive - 500g","p":1.52,"u":"3,04 €/KG","img":"https://fd8-photos.leclercdrive.fr/image.ashx?id=2264006&use=l&cat=p&typeid=i","cat":316013},{"id":88413,"n":"Beurre Allégé Elle&Vire Doux - 41% MG - 250g","p":2.17,"u":"8,68 €/KG","img":"https://fd8-photos.leclercdrive.fr/image.ashx?id=2969169&use=l&cat=p&typeid=i","cat":284379},{"id":88417,"n":"Matière grasse St Hubert 51%MG-Sans huile de palme -500g","p":5.04,"u":"10,08 €/KG","img":"https://fd8-photos.leclercdrive.fr/image.ashx?id=2734117&use=l&cat=p&typeid=i","cat":315229},{"id":88429,"n":"Eau gazeuse San Pellegrino Minérale naturelle - 6x33cl","p":2.82,"u":"1,42 €/L","img":"https://fd8-photos.leclercdrive.fr/image.ashx?id=2459090&use=l&cat=p&typeid=i","cat":284536},{"id":88438,"n":"Coulommiers Cœur de Lion  Extra-Crèmeux - 385g","p":3.31,"u":"8,60 €/KG","img":"https://fd8-photos.leclercdrive.fr/image.ashx?id=2999958&use=l&cat=p&typeid=i","cat":314033},{"id":88440,"n":"Fromage Crèmeux Saint Albray  Format Familial - 310g","p":4.29,"u":"13,84 €/KG","img":"https://fd8-photos.leclercdrive.fr/image.ashx?id=2686771&use=l&cat=p&typeid=i","cat":329558},{"id":88441,"n":"Fromage à tartiner St Môret Nature maxi format - 400g","p":4.68,"u":"11,70 €/KG","img":"https://fd8-photos.leclercdrive.fr/image.ashx?id=2755459&use=l&cat=p&typeid=i","cat":314029},{"id":88442,"n":"Arrangé Isautier Banane Flambée - 40%vol - 50cl","p":16.75,"u":"33,50 €/L","img":"https://fd8-photos.leclercdrive.fr/image.ashx?id=2686903&use=l&cat=p&typeid=i","cat":284551},{"id":88446,"n":"Fromage Le Rustique Tomme  Fruitée - 280g","p":4.25,"u":"15,18 €/KG","img":"https://fd8-photos.leclercdrive.fr/image.ashx?id=2921549&use=l&cat=p&typeid=i","cat":329184},{"id":88448,"n":"Fromage à Tartiner Carré Frais  Nature 0% - 8 Portions - 200g","p":2.37,"u":"11,85 €/KG","img":"https://fd8-photos.leclercdrive.fr/image.ashx?id=2868684&use=l&cat=p&typeid=i","cat":314029},{"id":88450,"n":"Escalope Cordon Bleu Père Dodu  Dinde x2 - 200g","p":2.61,"u":"13,05 €/KG","img":"https://fd8-photos.leclercdrive.fr/image.ashx?id=2957203&use=l&cat=p&typeid=i","cat":333683},{"id":88451,"n":"AOP Champagne Chanoine Frères Brut - 75cl","p":23.05,"u":"30,73 €/L","img":"https://fd8-photos.leclercdrive.fr/image.ashx?id=2673217&use=l&cat=p&typeid=i","cat":284542},{"id":88460,"n":"Fromage de Chèvre Chavroux  9 Portions - 162g","p":3.02,"u":"18,64 €/KG","img":"https://fd8-photos.leclercdrive.fr/image.ashx?id=2936689&use=l&cat=p&typeid=i","cat":314031},{"id":88461,"n":"Salami Danois  Saint-Azay x16 - 160g","p":1.58,"u":"9,88 €/KG","img":"https://fd8-photos.leclercdrive.fr/image.ashx?id=2708354&use=l&cat=p&typeid=i","cat":316007},{"id":88471,"n":"Protège slip Tena Long - x20","p":2.49,"u":"0,12 €/P","img":"https://fd8-photos.leclercdrive.fr/image.ashx?id=2428588&use=l&cat=p&typeid=i","cat":284628},{"id":88542,"n":"Tomato Ketchup Allégé Heinz 50% sucre/sel en moins - 435g","p":2.36,"u":"5,43 €/KG","img":"https://fd8-photos.leclercdrive.fr/image.ashx?id=2973357&use=l&cat=p&typeid=i","cat":284455},{"id":88548,"n":"Tartines campagne La Boulangère 450g","p":1.72,"u":"3,82 €/KG","img":"https://fd8-photos.leclercdrive.fr/image.ashx?id=2912395&use=l&cat=p&typeid=i","cat":284477},{"id":88560,"n":"Céréales bébé Blédine 6 mois  Biscuit - 400g","p":2.12,"u":"5,30 €/KG","img":"https://fd8-photos.leclercdrive.fr/image.ashx?id=2773295&use=l&cat=p&typeid=i","cat":312225},{"id":88651,"n":"Bière blonde bio Brasseurs Savoyards - 3x33cl","p":5.42,"u":"16,42 €/L","img":"https://fd8-photos.leclercdrive.fr/image.ashx?id=2388829&use=l&cat=p&typeid=i","cat":334872},{"id":88652,"n":"Bière blanche bio 5%vol - 3x33cl","p":5.64,"u":"17,09 €/L","img":"https://fd8-photos.leclercdrive.fr/image.ashx?id=2327114&use=l&cat=p&typeid=i","cat":334878},{"id":88653,"n":"Brasseurs Savoyards ambrée bio 3x33cl - 7%vol","p":6.56,"u":"19,88 €/L","img":"https://fd8-photos.leclercdrive.fr/image.ashx?id=1653696&use=l&cat=p&typeid=i","cat":334852},{"id":88654,"n":"Bière blonde bio Brasseurs Savoyards - 75 cl","p":4.65,"u":"6,20 €/L","img":"https://fd8-photos.leclercdrive.fr/image.ashx?id=2474041&use=l&cat=p&typeid=i","cat":334872},{"id":88655,"n":"Bière blanche bio 75cl - 5%vol","p":4.47,"u":"5,96 €/L","img":"https://fd8-photos.leclercdrive.fr/image.ashx?id=2474701&use=l&cat=p&typeid=i","cat":334878},{"id":88656,"n":"Bière ambrée bio 75cl - 7%vol","p":4.65,"u":"6,20 €/L","img":"https://fd8-photos.leclercdrive.fr/image.ashx?id=2388832&use=l&cat=p&typeid=i","cat":334852},{"id":88658,"n":"Capsules café Folliet A l'ancienne - x10 - 52g","p":4.24,"u":"81,54 €/KG","img":"https://fd8-photos.leclercdrive.fr/image.ashx?id=2617006&use=l&cat=p&typeid=i","cat":284749},{"id":88660,"n":"Capsules café Folliet Royal corsé - x10 - 52g","p":3.53,"u":"67,88 €/KG","img":"https://fd8-photos.leclercdrive.fr/image.ashx?id=2617000&use=l&cat=p&typeid=i","cat":284749},{"id":88662,"n":"Yaourt bifidus Activia Vanille - 4x125g","p":1.6,"u":"3,20 €/KG","img":"https://fd8-photos.leclercdrive.fr/image.ashx?id=3006184&use=l&cat=p&typeid=i","cat":315000},{"id":88707,"n":"Endive bio Bio Village Sachet 400g","p":3.99,"u":"9,98 €/KG","img":"https://fd8-photos.leclercdrive.fr/image.ashx?id=2655619&use=l&cat=p&typeid=i","cat":284352},{"id":88738,"n":"Yaourt bifidus Activia citron vanille coco - 12x125g","p":4.57,"u":"3,05 €/KG","img":"https://fd8-photos.leclercdrive.fr/image.ashx?id=3003149&use=l&cat=p&typeid=i","cat":315000},{"id":88740,"n":"Yaourt bifidus Activia citron - 4x125g","p":1.6,"u":"3,20 €/KG","img":"https://fd8-photos.leclercdrive.fr/image.ashx?id=3006181&use=l&cat=p&typeid=i","cat":315000},{"id":88742,"n":"Yaourt bifidus Activia coco - 4x125g","p":1.65,"u":"3,30 €/KG","img":"https://fd8-photos.leclercdrive.fr/image.ashx?id=2886651&use=l&cat=p&typeid=i","cat":315000},{"id":88981,"n":"Tablette chocolat au lait Milka Caramel - 3x100g","p":4.34,"u":"14,47 €/KG","img":"https://fd8-photos.leclercdrive.fr/image.ashx?id=2617078&use=l&cat=p&typeid=i","cat":284497},{"id":88986,"n":"Barre Chocolat au Lait KitKat x6 barres - 249g","p":3.14,"u":"12,61 €/KG","img":"https://fd8-photos.leclercdrive.fr/image.ashx?id=2989426&use=l&cat=p&typeid=i","cat":284498},{"id":88987,"n":"Smarties Tube Géant Bonbons Chocolat - 130g","p":1.98,"u":"15,23 €/KG","img":"https://fd8-photos.leclercdrive.fr/image.ashx?id=2625586&use=l&cat=p&typeid=i","cat":304238},{"id":89088,"n":"Boisson au Soja Alpro Goût vanille - 1L","p":2.23,"u":"2,23 €/L","img":"https://fd8-photos.leclercdrive.fr/image.ashx?id=2944383&use=l&cat=p&typeid=i","cat":316067},{"id":89090,"n":"Boisson végétale Alpro Soja - 1L","p":1.77,"u":"1,77 €/L","img":"https://fd8-photos.leclercdrive.fr/image.ashx?id=2977681&use=l&cat=p&typeid=i","cat":316067},{"id":89092,"n":"Boisson au soja Alpro Saveur chocolat - 1L","p":2.54,"u":"2,54 €/L","img":"https://fd8-photos.leclercdrive.fr/image.ashx?id=1889294&use=l&cat=p&typeid=i","cat":316067},{"id":89093,"n":"Boisson végétale Alpro avoine - 1l","p":2.19,"u":"2,19 €/L","img":"https://fd8-photos.leclercdrive.fr/image.ashx?id=2986852&use=l&cat=p&typeid=i","cat":316067},{"id":89094,"n":"Boisson végétale lait d'amande grillée sans sucre alpro - 1l","p":2.17,"u":"2,17 €/L","img":"https://fd8-photos.leclercdrive.fr/image.ashx?id=2985543&use=l&cat=p&typeid=i","cat":316067},{"id":89160,"n":"Recharge liquide nettoyant Swiffer WetJet - 1.25L","p":4.69,"u":"3,75 €/L","img":"https://fd8-photos.leclercdrive.fr/image.ashx?id=2867800&use=l&cat=p&typeid=i","cat":325364},{"id":89196,"n":"Eau gazeuse aromatisée Badoit Citron vert - 1L","p":1.2,"u":"1,20 €/L","img":"https://fd8-photos.leclercdrive.fr/image.ashx?id=2730658&use=l&cat=p&typeid=i","cat":284536},{"id":89197,"n":"Eau gazeuse aromatisée Badoit Pamplemousse citron - 1L","p":1.17,"u":"1,17 €/L","img":"https://fd8-photos.leclercdrive.fr/image.ashx?id=2730655&use=l&cat=p&typeid=i","cat":284536},{"id":89329,"n":"Dentifrice Aquafresh Triple protection menthe - 75ml","p":1.28,"u":"17,07 €/L","img":"https://fd8-photos.leclercdrive.fr/image.ashx?id=2487614&use=l&cat=p&typeid=i","cat":284612},{"id":89338,"n":"Soin anti-rides Inell Q10 Jour - 50ml","p":2.49,"u":"49,80 €/L","img":"https://fd8-photos.leclercdrive.fr/image.ashx?id=2822132&use=l&cat=p&typeid=i","cat":325345},{"id":89341,"n":"Gel lavant recharge Manava Antibactérien Mandarine - 250ml","p":0.54,"u":"2,16 €/L","img":"https://fd8-photos.leclercdrive.fr/image.ashx?id=2935522&use=l&cat=p&typeid=i","cat":284597},{"id":89344,"n":"Serviettes Normal Doulys Ultra mince - x28","p":2.42,"u":"0,09 €/P","img":"https://fd8-photos.leclercdrive.fr/image.ashx?id=2789143&use=l&cat=p&typeid=i","cat":284624},{"id":89346,"n":"Serviettes Nuit Doulys Ultra mince - x20","p":2.55,"u":"0,13 €/P","img":"https://fd8-photos.leclercdrive.fr/image.ashx?id=2839935&use=l&cat=p&typeid=i","cat":284624},{"id":89383,"n":"Changes Bébé Harmonie Pampers T2 - x39","p":15.64,"u":"0,40 €/P","img":"https://fd8-photos.leclercdrive.fr/image.ashx?id=2542648&use=l&cat=p&typeid=i","cat":284737},{"id":89390,"n":"Boxers coton stretch Dim Noir - Taille 3 - x3","p":24.95,"u":"8,32 €/P","img":"https://fd8-photos.leclercdrive.fr/image.ashx?id=2560678&use=l&cat=p&typeid=i","cat":291524},{"id":89392,"n":"Boxers coton stretch Dim Noir - Taille 5 - x3","p":24.95,"u":"8,32 €/P","img":"https://fd8-photos.leclercdrive.fr/image.ashx?id=2560684&use=l&cat=p&typeid=i","cat":291524},{"id":89424,"n":"Pesto vert Bio Village Bio - 185g","p":1.8,"u":"9,73 €/KG","img":"https://fd8-photos.leclercdrive.fr/image.ashx?id=1466304&use=l&cat=p&typeid=i","cat":287599},{"id":89483,"n":"Salade & Cie Sodebo Stockhlom Saumon Pâtes - 320g","p":4.65,"u":"14,53 €/KG","img":"https://fd8-photos.leclercdrive.fr/image.ashx?id=2795722&use=l&cat=p&typeid=i","cat":333657},{"id":89503,"n":"Mélange de fruits secs  Seeberger - 150g","p":3.78,"u":"25,20 €/KG","img":"https://fd8-photos.leclercdrive.fr/image.ashx?id=2950636&use=l&cat=p&typeid=i","cat":316002},{"id":89506,"n":"Oeufs Plein air  Eco + x12","p":2.59,"u":"0,22 €/P","img":"https://fd8-photos.leclercdrive.fr/image.ashx?id=2708853&use=l&cat=p&typeid=i","cat":284378},{"id":89507,"n":"Xtrem Box Sodebo Radiatori à la Carbonara 400g","p":3.08,"u":"7,70 €/KG","img":"https://fd8-photos.leclercdrive.fr/image.ashx?id=2631588&use=l&cat=p&typeid=i","cat":334983},{"id":89515,"n":"Velouté de légumes Régal Soupe Instantané - 64g","p":1.35,"u":"21,09 €/KG","img":"https://fd8-photos.leclercdrive.fr/image.ashx?id=3013627&use=l&cat=p&typeid=i","cat":293527},{"id":89608,"n":"Lot de 3 slips Dim Pockets Coton Stretch - Taille 36/38","p":13.15,"u":"4,38 €/P","img":"https://fd8-photos.leclercdrive.fr/image.ashx?id=2461536&use=l&cat=p&typeid=i","cat":291524},{"id":89613,"n":"Lot de 3 slips Dim Pockets Coton Stretch - Taille 44/46","p":13.15,"u":"6,58 €/P","img":"https://fd8-photos.leclercdrive.fr/image.ashx?id=2461542&use=l&cat=p&typeid=i","cat":291524},{"id":89617,"n":"Mi-chaussette coton Dim Anthracite/Noir - T35/38 - x2","p":7.95,"u":"3,98 €/P","img":"https://fd8-photos.leclercdrive.fr/image.ashx?id=2534965&use=l&cat=p&typeid=i","cat":334130},{"id":89620,"n":"Mi-chaussette coton Dim Anthracite/Noir - T39/42 - x2","p":7.95,"u":"3,98 €/P","img":"https://fd8-photos.leclercdrive.fr/image.ashx?id=2534968&use=l&cat=p&typeid=i","cat":334130},{"id":89622,"n":"Mi-chaussette Ecodim Dim Noir - T37/41 - x5","p":10.5,"u":"2,10 €/P","img":"https://fd8-photos.leclercdrive.fr/image.ashx?id=2354117&use=l&cat=p&typeid=i","cat":334130},{"id":89635,"n":"Infusion Les 2 Marmottes Thym x30 - 35g","p":4.85,"u":"138,57 €/KG","img":"https://fd8-photos.leclercdrive.fr/image.ashx?id=2833555&use=l&cat=p&typeid=i","cat":293234},{"id":89636,"n":"Infusion Les 2 Marmottes Verveine x30 - 46g","p":5.34,"u":"116,09 €/KG","img":"https://fd8-photos.leclercdrive.fr/image.ashx?id=2833564&use=l&cat=p&typeid=i","cat":293234},{"id":89637,"n":"Infusion Les 2 marmottes Fenouil - 30 sachets - 60g","p":5.07,"u":"84,50 €/KG","img":"https://fd8-photos.leclercdrive.fr/image.ashx?id=2833573&use=l&cat=p&typeid=i","cat":293234},{"id":89640,"n":"Infusion Les 2 marmottes Detox et vous x30 - 50g","p":5.49,"u":"109,80 €/KG","img":"https://fd8-photos.leclercdrive.fr/image.ashx?id=2833585&use=l&cat=p&typeid=i","cat":293234},{"id":89695,"n":"Poulet Weight Watchers Curry-coco - 300g","p":3.41,"u":"11,37 €/KG","img":"https://fd8-photos.leclercdrive.fr/image.ashx?id=2827203&use=l&cat=p&typeid=i","cat":333665},{"id":89848,"n":"Boisson Végétale lait d'amande  bjorg cappuccino - bio - 1l","p":2.81,"u":"2,81 €/L","img":"https://fd8-photos.leclercdrive.fr/image.ashx?id=2962488&use=l&cat=p&typeid=i","cat":316067},{"id":89914,"n":"Bouillon Cube Maggi Légumes x18 - 180g","p":1.6,"u":"8,89 €/KG","img":"https://fd8-photos.leclercdrive.fr/image.ashx?id=2737039&use=l&cat=p&typeid=i","cat":288379},{"id":89959,"n":"Pelle et balayette","p":2.59,"img":"https://fd8-photos.leclercdrive.fr/image.ashx?id=1463745&use=l&cat=p&typeid=i","cat":284669},{"id":90021,"n":"Thon Le Mariné Petit Navire Emietté -Tomates séchées - 110g","p":2.11,"u":"19,18 €/KG","img":"https://fd8-photos.leclercdrive.fr/image.ashx?id=2682857&use=l&cat=p&typeid=i","cat":303867},{"id":90056,"n":"Quinotto Jardin Bio Bio légumes parmesan - 220g","p":2.42,"u":"11,00 €/KG","img":"https://fd8-photos.leclercdrive.fr/image.ashx?id=2535421&use=l&cat=p&typeid=i","cat":287600},{"id":90058,"n":"Ravioli Jardin Bio Bio chèvre ciboulette - 250g","p":2.37,"u":"9,48 €/KG","img":"https://fd8-photos.leclercdrive.fr/image.ashx?id=2534842&use=l&cat=p&typeid=i","cat":287600},{"id":90060,"n":"Thé vert Bio Ethiquable  Vietnam x20 - 36g","p":2.81,"u":"3,90 €/KG","img":"https://fd8-photos.leclercdrive.fr/image.ashx?id=2870845&use=l&cat=p&typeid=i","cat":293233},{"id":90072,"n":"Champagne Ruinart Blanc de Blanc - 75cl","p":91.71,"u":"122,28 €/L","img":"https://fd8-photos.leclercdrive.fr/image.ashx?id=3012457&use=l&cat=p&typeid=i","cat":284542},{"id":90090,"n":"Gnocchi à poêler Lustucru Extra Fromage 500g","p":2.91,"u":"5,82 €/KG","img":"https://fd8-photos.leclercdrive.fr/image.ashx?id=2786171&use=l&cat=p&typeid=i","cat":333682},{"id":90113,"n":"Petits suisses aux fruits bio Les 2 vaches - 12x50g","p":3.6,"u":"6,00 €/KG","img":"https://fd8-photos.leclercdrive.fr/image.ashx?id=2774103&use=l&cat=p&typeid=i","cat":284414},{"id":90120,"n":"Crème Saint Agur  155g","p":2.65,"u":"17,10 €/KG","img":"https://fd8-photos.leclercdrive.fr/image.ashx?id=2760014&use=l&cat=p&typeid=i","cat":314029},{"id":90121,"n":"Fromage Caprice des Anges  Frais et Fondant - 200g","p":3.2,"u":"16,00 €/KG","img":"https://fd8-photos.leclercdrive.fr/image.ashx?id=2734837&use=l&cat=p&typeid=i","cat":314029},{"id":90122,"n":"Camembert Coeur de Lion 250g","p":1.98,"u":"7,92 €/KG","img":"https://fd8-photos.leclercdrive.fr/image.ashx?id=3008185&use=l&cat=p&typeid=i","cat":314033},{"id":90182,"n":"Savon Bionaïa Lait d'anesse - 100g","p":1.72,"u":"17,20 €/KG","img":"https://fd8-photos.leclercdrive.fr/image.ashx?id=2491047&use=l&cat=p&typeid=i","cat":284597},{"id":90188,"n":"Cremio Box Sodebo Poulet à l'Emmental - 280g","p":2.25,"u":"8,04 €/KG","img":"https://fd8-photos.leclercdrive.fr/image.ashx?id=2679068&use=l&cat=p&typeid=i","cat":334983},{"id":90261,"n":"Protège Poelle Cuisy Lot de 2","p":1.9,"img":"https://fd8-photos.leclercdrive.fr/image.ashx?id=2735149&use=l&cat=p&typeid=i","cat":334135},{"id":90278,"n":"Set 3 casseroles Homeside 16-18-20cm +manche amovible","p":34.9,"img":"https://fd8-photos.leclercdrive.fr/image.ashx?id=1474505&use=l&cat=p&typeid=i","cat":298490},{"id":90279,"n":"Moule à tarte  Revêtement antiadhésif - 30cm","p":6.33,"img":"https://fd8-photos.leclercdrive.fr/image.ashx?id=2805996&use=l&cat=p&typeid=i","cat":298490},{"id":90280,"n":"Plaque à pâtisserie Homeside 38x28cm","p":7.9,"img":"https://fd8-photos.leclercdrive.fr/image.ashx?id=2833041&use=l&cat=p&typeid=i","cat":298490},{"id":90481,"n":"Eau infusée Bio Volvic  Hibiscus litchti passion - 75cl","p":1.45,"u":"1,93 €/L","img":"https://fd8-photos.leclercdrive.fr/image.ashx?id=2500437&use=l&cat=p&typeid=i","cat":284537},{"id":90497,"n":"Gobelets bas Ardence x3 - 27cl","p":2.59,"u":"0,86 €/P","img":"https://fd8-photos.leclercdrive.fr/image.ashx?id=1498411&use=l&cat=p&typeid=i","cat":334134},{"id":90547,"n":"Croquettes chat Purina One Chat Stérilisé Truite/Blé-1.5kg","p":7.41,"u":"4,94 €/KG","img":"https://fd8-photos.leclercdrive.fr/image.ashx?id=2488064&use=l&cat=p&typeid=i","cat":284680},{"id":90553,"n":"Sauce Tables du Monde Tikka Massala - 350g","p":1.75,"u":"5,00 €/KG","img":"https://fd8-photos.leclercdrive.fr/image.ashx?id=2556523&use=l&cat=p&typeid=i","cat":288992},{"id":90562,"n":"Yaourt bifidus Activia saveur framboise - 4x125g","p":1.7,"u":"3,40 €/KG","img":"https://fd8-photos.leclercdrive.fr/image.ashx?id=2886654&use=l&cat=p&typeid=i","cat":315000},{"id":90573,"n":"Poivre noir moulu 75g","p":4.13,"u":"55,07 €/KG","img":"https://fd8-photos.leclercdrive.fr/image.ashx?id=2944711&use=l&cat=p&typeid=i","cat":298297},{"id":90583,"n":"Cumin entier 65g","p":3.68,"u":"56,62 €/KG","img":"https://fd8-photos.leclercdrive.fr/image.ashx?id=2019576&use=l&cat=p&typeid=i","cat":298297},{"id":90584,"n":"Curry 75g","p":4.03,"u":"53,73 €/KG","img":"https://fd8-photos.leclercdrive.fr/image.ashx?id=2868669&use=l&cat=p&typeid=i","cat":298297},{"id":90585,"n":"Baies roses 35g","p":7.7,"u":"220,00 €/KG","img":"https://fd8-photos.leclercdrive.fr/image.ashx?id=2944696&use=l&cat=p&typeid=i","cat":284457},{"id":90586,"n":"Chili 65g","p":3.68,"u":"56,62 €/KG","img":"https://fd8-photos.leclercdrive.fr/image.ashx?id=1868803&use=l&cat=p&typeid=i","cat":298297},{"id":90587,"n":"Curcuma 75g","p":3.12,"u":"41,60 €/KG","img":"https://fd8-photos.leclercdrive.fr/image.ashx?id=2020077&use=l&cat=p&typeid=i","cat":298297},{"id":90588,"n":"Cannelle moulue 55g","p":3.24,"u":"58,91 €/KG","img":"https://fd8-photos.leclercdrive.fr/image.ashx?id=2020080&use=l&cat=p&typeid=i","cat":298297},{"id":90589,"n":"Ciboulette 8g","p":4.71,"u":"588,75 €/KG","img":"https://fd8-photos.leclercdrive.fr/image.ashx?id=2020083&use=l&cat=p&typeid=i","cat":298297},{"id":90590,"n":"Clous de girofle 50g","p":5.25,"u":"105,00 €/KG","img":"https://fd8-photos.leclercdrive.fr/image.ashx?id=2020089&use=l&cat=p&typeid=i","cat":298297},{"id":90592,"n":"Herbes de Provence 35g","p":2.98,"u":"85,14 €/KG","img":"https://fd8-photos.leclercdrive.fr/image.ashx?id=2019582&use=l&cat=p&typeid=i","cat":298297},{"id":90593,"n":"Persil 10g","p":3.8,"u":"380,00 €/KG","img":"https://fd8-photos.leclercdrive.fr/image.ashx?id=2019585&use=l&cat=p&typeid=i","cat":298297},{"id":90594,"n":"Gingembre 55g","p":3.69,"u":"67,09 €/KG","img":"https://fd8-photos.leclercdrive.fr/image.ashx?id=2019594&use=l&cat=p&typeid=i","cat":298297},{"id":90595,"n":"Piment d'espelette AOP 62g","p":13.42,"u":"216,45 €/KG","img":"https://fd8-photos.leclercdrive.fr/image.ashx?id=2868918&use=l&cat=p&typeid=i","cat":298297},{"id":90597,"n":"Thym 30g","p":2.4,"u":"80,00 €/KG","img":"https://fd8-photos.leclercdrive.fr/image.ashx?id=2019588&use=l&cat=p&typeid=i","cat":298297},{"id":90598,"n":"Cumin moulu 75g","p":4.58,"u":"61,07 €/KG","img":"https://fd8-photos.leclercdrive.fr/image.ashx?id=2020092&use=l&cat=p&typeid=i","cat":298297},{"id":90627,"n":"Tofu Céréal Bio Bio Nature - 250g","p":2.41,"u":"9,64 €/KG","img":"https://fd8-photos.leclercdrive.fr/image.ashx?id=2890145&use=l&cat=p&typeid=i","cat":316036},{"id":90632,"n":"Mozzarella Bio Bio Village AOP Di Bufalla - 125g","p":2.67,"u":"21,36 €/KG","img":"https://fd8-photos.leclercdrive.fr/image.ashx?id=2726712&use=l&cat=p&typeid=i","cat":314026},{"id":90633,"n":"Ricotta Bio Village Bio - 250g","p":1.79,"u":"7,16 €/KG","img":"https://fd8-photos.leclercdrive.fr/image.ashx?id=2185800&use=l&cat=p&typeid=i","cat":314026},{"id":90643,"n":"Thé vert Bio Clipper Mangue - 20 sachets - 35g","p":2.53,"u":"72,29 €/KG","img":"https://fd8-photos.leclercdrive.fr/image.ashx?id=2916420&use=l&cat=p&typeid=i","cat":293233},{"id":90644,"n":"Thé vert Bio Clipper Framboise menthe - 35g","p":2.49,"u":"71,14 €/KG","img":"https://fd8-photos.leclercdrive.fr/image.ashx?id=2908303&use=l&cat=p&typeid=i","cat":293233},{"id":90667,"n":"Céréales Chocapic Nestlé Bio - 375g","p":3.32,"u":"8,85 €/KG","img":"https://fd8-photos.leclercdrive.fr/image.ashx?id=2997262&use=l&cat=p&typeid=i","cat":309513},{"id":90673,"n":"Pâte à tartiner Alter Eco Bio Sans huile de palme - 270g","p":4.08,"u":"15,11 €/KG","img":"https://fd8-photos.leclercdrive.fr/image.ashx?id=2264195&use=l&cat=p&typeid=i","cat":284481},{"id":90676,"n":"Crème dessert Mont Blanc Boîte Vanille - 570g","p":2.33,"u":"4,09 €/KG","img":"https://fd8-photos.leclercdrive.fr/image.ashx?id=3008830&use=l&cat=p&typeid=i","cat":284506},{"id":90682,"n":"Génoise P'tit Déli Fraise - 150g","p":1.41,"u":"9,40 €/KG","img":"https://fd8-photos.leclercdrive.fr/image.ashx?id=2482505&use=l&cat=p&typeid=i","cat":284489},{"id":90689,"n":"Lotus Biscoff Speculoos Biscuit Pocket 248g (16x2p)","p":2.32,"u":"9,35 €/KG","img":"https://fd8-photos.leclercdrive.fr/image.ashx?id=2694986&use=l&cat=p&typeid=i","cat":284487},{"id":90725,"n":"Infusion bio Clipper Vanille et saveur fraise - 40g","p":2.63,"u":"65,75 €/KG","img":"https://fd8-photos.leclercdrive.fr/image.ashx?id=2906751&use=l&cat=p&typeid=i","cat":293234},{"id":90777,"n":"Crème visage La Provençale Bio Jouvence Anti-Âge - 50ml","p":7.68,"u":"153,60 €/L","img":"https://fd8-photos.leclercdrive.fr/image.ashx?id=2950357&use=l&cat=p&typeid=i","cat":325345},{"id":90798,"n":"Velouté Bio Liebig Légumes du soleil - 1L","p":3.49,"u":"3,49 €/L","img":"https://fd8-photos.leclercdrive.fr/image.ashx?id=2643689&use=l&cat=p&typeid=i","cat":284462},{"id":90822,"n":"Soupe liquide Knorr Légumes du potager - 45cl","p":2.29,"u":"5,09 €/L","img":"https://fd8-photos.leclercdrive.fr/image.ashx?id=2324357&use=l&cat=p&typeid=i","cat":284462},{"id":90843,"n":"Café moulu Grand Mère Familial - 4x250g","p":13.97,"u":"13,97 €/KG","img":"https://fd8-photos.leclercdrive.fr/image.ashx?id=1755049&use=l&cat=p&typeid=i","cat":284750},{"id":90847,"n":"Dosettes café Senseo Grand Mère Corsé x54","p":5.35,"u":"15,03 €/KG","img":"https://fd8-photos.leclercdrive.fr/image.ashx?id=2745817&use=l&cat=p&typeid=i","cat":293238},{"id":90892,"n":"Whisky Jack Daniel's Rye 70cL","p":24.1,"u":"34,43 €/L","img":"https://fd8-photos.leclercdrive.fr/image.ashx?id=2525432&use=l&cat=p&typeid=i","cat":284547},{"id":90905,"n":"Emmental 32% MG Bio Bio village - 250g","p":2.99,"u":"11,96 €/KG","img":"https://fd8-photos.leclercdrive.fr/image.ashx?id=2425351&use=l&cat=p&typeid=i","cat":314034},{"id":90993,"n":"Soda Pepsi Regular - 2L","p":1.58,"u":"0,79 €/L","img":"https://fd8-photos.leclercdrive.fr/image.ashx?id=1583915&use=l&cat=p&typeid=i","cat":284530},{"id":91025,"n":"Pur Jus Bio Village Bio Grenade - 1L","p":4.87,"u":"4,87 €/L","img":"https://fd8-photos.leclercdrive.fr/image.ashx?id=2901545&use=l&cat=p&typeid=i","cat":284916},{"id":91027,"n":"Chips Tortilla Old El Paso Nachips maxi format - 300g","p":3.59,"u":"11,97 €/KG","img":"https://fd8-photos.leclercdrive.fr/image.ashx?id=2737696&use=l&cat=p&typeid=i","cat":288993},{"id":91177,"n":"Démaquillant Yeux biphase Nivea Sensibles Waterproof - 125ml","p":2.66,"u":"21,28 €/L","img":"https://fd8-photos.leclercdrive.fr/image.ashx?id=2953944&use=l&cat=p&typeid=i","cat":284603},{"id":91221,"n":"Pâtes Fusili Panzani Créatives - 500G","p":1.2,"u":"2,40 €/KG","img":"https://fd8-photos.leclercdrive.fr/image.ashx?id=2902942&use=l&cat=p&typeid=i","cat":284427},{"id":91231,"n":"Thé vert Twinings Framboise Passion x20 - 32g","p":2.76,"u":"86,25 €/KG","img":"https://fd8-photos.leclercdrive.fr/image.ashx?id=2893030&use=l&cat=p&typeid=i","cat":293233},{"id":91482,"n":"Riz Comptoir du Grain Champignons 2 min - 250g","p":1.22,"u":"4,88 €/KG","img":"https://fd8-photos.leclercdrive.fr/image.ashx?id=2856561&use=l&cat=p&typeid=i","cat":287600},{"id":91485,"n":"Riz long Comptoir du Grain Express 2 min - 250g","p":0.99,"u":"3,96 €/KG","img":"https://fd8-photos.leclercdrive.fr/image.ashx?id=2441393&use=l&cat=p&typeid=i","cat":287600},{"id":91487,"n":"Bière Brewdog Elvis Juice  33cl","p":2.35,"u":"7,12 €/L","img":"https://fd8-photos.leclercdrive.fr/image.ashx?id=2941871&use=l&cat=p&typeid=i","cat":334872},{"id":91553,"n":"Quinoa Céréal Bio  Bio repas express 220g","p":2.09,"u":"9,50 €/KG","img":"https://fd8-photos.leclercdrive.fr/image.ashx?id=2575081&use=l&cat=p&typeid=i","cat":287600},{"id":91554,"n":"Blé Riz quinoa Céréal Bio  Bio repas express 220g","p":1.99,"u":"9,05 €/KG","img":"https://fd8-photos.leclercdrive.fr/image.ashx?id=2662844&use=l&cat=p&typeid=i","cat":287600},{"id":91557,"n":"Lentilles Riz Soja Céréal Bio Bio repas express-250g","p":1.95,"u":"7,80 €/KG","img":"https://fd8-photos.leclercdrive.fr/image.ashx?id=2575084&use=l&cat=p&typeid=i","cat":287600},{"id":91570,"n":"Lait demi écrémé Justement Bon Lait de montagne Pack de 6 x 1L","p":6.95,"u":"1,16 €/L","img":"https://fd8-photos.leclercdrive.fr/image.ashx?id=1581915&use=l&cat=p&typeid=i","cat":284377},{"id":91585,"n":"Bicarbonate de soude Briochin Ecocert - 500g","p":3.7,"u":"7,40 €/KG","img":"https://fd8-photos.leclercdrive.fr/image.ashx?id=3000749&use=l&cat=p&typeid=i","cat":325365},{"id":91603,"n":"Gel pur So Bio Etic Aloe Vera bio - 125ml","p":7.75,"u":"62,00 €/L","img":"https://fd8-photos.leclercdrive.fr/image.ashx?id=2802497&use=l&cat=p&typeid=i","cat":325345},{"id":91605,"n":"Soin nutritif So Bio Etic Aloe Vera bio - 50ml","p":7.95,"u":"159,00 €/L","img":"https://fd8-photos.leclercdrive.fr/image.ashx?id=2992128&use=l&cat=p&typeid=i","cat":325345},{"id":91647,"n":"Caviar Baeri Prince Soukhanoff Boîte de 10g","p":8.26,"u":"826,00 €/KG","img":"https://fd8-photos.leclercdrive.fr/image.ashx?id=2095896&use=l&cat=p&typeid=i","cat":285191},{"id":91776,"n":"Crème UHT Elle&Vire Semi-Ep. Entière - 30% MG - 3x20cl","p":4.11,"u":"6,85 €/L","img":"https://fd8-photos.leclercdrive.fr/image.ashx?id=2979866&use=l&cat=p&typeid=i","cat":284381},{"id":91805,"n":"petit suisse aux fruits danonino - 18x50g","p":3.55,"u":"3,94 €/KG","img":"https://fd8-photos.leclercdrive.fr/image.ashx?id=3003137&use=l&cat=p&typeid=i","cat":284414},{"id":91807,"n":"petit suisse aux fruits danonino - 12x50g","p":2.4,"u":"4,00 €/KG","img":"https://fd8-photos.leclercdrive.fr/image.ashx?id=3003140&use=l&cat=p&typeid=i","cat":284414},{"id":91809,"n":"Yaourts bio - Les 300&Bio Mûre Myrtille - 4x125g","p":1.86,"u":"3,72 €/KG","img":"https://fd8-photos.leclercdrive.fr/image.ashx?id=2845452&use=l&cat=p&typeid=i","cat":284410},{"id":91810,"n":"Fromage blanc nature Les 300 Laitiers Bio - 4x100g","p":1.81,"u":"4,53 €/KG","img":"https://fd8-photos.leclercdrive.fr/image.ashx?id=2502323&use=l&cat=p&typeid=i","cat":284409},{"id":91813,"n":"Panés tomate mozza Végé - 2x90g","p":1.88,"u":"10,44 €/KG","img":"https://fd8-photos.leclercdrive.fr/image.ashx?id=2865275&use=l&cat=p&typeid=i","cat":316036},{"id":91814,"n":"Pommes bicolores bio Bio Village Barquette x4","p":1.99,"u":"0,50 €/P","img":"https://fd8-photos.leclercdrive.fr/image.ashx?id=2556538&use=l&cat=p&typeid=i","cat":284356},{"id":92027,"n":"Tablette chocolat au lait Lindt Caramel Pointe de sel - 100g","p":2.41,"u":"24,10 €/KG","img":"https://fd8-photos.leclercdrive.fr/image.ashx?id=2750384&use=l&cat=p&typeid=i","cat":284497},{"id":92073,"n":"Légumes pour Wok Bio Village Bio - 600g","p":2.99,"u":"4,98 €/KG","img":"https://fd8-photos.leclercdrive.fr/image.ashx?id=2898071&use=l&cat=p&typeid=i","cat":319823},{"id":92187,"n":"Mélange de biscuits Fortwenger  Pains D'épices -  250g","p":2.77,"u":"11,08 €/KG","img":"https://fd8-photos.leclercdrive.fr/image.ashx?id=1558477&use=l&cat=p&typeid=i","cat":284490},{"id":92188,"n":"Etoiles à la cannelle  Fortwenger - 200g","p":5.35,"u":"26,75 €/KG","img":"https://fd8-photos.leclercdrive.fr/image.ashx?id=1557181&use=l&cat=p&typeid=i","cat":284487},{"id":92207,"n":"Stollen au beurre et fruits  Fortwenger - 500g","p":5.81,"u":"11,62 €/KG","img":"https://fd8-photos.leclercdrive.fr/image.ashx?id=2537989&use=l&cat=p&typeid=i","cat":284478},{"id":92210,"n":"Bouchées de Stollen Fortwenger A la pate d'amandes - 350g","p":5.55,"u":"15,86 €/KG","img":"https://fd8-photos.leclercdrive.fr/image.ashx?id=1558069&use=l&cat=p&typeid=i","cat":284490},{"id":92267,"n":"Soupe instantanée Royco  Indienne - 3x200ml","p":1.64,"u":"2,73 €/L","img":"https://fd8-photos.leclercdrive.fr/image.ashx?id=2650988&use=l&cat=p&typeid=i","cat":293527},{"id":92342,"n":"AOP Bordeaux vin blanc Mouton Cadet - 75cl","p":5.67,"u":"7,56 €/L","img":"https://fd8-photos.leclercdrive.fr/image.ashx?id=2845985&use=l&cat=p&typeid=i","cat":289557},{"id":92351,"n":"Crème mains Inell Réparatrice - 100ml","p":1.45,"u":"14,50 €/L","img":"https://fd8-photos.leclercdrive.fr/image.ashx?id=2822135&use=l&cat=p&typeid=i","cat":325354},{"id":92356,"n":"Serviettes Hygieniques Vania  Maxi confort super - x16","p":1.78,"u":"0,11 €/P","img":"https://fd8-photos.leclercdrive.fr/image.ashx?id=2908168&use=l&cat=p&typeid=i","cat":284624},{"id":92436,"n":"Noix de Saint-Jacques ASC Ronde des Mers - 300g","p":8.7,"u":"29,00 €/KG","img":"https://fd8-photos.leclercdrive.fr/image.ashx?id=2835032&use=l&cat=p&typeid=i","cat":319787},{"id":92452,"n":"Tomates cerises bio Bio Village 250g","p":1.59,"u":"6,36 €/KG","img":"https://fd8-photos.leclercdrive.fr/image.ashx?id=2960544&use=l&cat=p&typeid=i","cat":284352},{"id":92454,"n":"Mini bûche Eskiss Fruits rouge x6 - 328g","p":2.29,"u":"6,98 €/KG","img":"https://fd8-photos.leclercdrive.fr/image.ashx?id=2459159&use=l&cat=p&typeid=i","cat":284266},{"id":92485,"n":"Thé English Breakfast Tetley 25 sachets - 50g","p":1.36,"u":"27,20 €/KG","img":"https://fd8-photos.leclercdrive.fr/image.ashx?id=2312260&use=l&cat=p&typeid=i","cat":293233},{"id":92514,"n":"Colin Alaska Meunière Findus MSC - 250g","p":3.45,"u":"13,80 €/KG","img":"https://fd8-photos.leclercdrive.fr/image.ashx?id=2653747&use=l&cat=p&typeid=i","cat":319788},{"id":92516,"n":"Poélée Légume Wok Notre Jardin Inde - 1kg","p":3.99,"u":"3,99 €/KG","img":"https://fd8-photos.leclercdrive.fr/image.ashx?id=2803957&use=l&cat=p&typeid=i","cat":319823},{"id":92529,"n":"Échalotes traditionnelles bio  Bio Village - 250g","p":1.99,"u":"7,96 €/KG","img":"https://fd8-photos.leclercdrive.fr/image.ashx?id=2922454&use=l&cat=p&typeid=i","cat":284352},{"id":92530,"n":"Cidre fermier Doux NRT IGP  De Bretagne - 3%vol - 75cl","p":3.34,"u":"4,45 €/L","img":"https://fd8-photos.leclercdrive.fr/image.ashx?id=2791117&use=l&cat=p&typeid=i","cat":334880},{"id":92532,"n":"Céréales Quaker Cruesli Chocolat - 900g","p":5.24,"u":"5,82 €/KG","img":"https://fd8-photos.leclercdrive.fr/image.ashx?id=2212153&use=l&cat=p&typeid=i","cat":309512},{"id":92533,"n":"Céréales Quaker Cruesli Chocolat au lait - 450g","p":2.9,"u":"6,44 €/KG","img":"https://fd8-photos.leclercdrive.fr/image.ashx?id=2212156&use=l&cat=p&typeid=i","cat":309512},{"id":92595,"n":"Boisson gazeuse Fever Tree Ginger Beer - 4x20cl","p":4.62,"u":"5,78 €/L","img":"https://fd8-photos.leclercdrive.fr/image.ashx?id=2380667&use=l&cat=p&typeid=i","cat":284531},{"id":92693,"n":"Gel douche Mixa Bébé  Très Doux Corps Cheveux - 750ml","p":6.64,"u":"8,85 €/L","img":"https://fd8-photos.leclercdrive.fr/image.ashx?id=2316210&use=l&cat=p&typeid=i","cat":284740},{"id":92702,"n":"Tomate ronde grappe Bio Village Bio - 500g","p":2.49,"u":"4,98 €/KG","img":"https://fd8-photos.leclercdrive.fr/image.ashx?id=2551996&use=l&cat=p&typeid=i","cat":284352},{"id":92710,"n":"Ruban correcteur Tipp-Ex Mini pocket - 5mmx6m","p":2.99,"img":"https://fd8-photos.leclercdrive.fr/image.ashx?id=2174868&use=l&cat=p&typeid=i","cat":334133},{"id":92711,"n":"Crayon à papier Bic Graphite Evolution","p":0.73,"img":"https://fd8-photos.leclercdrive.fr/image.ashx?id=1762173&use=l&cat=p&typeid=i","cat":284696},{"id":92761,"n":"Sacs poubelle 10L Eco+ Salle de bain - x30","p":1.08,"u":"0,04 €/P","img":"https://fd8-photos.leclercdrive.fr/image.ashx?id=2755052&use=l&cat=p&typeid=i","cat":285168},{"id":92780,"n":"Bière blonde Heineken 6x25cl","p":4.36,"u":"2,91 €/L","img":"https://fd8-photos.leclercdrive.fr/image.ashx?id=3011077&use=l&cat=p&typeid=i","cat":334873},{"id":92782,"n":"Thé glacé Fuze Tea Saveur pêche - 1.25L","p":1.55,"u":"1,24 €/L","img":"https://fd8-photos.leclercdrive.fr/image.ashx?id=2940390&use=l&cat=p&typeid=i","cat":295019},{"id":92791,"n":"Financiers Astruc Au beurre frais - 180g","p":3.99,"u":"22,17 €/KG","img":"https://fd8-photos.leclercdrive.fr/image.ashx?id=2125104&use=l&cat=p&typeid=i","cat":284487},{"id":92818,"n":"Tablette lave-vaisselle Rainett Tout en 1 Bicarbonate x30 -600g","p":4.96,"u":"8,27 €/KG","img":"https://fd8-photos.leclercdrive.fr/image.ashx?id=2506477&use=l&cat=p&typeid=i","cat":284656},{"id":92834,"n":"Chips extra Vico 6x30g","p":1.96,"u":"10,89 €/KG","img":"https://fd8-photos.leclercdrive.fr/image.ashx?id=2917816&use=l&cat=p&typeid=i","cat":284447},{"id":92835,"n":"Tuiles Chaque jour sans gluten Goût crème oignon - 170g","p":2.17,"u":"12,76 €/KG","img":"https://fd8-photos.leclercdrive.fr/image.ashx?id=2463407&use=l&cat=p&typeid=i","cat":318654},{"id":92837,"n":"Tuiles Chaque jour sans gluten Goût salé - 170g","p":2.12,"u":"12,47 €/KG","img":"https://fd8-photos.leclercdrive.fr/image.ashx?id=2463410&use=l&cat=p&typeid=i","cat":318654},{"id":92840,"n":"Vinaigre balsamique Rustica Blanc - 25cl","p":1.99,"u":"7,96 €/L","img":"https://fd8-photos.leclercdrive.fr/image.ashx?id=2603590&use=l&cat=p&typeid=i","cat":298543},{"id":92841,"n":"Huile de tournesol Rustica 50cl","p":1.39,"u":"2,78 €/L","img":"https://fd8-photos.leclercdrive.fr/image.ashx?id=2900349&use=l&cat=p&typeid=i","cat":284453},{"id":92842,"n":"Mélange 4 huiles Rustica Végétales - 50cl","p":1.79,"u":"3,58 €/L","img":"https://fd8-photos.leclercdrive.fr/image.ashx?id=2508885&use=l&cat=p&typeid=i","cat":284453},{"id":93022,"n":"Bière blonde Heineken 20x25cl","p":12.55,"u":"2,51 €/L","img":"https://fd8-photos.leclercdrive.fr/image.ashx?id=3011074&use=l&cat=p&typeid=i","cat":334873},{"id":93023,"n":"Bière blonde Heineken 12x25cl","p":7.51,"u":"2,50 €/L","img":"https://fd8-photos.leclercdrive.fr/image.ashx?id=3011080&use=l&cat=p&typeid=i","cat":334873},{"id":93029,"n":"Poireau bio Bio Village 750g","p":3.79,"u":"5,05 €/KG","img":"https://fd8-photos.leclercdrive.fr/image.ashx?id=2322956&use=l&cat=p&typeid=i","cat":284352},{"id":93030,"n":"Concombre Bio Bio Village x1","p":1.99,"img":"https://fd8-photos.leclercdrive.fr/image.ashx?id=2334257&use=l&cat=p&typeid=i","cat":284352},{"id":93033,"n":"Saucisson Fuet César Moroni  170g","p":3.24,"u":"19,06 €/KG","img":"https://fd8-photos.leclercdrive.fr/image.ashx?id=2916138&use=l&cat=p&typeid=i","cat":316006},{"id":93036,"n":"Rosette tranchée Cochonou  10 tranches - 93g","p":1.78,"u":"19,14 €/KG","img":"https://fd8-photos.leclercdrive.fr/image.ashx?id=2924107&use=l&cat=p&typeid=i","cat":316007},{"id":93037,"n":"Saucisson sec Tranché Cochonou 30 tranches - 93g","p":1.65,"u":"17,74 €/KG","img":"https://fd8-photos.leclercdrive.fr/image.ashx?id=2924104&use=l&cat=p&typeid=i","cat":316007},{"id":93041,"n":"Fromage Caprice Des Dieux 300g","p":3.59,"u":"11,97 €/KG","img":"https://fd8-photos.leclercdrive.fr/image.ashx?id=2763178&use=l&cat=p&typeid=i","cat":314033},{"id":93043,"n":"Crème dessert Bio village Bio - 4x95g  - Vanille","p":1.28,"u":"3,37 €/KG","img":"https://fd8-photos.leclercdrive.fr/image.ashx?id=2992648&use=l&cat=p&typeid=i","cat":285041},{"id":93050,"n":"Poivron Bicolore bio Bio Village x2","p":2.79,"u":"1,40 €/P","img":"https://fd8-photos.leclercdrive.fr/image.ashx?id=2960541&use=l&cat=p&typeid=i","cat":284352},{"id":93070,"n":"Crème dessert Bio Bio village Chocolat - 4x95g","p":1.28,"u":"3,37 €/KG","img":"https://fd8-photos.leclercdrive.fr/image.ashx?id=2992645&use=l&cat=p&typeid=i","cat":285041},{"id":93071,"n":"Champignons de Paris blancs Bio Bio Village - 200g","p":2.39,"u":"11,95 €/KG","img":"https://fd8-photos.leclercdrive.fr/image.ashx?id=2960550&use=l&cat=p&typeid=i","cat":284352},{"id":93089,"n":"Cidre fermier Brut NRT IGP  De Bretagne - 3%vol - 75cl","p":3.34,"u":"4,45 €/L","img":"https://fd8-photos.leclercdrive.fr/image.ashx?id=2791114&use=l&cat=p&typeid=i","cat":334880},{"id":93091,"n":"Bûche glacée Eskiss Vanille Caramel Pécan - 534g","p":4.41,"u":"8,26 €/KG","img":"https://fd8-photos.leclercdrive.fr/image.ashx?id=2791329&use=l&cat=p&typeid=i","cat":284266},{"id":93097,"n":"Plateau pour Raclette NRT IGP  800g","p":15.5,"u":"19,38 €/KG","img":"https://fd8-photos.leclercdrive.fr/image.ashx?id=1961985&use=l&cat=p&typeid=i","cat":314037},{"id":93105,"n":"Skyr danone  nature 0%mg - 2x140g","p":2.15,"u":"7,68 €/KG","img":"https://fd8-photos.leclercdrive.fr/image.ashx?id=2810606&use=l&cat=p&typeid=i","cat":284409},{"id":93108,"n":"Bière Desperados Pack de 12x33cl","p":14.45,"u":"3,65 €/L","img":"https://fd8-photos.leclercdrive.fr/image.ashx?id=2983123&use=l&cat=p&typeid=i","cat":334878},{"id":93109,"n":"Bière Desperados Pack de 6x33cl","p":7.17,"u":"3,62 €/L","img":"https://fd8-photos.leclercdrive.fr/image.ashx?id=2999865&use=l&cat=p&typeid=i","cat":334878},{"id":93110,"n":"Epinards hachés à la crème Bio Bio Village - 600g","p":2.1,"u":"3,50 €/KG","img":"https://fd8-photos.leclercdrive.fr/image.ashx?id=2898077&use=l&cat=p&typeid=i","cat":319805},{"id":93111,"n":"Camembert Le Rustique  250g","p":2.33,"u":"9,32 €/KG","img":"https://fd8-photos.leclercdrive.fr/image.ashx?id=2979722&use=l&cat=p&typeid=i","cat":314033},{"id":93112,"n":"Coulommiers Cœur de Lion  350g","p":2.68,"u":"7,66 €/KG","img":"https://fd8-photos.leclercdrive.fr/image.ashx?id=2766286&use=l&cat=p&typeid=i","cat":314033},{"id":93121,"n":"Escalope Cordon Bleu Père Dodu  Dinde x4 - 400g - Familial","p":5.15,"u":"12,88 €/KG","img":"https://fd8-photos.leclercdrive.fr/image.ashx?id=2957206&use=l&cat=p&typeid=i","cat":333683},{"id":93169,"n":"Jus ananas Caraïbos 75cl","p":2.14,"u":"2,85 €/L","img":"https://fd8-photos.leclercdrive.fr/image.ashx?id=3011287&use=l&cat=p&typeid=i","cat":284915},{"id":93181,"n":"Pains Façon Bretzel x6 - 270g","p":2.17,"u":"8,04 €/KG","img":"https://fd8-photos.leclercdrive.fr/image.ashx?id=2867401&use=l&cat=p&typeid=i","cat":325069},{"id":93203,"n":"Lessive concentrée Epsil Pure fraîcheur x28 - 980ml","p":3.29,"u":"3,36 €/L","img":"https://fd8-photos.leclercdrive.fr/image.ashx?id=2450047&use=l&cat=p&typeid=i","cat":284640},{"id":93210,"n":"Suprêmes soufflés Saint-Jean Nature x4 - 480g","p":3.43,"u":"7,15 €/KG","img":"https://fd8-photos.leclercdrive.fr/image.ashx?id=2446719&use=l&cat=p&typeid=i","cat":333682},{"id":93211,"n":"Suprêmes soufflés brochet x4 - 480g","p":3.87,"u":"8,06 €/KG","img":"https://fd8-photos.leclercdrive.fr/image.ashx?id=2446722&use=l&cat=p&typeid=i","cat":333682},{"id":93212,"n":"Suprêmes soufflés  Emmental de Savoie - 4x120g","p":4.44,"u":"9,25 €/KG","img":"https://fd8-photos.leclercdrive.fr/image.ashx?id=2605565&use=l&cat=p&typeid=i","cat":333682},{"id":93220,"n":"Boisson gazeuse Fever Tree Tonic Water - 4x20cl","p":4.55,"u":"5,69 €/L","img":"https://fd8-photos.leclercdrive.fr/image.ashx?id=1644067&use=l&cat=p&typeid=i","cat":284531},{"id":93243,"n":"Dissolvant Inell Semi-permanent - 150ml","p":1.42,"u":"9,47 €/L","img":"https://fd8-photos.leclercdrive.fr/image.ashx?id=2691682&use=l&cat=p&typeid=i","cat":325347},{"id":93244,"n":"Sauce bolognaise Panzani 425g","p":1.9,"u":"4,47 €/KG","img":"https://fd8-photos.leclercdrive.fr/image.ashx?id=2989096&use=l&cat=p&typeid=i","cat":287599},{"id":93305,"n":"Arrangé Isautier Gingembre Citron 40° - 50cl","p":14.95,"u":"29,90 €/L","img":"https://fd8-photos.leclercdrive.fr/image.ashx?id=2322193&use=l&cat=p&typeid=i","cat":284551},{"id":93314,"n":"Sirop Monin Cocktail caramel - 33cl","p":2.72,"u":"8,24 €/L","img":"https://fd8-photos.leclercdrive.fr/image.ashx?id=2301319&use=l&cat=p&typeid=i","cat":295020},{"id":93318,"n":"Vin de France Pinot Noir Bouchard Ainé et Fils - 75cl","p":6.64,"u":"8,85 €/L","img":"https://fd8-photos.leclercdrive.fr/image.ashx?id=2916105&use=l&cat=p&typeid=i","cat":289556},{"id":93348,"n":"Assortiment 26%mg Les croisés 3 Variétés ss croûte - 700g","p":9.74,"u":"13,91 €/KG","img":"https://fd8-photos.leclercdrive.fr/image.ashx?id=1511578&use=l&cat=p&typeid=i","cat":314037},{"id":93398,"n":"Plat bébé Blédina 12 mois  Butternut dinde - 2x200g","p":2.64,"u":"6,60 €/KG","img":"https://fd8-photos.leclercdrive.fr/image.ashx?id=2975086&use=l&cat=p&typeid=i","cat":312237},{"id":93401,"n":"Bière blonde pression Heineken Fût de 5L","p":17.87,"u":"3,57 €/L","img":"https://fd8-photos.leclercdrive.fr/image.ashx?id=2646194&use=l&cat=p&typeid=i","cat":334879},{"id":93506,"n":"Pain aux noix non tranché   320GR","p":2.1,"u":"6,56 €/KG","img":"https://fd8-photos.leclercdrive.fr/image.ashx?id=2062603&use=l&cat=p&typeid=i","cat":284359},{"id":93514,"n":"Frites de poulet Maître Coq 1 kg","p":5.8,"u":"5,80 €/KG","img":"https://fd8-photos.leclercdrive.fr/image.ashx?id=2939478&use=l&cat=p&typeid=i","cat":319780},{"id":93600,"n":"Dessert végétal soja Alpro Nature à la coco - 500g","p":1.82,"u":"3,64 €/KG","img":"https://fd8-photos.leclercdrive.fr/image.ashx?id=2976080&use=l&cat=p&typeid=i","cat":316071},{"id":93624,"n":"Papier toilette Mimosa Blanc 3 plis - x12","p":4.61,"u":"0,38 €/P","img":"https://fd8-photos.leclercdrive.fr/image.ashx?id=2777863&use=l&cat=p&typeid=i","cat":284634},{"id":93625,"n":"Papier toilette Mimosa Rose 3 plis - x12","p":4.69,"u":"0,39 €/P","img":"https://fd8-photos.leclercdrive.fr/image.ashx?id=2778758&use=l&cat=p&typeid=i","cat":284634},{"id":93636,"n":"Fromage RichesMonts Raclette  Caractère 18 Tranches - 420g","p":6.76,"u":"16,10 €/KG","img":"https://fd8-photos.leclercdrive.fr/image.ashx?id=2953812&use=l&cat=p&typeid=i","cat":314037},{"id":93685,"n":"Noix St Jacques Ronde des mers Sans Corail - MSC - 300g","p":14.99,"u":"49,97 €/KG","img":"https://fd8-photos.leclercdrive.fr/image.ashx?id=2545930&use=l&cat=p&typeid=i","cat":319787},{"id":93689,"n":"Noix St Jacques Ronde des mers Sans Corail - MSC - 300g","p":23.37,"u":"77,90 €/KG","img":"https://fd8-photos.leclercdrive.fr/image.ashx?id=2632885&use=l&cat=p&typeid=i","cat":319787},{"id":93690,"n":"Nems à la Crevette et Crabe Tables du Monde x4 - 280g","p":2.04,"u":"7,29 €/KG","img":"https://fd8-photos.leclercdrive.fr/image.ashx?id=1861278&use=l&cat=p&typeid=i","cat":333673},{"id":93697,"n":"Homard Ronde des mers MSC - Cuit sous vide - 325g","p":9.89,"u":"30,43 €/KG","img":"https://fd8-photos.leclercdrive.fr/image.ashx?id=2861425&use=l&cat=p&typeid=i","cat":319787},{"id":93700,"n":"Tablette chocolat Côte d'Or Chocolat lait praliné - 200g","p":3.81,"u":"19,05 €/KG","img":"https://fd8-photos.leclercdrive.fr/image.ashx?id=2850222&use=l&cat=p&typeid=i","cat":284497},{"id":93705,"n":"Pulpe de tomates Sacla Bio - 680g","p":2.64,"u":"3,88 €/KG","img":"https://fd8-photos.leclercdrive.fr/image.ashx?id=2507089&use=l&cat=p&typeid=i","cat":288384},{"id":93727,"n":"Liquide de rinçage Rainett Pour Lave-vaisselle - 750ml","p":3.32,"u":"4,43 €/L","img":"https://fd8-photos.leclercdrive.fr/image.ashx?id=2338510&use=l&cat=p&typeid=i","cat":284657},{"id":93728,"n":"Clémentine à déguster bio Bio Village Sachet 750g","p":2.99,"u":"3,99 €/KG","img":"https://fd8-photos.leclercdrive.fr/image.ashx?id=2801058&use=l&cat=p&typeid=i","cat":284356},{"id":93742,"n":"Joker Bio Multifruits 1L","p":2.72,"u":"2,72 €/L","img":"https://fd8-photos.leclercdrive.fr/image.ashx?id=3001293&use=l&cat=p&typeid=i","cat":284917},{"id":93745,"n":"Joker Bio Orange sans pulpe 1L","p":2.88,"u":"2,88 €/L","img":"https://fd8-photos.leclercdrive.fr/image.ashx?id=3008146&use=l&cat=p&typeid=i","cat":284521},{"id":93750,"n":"Ratatouille Cuisinée Cassegrain à la Provençale 380g","p":2.82,"u":"7,42 €/KG","img":"https://fd8-photos.leclercdrive.fr/image.ashx?id=2970831&use=l&cat=p&typeid=i","cat":312612},{"id":93774,"n":"Shampooing lustrant TECH9 500ml","p":2.99,"u":"5,98 €/L","img":"https://fd8-photos.leclercdrive.fr/image.ashx?id=2162453&use=l&cat=p&typeid=i","cat":298252},{"id":93776,"n":"Sauce tomate bio Jardin Bio Provençale - 510g","p":3.37,"u":"6,61 €/KG","img":"https://fd8-photos.leclercdrive.fr/image.ashx?id=2977435&use=l&cat=p&typeid=i","cat":287599},{"id":93788,"n":"Escalope Cordon Bleu Père Dodu  Poulet x2 - 200g","p":2.2,"u":"11,00 €/KG","img":"https://fd8-photos.leclercdrive.fr/image.ashx?id=2957170&use=l&cat=p&typeid=i","cat":333683},{"id":93790,"n":"Sauce tomate bio Jardin Bio Basilic - 510g","p":3.36,"u":"6,59 €/KG","img":"https://fd8-photos.leclercdrive.fr/image.ashx?id=2918832&use=l&cat=p&typeid=i","cat":287599},{"id":93810,"n":"Shampooing 3 en 1 TECH9 500ml","p":5.45,"u":"10,90 €/L","img":"https://fd8-photos.leclercdrive.fr/image.ashx?id=2162456&use=l&cat=p&typeid=i","cat":298252},{"id":93814,"n":"Nettoyant Plastique TECH9 Brillant Senteur Vanille -400ml","p":3.99,"u":"9,98 €/L","img":"https://fd8-photos.leclercdrive.fr/image.ashx?id=2162435&use=l&cat=p&typeid=i","cat":298252},{"id":93817,"n":"Muesli croustillant 7 fruits  bio Terres et Céréales-1kg","p":6.21,"u":"6,21 €/KG","img":"https://fd8-photos.leclercdrive.fr/image.ashx?id=2802449&use=l&cat=p&typeid=i","cat":309512},{"id":93820,"n":"Nettoyant TECH9 Insectes et fientes - 500ml","p":5.49,"u":"10,98 €/L","img":"https://fd8-photos.leclercdrive.fr/image.ashx?id=2162477&use=l&cat=p&typeid=i","cat":298252},{"id":93824,"n":"Brillant pneus TECH9 400ml","p":6.99,"u":"17,48 €/L","img":"https://fd8-photos.leclercdrive.fr/image.ashx?id=2162480&use=l&cat=p&typeid=i","cat":298252},{"id":93842,"n":"Coton rectangle bébé Eco+ x200","p":3.99,"u":"0,02 €/P","img":"https://fd8-photos.leclercdrive.fr/image.ashx?id=2869760&use=l&cat=p&typeid=i","cat":284739},{"id":93851,"n":"Petit Pois Tendres et Fondants Cassegrain 280g","p":1.82,"u":"6,50 €/KG","img":"https://fd8-photos.leclercdrive.fr/image.ashx?id=2955318&use=l&cat=p&typeid=i","cat":312607},{"id":93854,"n":"Aubergines Cuisinées Cassegrain à la Provençale 375g","p":3.01,"u":"8,03 €/KG","img":"https://fd8-photos.leclercdrive.fr/image.ashx?id=2962086&use=l&cat=p&typeid=i","cat":312612},{"id":93857,"n":"Répare crevaison TECH9 500ml","p":6.9,"u":"13,80 €/L","img":"https://fd8-photos.leclercdrive.fr/image.ashx?id=2162489&use=l&cat=p&typeid=i","cat":298252},{"id":93860,"n":"Viande hachée bio- Bio Village  15%mg - 400g","p":8.15,"u":"20,38 €/KG","img":"https://fd8-photos.leclercdrive.fr/image.ashx?id=2946478&use=l&cat=p&typeid=i","cat":319779},{"id":93936,"n":"Filets de poulet Eco+ Blanc - 1kg","p":9.49,"u":"9,49 €/KG","img":"https://fd8-photos.leclercdrive.fr/image.ashx?id=1514650&use=l&cat=p&typeid=i","cat":284336},{"id":94052,"n":"Haricot Vert Cassegrain Extra Fin Ceuillis main 220g","p":2.06,"u":"9,36 €/KG","img":"https://fd8-photos.leclercdrive.fr/image.ashx?id=2955321&use=l&cat=p&typeid=i","cat":312606},{"id":94157,"n":"Madeleine moelleuse St-Michel 800g","p":3.9,"u":"4,88 €/KG","img":"https://fd8-photos.leclercdrive.fr/image.ashx?id=2936230&use=l&cat=p&typeid=i","cat":284492},{"id":94164,"n":"Fromage Crèmeux Saint Albray  200g","p":2.87,"u":"14,35 €/KG","img":"https://fd8-photos.leclercdrive.fr/image.ashx?id=2731825&use=l&cat=p&typeid=i","cat":329558},{"id":94189,"n":"Sachet chat sénior Perfect Fit dinde poisson sauce - 4x85g","p":3.09,"u":"9,09 €/KG","img":"https://fd8-photos.leclercdrive.fr/image.ashx?id=2759730&use=l&cat=p&typeid=i","cat":285286},{"id":94281,"n":"Rhum blanc Bologne 50%vol - 100cl","p":19.31,"u":"19,31 €/L","img":"https://fd8-photos.leclercdrive.fr/image.ashx?id=2876554&use=l&cat=p&typeid=i","cat":284550},{"id":94311,"n":"Patate douce Paysan Breton 750g","p":2.5,"u":"3,33 €/KG","img":"https://fd8-photos.leclercdrive.fr/image.ashx?id=2882412&use=l&cat=p&typeid=i","cat":319805},{"id":94488,"n":"Olives Apéro Borges Farcies aux anchois - 150g","p":2.43,"u":"16,20 €/KG","img":"https://fd8-photos.leclercdrive.fr/image.ashx?id=2648896&use=l&cat=p&typeid=i","cat":284458},{"id":94489,"n":"Lames Wilkinson Quattro Titanium Sensitive - x4","p":8.96,"u":"2,24 €/P","img":"https://fd8-photos.leclercdrive.fr/image.ashx?id=2451405&use=l&cat=p&typeid=i","cat":284616},{"id":94635,"n":"Brasse végétal nature Andros 4x100g","p":2.71,"u":"6,78 €/KG","img":"https://fd8-photos.leclercdrive.fr/image.ashx?id=2872012&use=l&cat=p&typeid=i","cat":316071},{"id":94643,"n":"Brassé végétal Andros Framboise - 400g","p":2.53,"u":"6,33 €/KG","img":"https://fd8-photos.leclercdrive.fr/image.ashx?id=2879089&use=l&cat=p&typeid=i","cat":316071},{"id":94697,"n":"Vinaigre ménager  5L","p":5.9,"u":"1,18 €/L","img":"https://fd8-photos.leclercdrive.fr/image.ashx?id=2277014&use=l&cat=p&typeid=i","cat":325365},{"id":94801,"n":"Oeufs frais De Nos Régions Élevées au Sol - x12","p":2.71,"u":"0,23 €/P","img":"https://fd8-photos.leclercdrive.fr/image.ashx?id=2969839&use=l&cat=p&typeid=i","cat":284378},{"id":94853,"n":"Oeufs frais plein air Bio Bio village - x4","p":1.9,"u":"0,48 €/P","img":"https://fd8-photos.leclercdrive.fr/image.ashx?id=1519100&use=l&cat=p&typeid=i","cat":284378},{"id":94856,"n":"Oeufs frais plein air Oméga 3 - x20","p":4.55,"u":"0,23 €/P","img":"https://fd8-photos.leclercdrive.fr/image.ashx?id=2969988&use=l&cat=p&typeid=i","cat":284378},{"id":94857,"n":"Oeufs frais plein air Oeufs de Nos Régions - x4","p":0.99,"u":"0,25 €/P","img":"https://fd8-photos.leclercdrive.fr/image.ashx?id=2935241&use=l&cat=p&typeid=i","cat":284378},{"id":94858,"n":"Oeufs frais De Nos Régions Elevées au sol - Gros - x6","p":1.55,"u":"0,26 €/P","img":"https://fd8-photos.leclercdrive.fr/image.ashx?id=2969854&use=l&cat=p&typeid=i","cat":284378},{"id":94859,"n":"Yaourt à la grecque YAOS  Stracciatella - 4x125g","p":2.47,"u":"4,94 €/KG","img":"https://fd8-photos.leclercdrive.fr/image.ashx?id=2679506&use=l&cat=p&typeid=i","cat":314999},{"id":94860,"n":"Oeufs frais De Nos Régions Élevées au sol - x6","p":1.49,"u":"0,25 €/P","img":"https://fd8-photos.leclercdrive.fr/image.ashx?id=2017268&use=l&cat=p&typeid=i","cat":284378},{"id":95008,"n":"Mini tablettes chocolat Milka Chocolat au lait - 8x25g","p":3.46,"u":"17,30 €/KG","img":"https://fd8-photos.leclercdrive.fr/image.ashx?id=2832419&use=l&cat=p&typeid=i","cat":284497},{"id":95077,"n":"Gel anti-calcaire Calgon  Hygiène Plus - 750ml","p":4.62,"u":"6,16 €/L","img":"https://fd8-photos.leclercdrive.fr/image.ashx?id=2953767&use=l&cat=p&typeid=i","cat":284653},{"id":95507,"n":"Risotto au Poulet & Cèpes Fleury Michon 2+1offert - 840g","p":5.32,"u":"6,33 €/KG","img":"https://fd8-photos.leclercdrive.fr/image.ashx?id=2246818&use=l&cat=p&typeid=i","cat":333665},{"id":95524,"n":"Essuie-tout bobine Mimosa 500 feuilles","p":3.7,"img":"https://fd8-photos.leclercdrive.fr/image.ashx?id=1523297&use=l&cat=p&typeid=i","cat":284635},{"id":95534,"n":"Saumon fumé Ronde des Mers Ecosse x4T - 140g","p":4.99,"u":"35,64 €/KG","img":"https://fd8-photos.leclercdrive.fr/image.ashx?id=2450056&use=l&cat=p&typeid=i","cat":285188},{"id":95535,"n":"Saumon fumé ASC Ronde des Mers Norvège x4T - 140g","p":4.99,"u":"35,64 €/KG","img":"https://fd8-photos.leclercdrive.fr/image.ashx?id=2832999&use=l&cat=p&typeid=i","cat":285188},{"id":95564,"n":"Crème fraîche légère Yoplait Fleurette 15% mg - 38cl","p":1.82,"u":"4,79 €/L","img":"https://fd8-photos.leclercdrive.fr/image.ashx?id=2733664&use=l&cat=p&typeid=i","cat":284381},{"id":95582,"n":"Papier toilette Mimosa Blanc 2 plis - x6","p":2.95,"u":"0,49 €/P","img":"https://fd8-photos.leclercdrive.fr/image.ashx?id=2777866&use=l&cat=p&typeid=i","cat":284634},{"id":95584,"n":"Dentifrice dentavie Bio Gencives sensibles - 75ml","p":3.29,"u":"43,87 €/L","img":"https://fd8-photos.leclercdrive.fr/image.ashx?id=2494764&use=l&cat=p&typeid=i","cat":284612},{"id":95586,"n":"Eau micellaire bio SoBio Etic Peau sensible aloé véra - 500ml","p":5.71,"u":"11,42 €/L","img":"https://fd8-photos.leclercdrive.fr/image.ashx?id=2801905&use=l&cat=p&typeid=i","cat":284603},{"id":95623,"n":"AOP Champagne Brut Demoiselle Vranken - 75cl","p":26.08,"u":"34,77 €/L","img":"https://fd8-photos.leclercdrive.fr/image.ashx?id=2203988&use=l&cat=p&typeid=i","cat":284542},{"id":95811,"n":"Mascara Waterproof L'OréalParis Lash Paradise Noir","p":13.43,"img":"https://fd8-photos.leclercdrive.fr/image.ashx?id=2559589&use=l&cat=p&typeid=i","cat":287029},{"id":95815,"n":"Dessert végétal soja alpro Vanille - 500g","p":1.81,"u":"3,62 €/KG","img":"https://fd8-photos.leclercdrive.fr/image.ashx?id=2977672&use=l&cat=p&typeid=i","cat":316071},{"id":95817,"n":"Dessert végétal soja alpro Nature à l'amande - 500g","p":1.82,"u":"3,64 €/KG","img":"https://fd8-photos.leclercdrive.fr/image.ashx?id=2977684&use=l&cat=p&typeid=i","cat":316071},{"id":95946,"n":"Pommes vertes Panier du Primeur Barquette x6","p":2.49,"u":"0,42 €/P","img":"https://fd8-photos.leclercdrive.fr/image.ashx?id=2338703&use=l&cat=p&typeid=i","cat":284356},{"id":95947,"n":"Pommes jaunes Panier du Primeur x6","p":2.49,"u":"0,42 €/P","img":"https://fd8-photos.leclercdrive.fr/image.ashx?id=2338700&use=l&cat=p&typeid=i","cat":284356},{"id":95973,"n":"Eau minérale naturelle Evian  6x1,5l","p":3.46,"u":"0,38 €/L","img":"https://fd8-photos.leclercdrive.fr/image.ashx?id=2967717&use=l&cat=p&typeid=i","cat":284535},{"id":95974,"n":"Bière blonde Bud 5% - 12x25cl","p":8.25,"u":"2,75 €/L","img":"https://fd8-photos.leclercdrive.fr/image.ashx?id=2995406&use=l&cat=p&typeid=i","cat":334873},{"id":95975,"n":"Liquide vaisselle Visior Pomme poire - 750ml","p":1.19,"u":"1,59 €/L","img":"https://fd8-photos.leclercdrive.fr/image.ashx?id=2872718&use=l&cat=p&typeid=i","cat":284655},{"id":95976,"n":"Liquide vaisselle Visior Fruit rouge & Fleur - 750ml","p":1.19,"u":"1,59 €/L","img":"https://fd8-photos.leclercdrive.fr/image.ashx?id=2724586&use=l&cat=p&typeid=i","cat":284655},{"id":95977,"n":"Liquide vaisselle Visior Amande Calendula - 750ml","p":1.26,"u":"1,68 €/L","img":"https://fd8-photos.leclercdrive.fr/image.ashx?id=2872721&use=l&cat=p&typeid=i","cat":284655},{"id":95978,"n":"Liquide vaisselle Visior Pamplemousse vinaigre - 750ml","p":1.3,"u":"1,73 €/L","img":"https://fd8-photos.leclercdrive.fr/image.ashx?id=2898859&use=l&cat=p&typeid=i","cat":284655},{"id":95979,"n":"Gel douche Manava Orchidée Camélia - 250ml","p":1.15,"u":"4,60 €/L","img":"https://fd8-photos.leclercdrive.fr/image.ashx?id=2805033&use=l&cat=p&typeid=i","cat":284594},{"id":96002,"n":"Rouleau papier cadeau Esquisse Sapins fond rouge - 5mx0,7m","p":1.25,"img":"https://fd8-photos.leclercdrive.fr/image.ashx?id=2600312&use=l&cat=p&typeid=i","cat":335914},{"id":96057,"n":"Café grains Méo Espresso - 1kg","p":15.25,"u":"15,25 €/KG","img":"https://fd8-photos.leclercdrive.fr/image.ashx?id=2593977&use=l&cat=p&typeid=i","cat":293237},{"id":96060,"n":"Chili con carné Bio Village Bio - 300g","p":3.49,"u":"11,63 €/KG","img":"https://fd8-photos.leclercdrive.fr/image.ashx?id=2437199&use=l&cat=p&typeid=i","cat":284953},{"id":96089,"n":"Gel douche Manava Citron basilic - 250ml","p":1.15,"u":"4,60 €/L","img":"https://fd8-photos.leclercdrive.fr/image.ashx?id=2626823&use=l&cat=p&typeid=i","cat":284594},{"id":96094,"n":"Gel douche Manava Mangue Acai - 250ml","p":1.15,"u":"4,60 €/L","img":"https://fd8-photos.leclercdrive.fr/image.ashx?id=2805036&use=l&cat=p&typeid=i","cat":284594},{"id":96095,"n":"Gel douche Manava Envolée de pétales - 250ml","p":1.15,"u":"4,60 €/L","img":"https://fd8-photos.leclercdrive.fr/image.ashx?id=1980232&use=l&cat=p&typeid=i","cat":284594},{"id":96096,"n":"Gel douche Manava Crumble fruits rouges - 250ml","p":1.29,"u":"5,16 €/L","img":"https://fd8-photos.leclercdrive.fr/image.ashx?id=2486464&use=l&cat=p&typeid=i","cat":284594},{"id":96097,"n":"Gel douche Manava Noisettes caramel - 250ml","p":1.3,"u":"5,20 €/L","img":"https://fd8-photos.leclercdrive.fr/image.ashx?id=2805039&use=l&cat=p&typeid=i","cat":284594},{"id":96284,"n":"Pois chiches - 3x130g","p":1.65,"u":"4,23 €/KG","img":"https://fd8-photos.leclercdrive.fr/image.ashx?id=3002626&use=l&cat=p&typeid=i","cat":312609},{"id":96289,"n":"Biscuit apéritif ancel Sticks Bretzels Original - 300g","p":1.8,"u":"6,00 €/KG","img":"https://fd8-photos.leclercdrive.fr/image.ashx?id=2841196&use=l&cat=p&typeid=i","cat":297000},{"id":96398,"n":"Compote Cool pomme banane bio Vitabio - 12x90g","p":8.0,"u":"7,41 €/KG","img":"https://fd8-photos.leclercdrive.fr/image.ashx?id=2621420&use=l&cat=p&typeid=i","cat":284508},{"id":96416,"n":"Sauce soja Kikkoman 250ml","p":4.47,"u":"17,88 €/L","img":"https://fd8-photos.leclercdrive.fr/image.ashx?id=2544952&use=l&cat=p&typeid=i","cat":288992},{"id":96423,"n":"Sauce Teriyaki Kikkoman Grillade et marinade - 250ml","p":4.34,"u":"17,36 €/L","img":"https://fd8-photos.leclercdrive.fr/image.ashx?id=2857917&use=l&cat=p&typeid=i","cat":288992},{"id":96566,"n":"Soufflés Monster Munch Ketchup - 2x100g","p":2.65,"u":"13,25 €/KG","img":"https://fd8-photos.leclercdrive.fr/image.ashx?id=2918790&use=l&cat=p&typeid=i","cat":284449},{"id":96770,"n":"Eau minérale gazeuse Quézac  6x50cl","p":2.33,"u":"0,78 €/L","img":"https://fd8-photos.leclercdrive.fr/image.ashx?id=2884618&use=l&cat=p&typeid=i","cat":284536},{"id":96777,"n":"Crème mains Inell Hydratante - 100ml","p":1.35,"u":"13,50 €/L","img":"https://fd8-photos.leclercdrive.fr/image.ashx?id=2515688&use=l&cat=p&typeid=i","cat":325354},{"id":96832,"n":"Mini viennoiseries Epi d'Or x12 - 372g","p":4.23,"u":"11,37 €/KG","img":"https://fd8-photos.leclercdrive.fr/image.ashx?id=1879302&use=l&cat=p&typeid=i","cat":288858},{"id":96920,"n":"Câbles de démarrage TECH9 25mm2","p":19.9,"img":"https://fd8-photos.leclercdrive.fr/image.ashx?id=2162561&use=l&cat=p&typeid=i","cat":298252},{"id":96923,"n":"Câbles de démarrage TECH9 35mm2","p":34.95,"img":"https://fd8-photos.leclercdrive.fr/image.ashx?id=2162564&use=l&cat=p&typeid=i","cat":298252},{"id":96926,"n":"Ampoules H4 TECH9 x2","p":5.95,"img":"https://fd8-photos.leclercdrive.fr/image.ashx?id=2162369&use=l&cat=p&typeid=i","cat":298252},{"id":96927,"n":"Ampoule H1 TECH9 x1","p":2.18,"img":"https://fd8-photos.leclercdrive.fr/image.ashx?id=2162366&use=l&cat=p&typeid=i","cat":298252},{"id":96932,"n":"Saumon fumé Rondes des Mers ASC Norvège x2T - 75g","p":3.95,"u":"52,67 €/KG","img":"https://fd8-photos.leclercdrive.fr/image.ashx?id=2833123&use=l&cat=p&typeid=i","cat":285188},{"id":96934,"n":"Saumon fumé Bio Bio Village Atlantique x2T - 65g","p":3.6,"u":"55,38 €/KG","img":"https://fd8-photos.leclercdrive.fr/image.ashx?id=2839589&use=l&cat=p&typeid=i","cat":285188},{"id":96936,"n":"Saumon fumé Ronde des Mers Ecosse x6T - 200g","p":8.2,"u":"41,00 €/KG","img":"https://fd8-photos.leclercdrive.fr/image.ashx?id=2450059&use=l&cat=p&typeid=i","cat":285188},{"id":96937,"n":"Saumon fumé Eco+ Norvège - 200g","p":4.65,"u":"23,25 €/KG","img":"https://fd8-photos.leclercdrive.fr/image.ashx?id=2794823&use=l&cat=p&typeid=i","cat":285188},{"id":96938,"n":"Saumon fumé Ronde des Mers ASC Norvège x6T - 210g","p":8.5,"u":"40,48 €/KG","img":"https://fd8-photos.leclercdrive.fr/image.ashx?id=2833132&use=l&cat=p&typeid=i","cat":285188},{"id":96946,"n":"Houmous Bio Bio Village 160g","p":2.5,"u":"15,63 €/KG","img":"https://fd8-photos.leclercdrive.fr/image.ashx?id=1921643&use=l&cat=p&typeid=i","cat":315999},{"id":96948,"n":"Tarama Gourmet 175g","p":1.99,"u":"11,37 €/KG","img":"https://fd8-photos.leclercdrive.fr/image.ashx?id=2885131&use=l&cat=p&typeid=i","cat":315999},{"id":96959,"n":"Pains au chocolat Epi d'Or x6 - 450g","p":2.95,"u":"6,56 €/KG","img":"https://fd8-photos.leclercdrive.fr/image.ashx?id=1983598&use=l&cat=p&typeid=i","cat":284267},{"id":96970,"n":"Feuilletés Epinards Chèvre Côté Table - 2x150g","p":3.09,"u":"10,30 €/KG","img":"https://fd8-photos.leclercdrive.fr/image.ashx?id=2846523&use=l&cat=p&typeid=i","cat":333671},{"id":97033,"n":"Gel Bain douche Manava Fleur de cerisier - 500ml","p":1.88,"u":"3,76 €/L","img":"https://fd8-photos.leclercdrive.fr/image.ashx?id=2618356&use=l&cat=p&typeid=i","cat":284594},{"id":97045,"n":"Thon entier Petit Navire Au naturel - 2x93g","p":3.18,"u":"17,10 €/KG","img":"https://fd8-photos.leclercdrive.fr/image.ashx?id=2961837&use=l&cat=p&typeid=i","cat":303867},{"id":97060,"n":"Tagada Haribo Sachet bonbons - 400g","p":1.7,"u":"4,25 €/KG","img":"https://fd8-photos.leclercdrive.fr/image.ashx?id=2801854&use=l&cat=p&typeid=i","cat":304250},{"id":97135,"n":"Lait bio Bio Village Brique Demi-écrémé UHT -  6x1L","p":6.3,"u":"1,05 €/L","img":"https://fd8-photos.leclercdrive.fr/image.ashx?id=2970030&use=l&cat=p&typeid=i","cat":284377},{"id":97348,"n":"Crayons de couleur Eco+ Pochette de 18","p":0.53,"u":"0,03 €/P","img":"https://fd8-photos.leclercdrive.fr/image.ashx?id=1678664&use=l&cat=p&typeid=i","cat":284696},{"id":97359,"n":"Gyoza crevettes Ajinomoto Avec sauce soja  - 212g","p":4.34,"u":"20,47 €/KG","img":"https://fd8-photos.leclercdrive.fr/image.ashx?id=2590279&use=l&cat=p&typeid=i","cat":319774},{"id":97422,"n":"Confit Lucien Georgelin Echalotes - 150g","p":2.39,"u":"15,93 €/KG","img":"https://fd8-photos.leclercdrive.fr/image.ashx?id=2120746&use=l&cat=p&typeid=i","cat":284458},{"id":97475,"n":"Ruban correcteur 10m Esquisse Coloris aléatoire - 1 pièce","p":1.35,"img":"https://fd8-photos.leclercdrive.fr/image.ashx?id=1700212&use=l&cat=p&typeid=i","cat":334133},{"id":97662,"n":"Thé vert Twinings Menthe x25 - 38g","p":2.53,"u":"66,58 €/KG","img":"https://fd8-photos.leclercdrive.fr/image.ashx?id=2906763&use=l&cat=p&typeid=i","cat":293233},{"id":97667,"n":"Thé russian Twinings Earl grey x20 - 30g","p":2.56,"u":"85,33 €/KG","img":"https://fd8-photos.leclercdrive.fr/image.ashx?id=2878306&use=l&cat=p&typeid=i","cat":293233},{"id":97671,"n":"Thé russian Earl Grey Twinings 150g","p":6.53,"u":"43,53 €/KG","img":"https://fd8-photos.leclercdrive.fr/image.ashx?id=2950729&use=l&cat=p&typeid=i","cat":293233},{"id":97677,"n":"Thé Twinings English breakfast x25 - 40g","p":2.8,"u":"70,00 €/KG","img":"https://fd8-photos.leclercdrive.fr/image.ashx?id=2893027&use=l&cat=p&typeid=i","cat":293233},{"id":97678,"n":"Céréales Jordans Country Crisp 4 Baies - 550g","p":3.21,"u":"5,84 €/KG","img":"https://fd8-photos.leclercdrive.fr/image.ashx?id=2997205&use=l&cat=p&typeid=i","cat":309512},{"id":97703,"n":"Capsules L'Origine du Goût El Salvador - x10 - 55g","p":2.59,"u":"47,09 €/KG","img":"https://fd8-photos.leclercdrive.fr/image.ashx?id=2869811&use=l&cat=p&typeid=i","cat":284749},{"id":97706,"n":"Capsules L'Origine du Goût Ethiopie - x10 - 55g","p":2.59,"u":"47,09 €/KG","img":"https://fd8-photos.leclercdrive.fr/image.ashx?id=2843051&use=l&cat=p&typeid=i","cat":284749},{"id":97707,"n":"Capsules L'Origine du Goût Malawi - x10 - 55g","p":2.59,"u":"47,09 €/KG","img":"https://fd8-photos.leclercdrive.fr/image.ashx?id=2869814&use=l&cat=p&typeid=i","cat":284749},{"id":97709,"n":"Capsules L'Origine du Goût Sigri - x10 - 55g","p":2.59,"u":"47,09 €/KG","img":"https://fd8-photos.leclercdrive.fr/image.ashx?id=2869817&use=l&cat=p&typeid=i","cat":284749},{"id":98098,"n":"Liquide vaisselle Visior Antiodeur - 500ml","p":0.72,"u":"1,44 €/L","img":"https://fd8-photos.leclercdrive.fr/image.ashx?id=2951122&use=l&cat=p&typeid=i","cat":284655},{"id":98114,"n":"Serviettes Doulys Normal+ Teenage - x14","p":1.29,"u":"0,09 €/P","img":"https://fd8-photos.leclercdrive.fr/image.ashx?id=2839938&use=l&cat=p&typeid=i","cat":284624},{"id":98145,"n":"Orange à jus bio Bio Village Sachet 1kg","p":2.89,"u":"2,89 €/KG","img":"https://fd8-photos.leclercdrive.fr/image.ashx?id=2566874&use=l&cat=p&typeid=i","cat":284356},{"id":98251,"n":"Liquide Vaisselle Brillance  VISIOR - 500ml","p":0.74,"u":"1,48 €/L","img":"https://fd8-photos.leclercdrive.fr/image.ashx?id=2951125&use=l&cat=p&typeid=i","cat":284655},{"id":98252,"n":"Liquide vaisselle Visior Antibactérien - 500ml","p":0.72,"u":"1,44 €/L","img":"https://fd8-photos.leclercdrive.fr/image.ashx?id=2951131&use=l&cat=p&typeid=i","cat":284655},{"id":98253,"n":"Liquide vaisselle Visior Désincrustant sel - 500ml","p":0.73,"u":"1,46 €/L","img":"https://fd8-photos.leclercdrive.fr/image.ashx?id=2951128&use=l&cat=p&typeid=i","cat":284655},{"id":98387,"n":"Recharge mèche TECH9 Anti-tabac","p":4.5,"img":"https://fd8-photos.leclercdrive.fr/image.ashx?id=1544985&use=l&cat=p&typeid=i","cat":298252},{"id":98399,"n":"Brosse à dent électrique Oral B Vitality 100 Cross action noir","p":21.52,"u":"Dont 0,07 € d'éco-part.","img":"https://fd8-photos.leclercdrive.fr/image.ashx?id=2637592&use=l&cat=p&typeid=i","cat":297133},{"id":98417,"n":"Liquide vaisselle floral Visior 500ml","p":0.64,"u":"1,28 €/L","img":"https://fd8-photos.leclercdrive.fr/image.ashx?id=2951134&use=l&cat=p&typeid=i","cat":284655},{"id":98422,"n":"Pavés de Saumon Bio Bio Village 200g","p":8.59,"u":"42,95 €/KG","img":"https://fd8-photos.leclercdrive.fr/image.ashx?id=2934802&use=l&cat=p&typeid=i","cat":319786},{"id":98443,"n":"Soda Coca-Cola Original Bouteille - Pack 6x1L","p":10.2,"u":"1,70 €/L","img":"https://fd8-photos.leclercdrive.fr/image.ashx?id=2830897&use=l&cat=p&typeid=i","cat":284530},{"id":98468,"n":"Yaourt à la grecque Délisse Vanille - 8x125g","p":3.59,"u":"3,59 €/KG","img":"https://fd8-photos.leclercdrive.fr/image.ashx?id=2699738&use=l&cat=p&typeid=i","cat":314999},{"id":98475,"n":"Blé soja haricots Céréal Bio  Façon Chili bio -220g","p":1.96,"u":"8,91 €/KG","img":"https://fd8-photos.leclercdrive.fr/image.ashx?id=2575096&use=l&cat=p&typeid=i","cat":287600},{"id":98527,"n":"Préparation Lucien Georgelin Poire Williams vanille - 320g","p":2.72,"u":"8,50 €/KG","img":"https://fd8-photos.leclercdrive.fr/image.ashx?id=1634042&use=l&cat=p&typeid=i","cat":284480},{"id":98630,"n":"Compotes Douceur du Verger Panachées - x16","p":4.11,"u":"0,26 €/P","img":"https://fd8-photos.leclercdrive.fr/image.ashx?id=1693241&use=l&cat=p&typeid=i","cat":284416},{"id":98703,"n":"Diffuseur Sense & Spray Glade Sea Minerals Magnolia","p":7.22,"u":"Dont 0,02 € d'éco-part.","img":"https://fd8-photos.leclercdrive.fr/image.ashx?id=1649337&use=l&cat=p&typeid=i","cat":311629},{"id":98717,"n":"Crème Fraîche Elle&Vire Fleurette Entière -31% MG- 33cl","p":2.16,"u":"6,55 €/L","img":"https://fd8-photos.leclercdrive.fr/image.ashx?id=2992095&use=l&cat=p&typeid=i","cat":284381},{"id":98746,"n":"Mousse Maronsui's La Laitière Crème de marrons - 4x68,8g","p":1.76,"u":"6,40 €/KG","img":"https://fd8-photos.leclercdrive.fr/image.ashx?id=2729755&use=l&cat=p&typeid=i","cat":284417},{"id":98807,"n":"Purée fruit bébé Blédina 6 mois Pomme cerise vanille - 4x100g","p":1.76,"u":"4,40 €/KG","img":"https://fd8-photos.leclercdrive.fr/image.ashx?id=2983024&use=l&cat=p&typeid=i","cat":312388},{"id":98809,"n":"Cornichons Maille Pasteurisés fin - 300g","p":2.85,"u":"9,50 €/KG","img":"https://fd8-photos.leclercdrive.fr/image.ashx?id=2082579&use=l&cat=p&typeid=i","cat":284458},{"id":98811,"n":"Comprimé antibactérien Polident x36","p":2.36,"u":"0,07 €/P","img":"https://fd8-photos.leclercdrive.fr/image.ashx?id=2303843&use=l&cat=p&typeid=i","cat":285158},{"id":98813,"n":"Dentifrice Parodontax Soin blancheur - 75ml","p":3.56,"u":"47,47 €/L","img":"https://fd8-photos.leclercdrive.fr/image.ashx?id=2606391&use=l&cat=p&typeid=i","cat":284612},{"id":98822,"n":"Purée fruit bébé Blédina 6 mois Pomme kiwi ananas - 4x100g","p":1.77,"u":"4,43 €/KG","img":"https://fd8-photos.leclercdrive.fr/image.ashx?id=2983030&use=l&cat=p&typeid=i","cat":312388},{"id":98831,"n":"Purée fruit bébé Blédina 6 mois Harmonie de fruits - 4x100g","p":1.78,"u":"4,45 €/KG","img":"https://fd8-photos.leclercdrive.fr/image.ashx?id=2983036&use=l&cat=p&typeid=i","cat":312388},{"id":98872,"n":"Boisson Thé Glacé FuzeTea Mangue Camomille - 1,25L","p":1.63,"u":"1,30 €/L","img":"https://fd8-photos.leclercdrive.fr/image.ashx?id=2997220&use=l&cat=p&typeid=i","cat":295019},{"id":98875,"n":"Thé glacé Fuze Tea  Pêche Hibiscus - 1,25L","p":1.65,"u":"1,32 €/L","img":"https://fd8-photos.leclercdrive.fr/image.ashx?id=2940393&use=l&cat=p&typeid=i","cat":295019},{"id":98888,"n":"AOP Chablis blanc La Chablisienne - 75 cl","p":11.95,"u":"15,93 €/L","img":"https://fd8-photos.leclercdrive.fr/image.ashx?id=2107009&use=l&cat=p&typeid=i","cat":289557},{"id":98935,"n":"Dentifrice Blancheur Signal  Nature Elements Coco 2x75ml","p":3.48,"u":"23,20 €/L","img":"https://fd8-photos.leclercdrive.fr/image.ashx?id=2338654&use=l&cat=p&typeid=i","cat":284612},{"id":99045,"n":"Ravioli bio au blé complet Rana Épinards, Ricotta - 250g","p":3.26,"u":"13,04 €/KG","img":"https://fd8-photos.leclercdrive.fr/image.ashx?id=2439878&use=l&cat=p&typeid=i","cat":333682},{"id":99202,"n":"Soupe miso déshydratée Wakame Tofu Algues - 58g","p":3.28,"u":"56,55 €/KG","img":"https://fd8-photos.leclercdrive.fr/image.ashx?id=2834695&use=l&cat=p&typeid=i","cat":288992},{"id":99216,"n":"Beurre Elle&Vire Condé sur Vire Doux - 82% MG - 250g","p":2.97,"u":"11,88 €/KG","img":"https://fd8-photos.leclercdrive.fr/image.ashx?id=2811131&use=l&cat=p&typeid=i","cat":284379},{"id":99248,"n":"Bouillon Kub Or Maggi 32 cubes - 128g","p":1.21,"u":"9,45 €/KG","img":"https://fd8-photos.leclercdrive.fr/image.ashx?id=2692737&use=l&cat=p&typeid=i","cat":288379},{"id":99418,"n":"Eau nettoyante Love & Green Bio sans parfum - 500ml","p":7.42,"u":"14,84 €/L","img":"https://fd8-photos.leclercdrive.fr/image.ashx?id=2696019&use=l&cat=p&typeid=i","cat":284741},{"id":99489,"n":"Lingettes Pampers Sensitive x80","p":3.02,"u":"0,04 €/P","img":"https://fd8-photos.leclercdrive.fr/image.ashx?id=2956664&use=l&cat=p&typeid=i","cat":284738},{"id":99503,"n":"Huile d'olive L'Origine du Goût Vierge Extra Picual - 50cl","p":9.49,"u":"18,98 €/L","img":"https://fd8-photos.leclercdrive.fr/image.ashx?id=1632767&use=l&cat=p&typeid=i","cat":284453},{"id":99508,"n":"Piles Duracell CR2032 Lithium 3V - x4","p":8.9,"u":"2,23 €/P","img":"https://fd8-photos.leclercdrive.fr/image.ashx?id=3003405&use=l&cat=p&typeid=i","cat":300572},{"id":99526,"n":"Dentifrice Soin Sanogyl Essence Blancheur - 2x75ml","p":6.91,"u":"46,07 €/L","img":"https://fd8-photos.leclercdrive.fr/image.ashx?id=2335631&use=l&cat=p&typeid=i","cat":284612},{"id":99545,"n":"Mogettes bio Bio VIllage 215g","p":1.73,"u":"8,05 €/KG","img":"https://fd8-photos.leclercdrive.fr/image.ashx?id=3002680&use=l&cat=p&typeid=i","cat":312606},{"id":99547,"n":"Haricots rouge Bio Village Bio - 205g","p":2.31,"u":"11,27 €/KG","img":"https://fd8-photos.leclercdrive.fr/image.ashx?id=1947761&use=l&cat=p&typeid=i","cat":312606},{"id":99553,"n":"Pois chiche Bio VIllage Bio - 215g","p":2.1,"u":"9,77 €/KG","img":"https://fd8-photos.leclercdrive.fr/image.ashx?id=3002683&use=l&cat=p&typeid=i","cat":312609},{"id":99564,"n":"Haricots Blancs à la tomate 800g","p":1.0,"u":"1,89 €/KG","img":"https://fd8-photos.leclercdrive.fr/image.ashx?id=3003735&use=l&cat=p&typeid=i","cat":312606},{"id":99574,"n":"Poêlée savoyarde  900g","p":4.06,"u":"4,51 €/KG","img":"https://fd8-photos.leclercdrive.fr/image.ashx?id=2478931&use=l&cat=p&typeid=i","cat":319823},{"id":99700,"n":"Cotons Démaquillants Demak'Up Expert - 6x70 disques","p":6.1,"u":"0,01 €/P","img":"https://fd8-photos.leclercdrive.fr/image.ashx?id=2844415&use=l&cat=p&typeid=i","cat":284636},{"id":99717,"n":"Clémentines  Toile de jute  1.5kg","p":5.18,"u":"3,45 €/KG","img":"https://fd8-photos.leclercdrive.fr/image.ashx?id=1635852&use=l&cat=p&typeid=i","cat":284356},{"id":99734,"n":"Capsules café L'Or Espresso Or Absolu N°9 x20","p":7.43,"u":"71,44 €/KG","img":"https://fd8-photos.leclercdrive.fr/image.ashx?id=2859971&use=l&cat=p&typeid=i","cat":284749},{"id":99774,"n":"Biscuits sablés Granola Chocolat noir - 195g","p":1.68,"u":"8,62 €/KG","img":"https://fd8-photos.leclercdrive.fr/image.ashx?id=2982979&use=l&cat=p&typeid=i","cat":284488},{"id":99788,"n":"Capsules café L'Or Espresso Lungo Profondo N°8 x20","p":6.59,"u":"63,37 €/KG","img":"https://fd8-photos.leclercdrive.fr/image.ashx?id=3005796&use=l&cat=p&typeid=i","cat":284749},{"id":99880,"n":"Crème Visage Jour FPS 30 Nivea Anti-rides Cellular - 50ml","p":14.95,"u":"299,00 €/L","img":"https://fd8-photos.leclercdrive.fr/image.ashx?id=2298775&use=l&cat=p&typeid=i","cat":325345},{"id":99900,"n":"Soin amincissant Linéance Profiler nuit + - 180ml","p":11.5,"u":"63,89 €/L","img":"https://fd8-photos.leclercdrive.fr/image.ashx?id=1748813&use=l&cat=p&typeid=i","cat":325350},{"id":99903,"n":"Savon Monsavon Lait/Vanille Bio - 100g","p":2.57,"u":"25,70 €/KG","img":"https://fd8-photos.leclercdrive.fr/image.ashx?id=1969857&use=l&cat=p&typeid=i","cat":284597},{"id":99922,"n":"Lait de douche Manava Framboise - 250ml","p":0.94,"u":"3,76 €/L","img":"https://fd8-photos.leclercdrive.fr/image.ashx?id=2618353&use=l&cat=p&typeid=i","cat":284594},{"id":99965,"n":"Biscuit speculoos Lotus Biscoff 750g (6x125g)","p":4.17,"u":"5,56 €/KG","img":"https://fd8-photos.leclercdrive.fr/image.ashx?id=2693818&use=l&cat=p&typeid=i","cat":284487},{"id":99967,"n":"Pois chiches bio Jardin Bio Au naturel - 420g","p":2.53,"u":"6,02 €/KG","img":"https://fd8-photos.leclercdrive.fr/image.ashx?id=2971215&use=l&cat=p&typeid=i","cat":312609},{"id":100017,"n":"Pain de mie Jacquet Maxi sans sucres ajoutés - 550g","p":1.54,"u":"2,80 €/KG","img":"https://fd8-photos.leclercdrive.fr/image.ashx?id=2935705&use=l&cat=p&typeid=i","cat":284477},{"id":100220,"n":"Gnocchi à poêler Lustucru Extra Raclette - 280g","p":2.32,"u":"8,29 €/KG","img":"https://fd8-photos.leclercdrive.fr/image.ashx?id=2786177&use=l&cat=p&typeid=i","cat":333682},{"id":100250,"n":"Yaourt nature sucré Kit-Kat Billes chocolat - 4x115g","p":2.93,"u":"6,37 €/KG","img":"https://fd8-photos.leclercdrive.fr/image.ashx?id=2875954&use=l&cat=p&typeid=i","cat":284414},{"id":100320,"n":"Brosse adhésive 1 pièce","p":2.29,"img":"https://fd8-photos.leclercdrive.fr/image.ashx?id=2840743&use=l&cat=p&typeid=i","cat":284669},{"id":100334,"n":"Gel bain douche Manava Coton macadamia - 500ml","p":1.88,"u":"3,76 €/L","img":"https://fd8-photos.leclercdrive.fr/image.ashx?id=1644734&use=l&cat=p&typeid=i","cat":284594},{"id":100349,"n":"Bain de bouche Parodontax Menthe douce - 500ml","p":4.77,"u":"9,54 €/L","img":"https://fd8-photos.leclercdrive.fr/image.ashx?id=2485982&use=l&cat=p&typeid=i","cat":284613},{"id":100352,"n":"Poudre fondante L'Oréal Paris Accord Parfait 2R Vanille rosé","p":13.9,"img":"https://fd8-photos.leclercdrive.fr/image.ashx?id=2395547&use=l&cat=p&typeid=i","cat":287029},{"id":100356,"n":"Crayon Yeux Maybelline Effet Tatouage 900 Deep Onyx","p":5.59,"img":"https://fd8-photos.leclercdrive.fr/image.ashx?id=2904865&use=l&cat=p&typeid=i","cat":287029},{"id":100485,"n":"Chocolat noir Bio Village Bio Dégustation 85% cacao 100g","p":1.87,"u":"18,70 €/KG","img":"https://fd8-photos.leclercdrive.fr/image.ashx?id=2915654&use=l&cat=p&typeid=i","cat":284956},{"id":100594,"n":"Petit pois carotte Bio Village Bio - 215g","p":1.63,"u":"7,58 €/KG","img":"https://fd8-photos.leclercdrive.fr/image.ashx?id=3002692&use=l&cat=p&typeid=i","cat":312607},{"id":100595,"n":"Papier toilette Uni Vert Blanc 3 plis recyclés - x6","p":2.34,"u":"0,39 €/P","img":"https://fd8-photos.leclercdrive.fr/image.ashx?id=2571938&use=l&cat=p&typeid=i","cat":284634},{"id":100596,"n":"Petits pois fins Bio Village Bio - 230g","p":1.81,"u":"7,87 €/KG","img":"https://fd8-photos.leclercdrive.fr/image.ashx?id=3002689&use=l&cat=p&typeid=i","cat":312607},{"id":100604,"n":"Pur jus Bio Village Pomme mangue Bio - 1L","p":3.75,"u":"3,75 €/L","img":"https://fd8-photos.leclercdrive.fr/image.ashx?id=2901551&use=l&cat=p&typeid=i","cat":284917},{"id":100618,"n":"Pur jus Bio Village Bio Pomme poire - 1L","p":4.17,"u":"4,17 €/L","img":"https://fd8-photos.leclercdrive.fr/image.ashx?id=2901554&use=l&cat=p&typeid=i","cat":284522},{"id":100670,"n":"Nectar Cidou Pomme douce - 1.75L","p":2.25,"u":"1,29 €/L","img":"https://fd8-photos.leclercdrive.fr/image.ashx?id=2342505&use=l&cat=p&typeid=i","cat":284522},{"id":100673,"n":"Soda Coca-Cola sans sucres Bouteilles - 6x1L","p":6.99,"u":"1,17 €/L","img":"https://fd8-photos.leclercdrive.fr/image.ashx?id=2178352&use=l&cat=p&typeid=i","cat":284530},{"id":100705,"n":"Tartine Petit dejeuner Jacquet 410g","p":1.76,"u":"4,29 €/KG","img":"https://fd8-photos.leclercdrive.fr/image.ashx?id=2991855&use=l&cat=p&typeid=i","cat":284477},{"id":100725,"n":"Pain de mie La Boulangère Toastiligne Aux céréales - 500g","p":1.53,"u":"3,06 €/KG","img":"https://fd8-photos.leclercdrive.fr/image.ashx?id=2912401&use=l&cat=p&typeid=i","cat":284477},{"id":100790,"n":"Kit fajitas Old El Paso tomates poivrons - 500g","p":5.06,"u":"10,12 €/KG","img":"https://fd8-photos.leclercdrive.fr/image.ashx?id=2764628&use=l&cat=p&typeid=i","cat":288993},{"id":100792,"n":"Wraps Old El Paso de blé complet x6 - 350g","p":2.75,"u":"7,86 €/KG","img":"https://fd8-photos.leclercdrive.fr/image.ashx?id=2940573&use=l&cat=p&typeid=i","cat":288993},{"id":100957,"n":"Tube de colle tout super UHU Sans solvant tube - 7g","p":4.15,"u":"592,86 €/KG","img":"https://fd8-photos.leclercdrive.fr/image.ashx?id=1650962&use=l&cat=p&typeid=i","cat":334133},{"id":100979,"n":"Chocolat au lait Lindt Création Le Rocher lait - 150g","p":3.42,"u":"22,80 €/KG","img":"https://fd8-photos.leclercdrive.fr/image.ashx?id=2685805&use=l&cat=p&typeid=i","cat":284497},{"id":100981,"n":"Courgettes Cuisinées Cassegrain à la Provençale 375g","p":2.95,"u":"7,87 €/KG","img":"https://fd8-photos.leclercdrive.fr/image.ashx?id=2977951&use=l&cat=p&typeid=i","cat":312612},{"id":100989,"n":"Céréales Trésor de Kellogg's Choco Roulette - 620g","p":4.37,"u":"7,05 €/KG","img":"https://fd8-photos.leclercdrive.fr/image.ashx?id=2598337&use=l&cat=p&typeid=i","cat":309513},{"id":100991,"n":"Céréales Trésor de Kellogg's Chocolat Noisettes - 410g","p":2.92,"u":"7,12 €/KG","img":"https://fd8-photos.leclercdrive.fr/image.ashx?id=2584238&use=l&cat=p&typeid=i","cat":309513},{"id":101047,"n":"Croquettes chat Ultima  Nature Poulet - 1.25kg","p":6.84,"u":"5,47 €/KG","img":"https://fd8-photos.leclercdrive.fr/image.ashx?id=2569959&use=l&cat=p&typeid=i","cat":284680},{"id":101056,"n":"Adoucissant concentré Hyperdou Rosée du matin - 750ml","p":1.99,"u":"2,65 €/L","img":"https://fd8-photos.leclercdrive.fr/image.ashx?id=2602910&use=l&cat=p&typeid=i","cat":284650},{"id":101058,"n":"Adoucissant concentré Hyperdou Passion tropicale - 750ml","p":1.99,"u":"2,65 €/L","img":"https://fd8-photos.leclercdrive.fr/image.ashx?id=2683565&use=l&cat=p&typeid=i","cat":284650},{"id":101115,"n":"Céréales Trésor de Kellogg's Chocolat au Lait - 410g","p":2.91,"u":"7,10 €/KG","img":"https://fd8-photos.leclercdrive.fr/image.ashx?id=2584241&use=l&cat=p&typeid=i","cat":309513},{"id":101126,"n":"Bière blonde Grimbergen Pale Ale 5,5° - 6x25cl","p":5.64,"u":"3,76 €/L","img":"https://fd8-photos.leclercdrive.fr/image.ashx?id=2312801&use=l&cat=p&typeid=i","cat":334852},{"id":101229,"n":"Marrons  Magda 1Kg","p":9.99,"u":"9,99 €/KG","img":"https://fd8-photos.leclercdrive.fr/image.ashx?id=2377505&use=l&cat=p&typeid=i","cat":319805},{"id":101231,"n":"Le Gourmand Garden Gourmet Soja, Poivre et Persil 160g","p":2.58,"u":"16,13 €/KG","img":"https://fd8-photos.leclercdrive.fr/image.ashx?id=2988683&use=l&cat=p&typeid=i","cat":316036},{"id":101288,"n":"Mousse végétal Andros Chocolat - 4x55g","p":3.02,"u":"13,73 €/KG","img":"https://fd8-photos.leclercdrive.fr/image.ashx?id=2963433&use=l&cat=p&typeid=i","cat":316071},{"id":101312,"n":"Serviettes Kraft Homeside 40x40cm - x20","p":2.65,"u":"0,13 €/P","img":"https://fd8-photos.leclercdrive.fr/image.ashx?id=1664429&use=l&cat=p&typeid=i","cat":334134},{"id":101314,"n":"Serviettes kraft Homeside 12x12cm - x50","p":1.99,"u":"0,04 €/P","img":"https://fd8-photos.leclercdrive.fr/image.ashx?id=2411674&use=l&cat=p&typeid=i","cat":334134},{"id":101327,"n":"Yaourt à boire actimel nature 0%mg - 12x100g","p":4.77,"u":"3,98 €/KG","img":"https://fd8-photos.leclercdrive.fr/image.ashx?id=2996479&use=l&cat=p&typeid=i","cat":284415},{"id":101348,"n":"Barres Chocolatées KINDER BUENO  Chocolat au Lait x12 - 516g","p":8.35,"u":"16,18 €/KG","img":"https://fd8-photos.leclercdrive.fr/image.ashx?id=2402946&use=l&cat=p&typeid=i","cat":284498},{"id":101349,"n":"Crème dessert Danette Vanille - 6x125g","p":1.97,"u":"2,63 €/KG","img":"https://fd8-photos.leclercdrive.fr/image.ashx?id=2923498&use=l&cat=p&typeid=i","cat":285041},{"id":101350,"n":"liégeois vanille danette - 4x100g","p":1.48,"u":"3,70 €/KG","img":"https://fd8-photos.leclercdrive.fr/image.ashx?id=2907848&use=l&cat=p&typeid=i","cat":285042},{"id":101352,"n":"Crème dessert Danette  Chocolat - 6x125g","p":1.92,"u":"2,56 €/KG","img":"https://fd8-photos.leclercdrive.fr/image.ashx?id=2915395&use=l&cat=p&typeid=i","cat":285041},{"id":101415,"n":"Couteaux en bois Homeside x20","p":1.38,"u":"0,07 €/P","img":"https://fd8-photos.leclercdrive.fr/image.ashx?id=1663736&use=l&cat=p&typeid=i","cat":334134},{"id":101416,"n":"Fourchettes en bois Homeside x20","p":1.38,"u":"0,07 €/P","img":"https://fd8-photos.leclercdrive.fr/image.ashx?id=1663733&use=l&cat=p&typeid=i","cat":334134},{"id":101418,"n":"Cuillères en bois Homeside x20","p":1.38,"u":"0,07 €/P","img":"https://fd8-photos.leclercdrive.fr/image.ashx?id=1663730&use=l&cat=p&typeid=i","cat":334134},{"id":101420,"n":"Coupelle réutilisable Homeside anis - x4","p":0.99,"u":"0,25 €/P","img":"https://fd8-photos.leclercdrive.fr/image.ashx?id=1660504&use=l&cat=p&typeid=i","cat":334134},{"id":101426,"n":"Serviettes 3 plis Homeside noires - 40cm - x20","p":1.39,"u":"0,07 €/P","img":"https://fd8-photos.leclercdrive.fr/image.ashx?id=1660205&use=l&cat=p&typeid=i","cat":334134},{"id":101428,"n":"Serviettes 3 plis Homeside Noires - 33cm - x50","p":1.99,"u":"0,04 €/P","img":"https://fd8-photos.leclercdrive.fr/image.ashx?id=1659762&use=l&cat=p&typeid=i","cat":334134},{"id":101456,"n":"Barres Chocolatées KINDER Maxi Chocolat au Lait x18 - 378g","p":5.33,"u":"14,10 €/KG","img":"https://fd8-photos.leclercdrive.fr/image.ashx?id=2673854&use=l&cat=p&typeid=i","cat":284498},{"id":101461,"n":"Pâtes Collezione Barilla Fusilli Bucati Corti - 500g","p":1.58,"u":"3,16 €/KG","img":"https://fd8-photos.leclercdrive.fr/image.ashx?id=2991003&use=l&cat=p&typeid=i","cat":284427},{"id":101462,"n":"Ménagère réutilisable Homeside Anis - 18 couverts","p":2.9,"u":"0,16 €/P","img":"https://fd8-photos.leclercdrive.fr/image.ashx?id=1660495&use=l&cat=p&typeid=i","cat":334134},{"id":101465,"n":"Ménagère réutilisable Homeside Turquoise - 18 couverts","p":2.9,"u":"0,16 €/P","img":"https://fd8-photos.leclercdrive.fr/image.ashx?id=1660492&use=l&cat=p&typeid=i","cat":334134},{"id":101467,"n":"Nappe damassée Homeside Noire - 7m","p":2.96,"img":"https://fd8-photos.leclercdrive.fr/image.ashx?id=1659759&use=l&cat=p&typeid=i","cat":334134},{"id":101473,"n":"Petit Pois, Carotte Cassegrain Tendre et Fondant 265g","p":1.85,"u":"6,98 €/KG","img":"https://fd8-photos.leclercdrive.fr/image.ashx?id=2951692&use=l&cat=p&typeid=i","cat":312607},{"id":101478,"n":"Petit Chinois La fournée Dorée Crème patissière - x6 - 300g","p":1.82,"u":"6,07 €/KG","img":"https://fd8-photos.leclercdrive.fr/image.ashx?id=2964492&use=l&cat=p&typeid=i","cat":296366},{"id":101480,"n":"Filets de thon Saupiquet Au citron - 115g","p":2.32,"u":"20,17 €/KG","img":"https://fd8-photos.leclercdrive.fr/image.ashx?id=2846370&use=l&cat=p&typeid=i","cat":303867},{"id":101483,"n":"Tablette chocolat Côte d'Or Chocolat noir 70% - 100g","p":1.82,"u":"18,20 €/KG","img":"https://fd8-photos.leclercdrive.fr/image.ashx?id=2985591&use=l&cat=p&typeid=i","cat":284956},{"id":101497,"n":"Porte-mines Matic Fun Bic HB 0.7mm - Pochette de 10","p":2.7,"img":"https://fd8-photos.leclercdrive.fr/image.ashx?id=2749931&use=l&cat=p&typeid=i","cat":284696},{"id":101502,"n":"Crème dessert Danette Vanille - 4x125g","p":1.51,"u":"3,02 €/KG","img":"https://fd8-photos.leclercdrive.fr/image.ashx?id=2029487&use=l&cat=p&typeid=i","cat":285041},{"id":101506,"n":"Boisson Cranberry  Bio Village   Bio - 1L","p":3.55,"u":"3,55 €/L","img":"https://fd8-photos.leclercdrive.fr/image.ashx?id=2958774&use=l&cat=p&typeid=i","cat":284915},{"id":101599,"n":"Crayons de couleur  Bic Intensity - x12","p":3.59,"u":"0,30 €/P","img":"https://fd8-photos.leclercdrive.fr/image.ashx?id=2177755&use=l&cat=p&typeid=i","cat":284696},{"id":101629,"n":"Pur jus clémentine Bio Village Bio - 1L","p":2.99,"u":"2,99 €/L","img":"https://fd8-photos.leclercdrive.fr/image.ashx?id=2901548&use=l&cat=p&typeid=i","cat":284915},{"id":101680,"n":"Goûter Bio Village Pépites de Chocolat Bio - 150g","p":2.09,"u":"13,93 €/KG","img":"https://fd8-photos.leclercdrive.fr/image.ashx?id=2783443&use=l&cat=p&typeid=i","cat":284495},{"id":101682,"n":"Chocolat noir Bio Ethiquable  Gianduja onctueux - 100g","p":3.2,"u":"32,00 €/KG","img":"https://fd8-photos.leclercdrive.fr/image.ashx?id=2870947&use=l&cat=p&typeid=i","cat":284956},{"id":101688,"n":"Gel concentré vaisselle UniVert Citron - 685ml","p":5.13,"u":"7,49 €/L","img":"https://fd8-photos.leclercdrive.fr/image.ashx?id=2903965&use=l&cat=p&typeid=i","cat":284655},{"id":101695,"n":"crème dessert chocolat danette - 8x125g","p":2.89,"u":"2,89 €/KG","img":"https://fd8-photos.leclercdrive.fr/image.ashx?id=2949841&use=l&cat=p&typeid=i","cat":285041},{"id":101696,"n":"crème dessert caramel danette - 4x125g","p":1.55,"u":"3,10 €/KG","img":"https://fd8-photos.leclercdrive.fr/image.ashx?id=2926236&use=l&cat=p&typeid=i","cat":285041},{"id":101697,"n":"crème dessert chocolat noisette danette - 4x125g","p":1.64,"u":"3,28 €/KG","img":"https://fd8-photos.leclercdrive.fr/image.ashx?id=2902630&use=l&cat=p&typeid=i","cat":285041},{"id":101699,"n":"crème dessert pistache danette - 4x125g","p":1.7,"u":"3,40 €/KG","img":"https://fd8-photos.leclercdrive.fr/image.ashx?id=1984885&use=l&cat=p&typeid=i","cat":285041},{"id":101701,"n":"crème dessert chocolat caramel vanille danette - 12x115g","p":3.51,"u":"2,54 €/KG","img":"https://fd8-photos.leclercdrive.fr/image.ashx?id=2949844&use=l&cat=p&typeid=i","cat":285041},{"id":101702,"n":"Crème dessert Danette Caramel - 6x125g","p":2.31,"u":"3,08 €/KG","img":"https://fd8-photos.leclercdrive.fr/image.ashx?id=2915398&use=l&cat=p&typeid=i","cat":285041},{"id":101707,"n":"crème dessert chocolat danette - 4x125g","p":1.51,"u":"3,02 €/KG","img":"https://fd8-photos.leclercdrive.fr/image.ashx?id=2927291&use=l&cat=p&typeid=i","cat":285041},{"id":101708,"n":"liégeois chocolat danette - 8x100g","p":2.87,"u":"3,59 €/KG","img":"https://fd8-photos.leclercdrive.fr/image.ashx?id=1984897&use=l&cat=p&typeid=i","cat":285042},{"id":101710,"n":"crème dessert chocolat noir danette - 4x125g","p":1.61,"u":"3,22 €/KG","img":"https://fd8-photos.leclercdrive.fr/image.ashx?id=2927294&use=l&cat=p&typeid=i","cat":285041},{"id":101711,"n":"Crème dessert Danette Chocolat Vanille - 12x115g","p":3.66,"u":"2,65 €/KG","img":"https://fd8-photos.leclercdrive.fr/image.ashx?id=2228528&use=l&cat=p&typeid=i","cat":285041},{"id":101712,"n":"crème dessert 3 chocolats danette - 12x115g","p":3.72,"u":"2,70 €/KG","img":"https://fd8-photos.leclercdrive.fr/image.ashx?id=2949847&use=l&cat=p&typeid=i","cat":285041},{"id":101762,"n":"Noix de St Jacques Eco+ Sans corail - MSC - 300g","p":6.85,"u":"22,83 €/KG","img":"https://fd8-photos.leclercdrive.fr/image.ashx?id=1655234&use=l&cat=p&typeid=i","cat":319787},{"id":101780,"n":"20 stylos-bille cristal Bic Assortis - 1 pièce","p":2.85,"img":"https://fd8-photos.leclercdrive.fr/image.ashx?id=2228567&use=l&cat=p&typeid=i","cat":284696},{"id":101833,"n":"Gel lavage Visior Concentré - 900ml","p":5.56,"u":"6,18 €/L","img":"https://fd8-photos.leclercdrive.fr/image.ashx?id=2598000&use=l&cat=p&typeid=i","cat":284657},{"id":101836,"n":"Pastilles anti-calcaire Texil x17","p":3.12,"u":"0,18 €/P","img":"https://fd8-photos.leclercdrive.fr/image.ashx?id=2964580&use=l&cat=p&typeid=i","cat":284653},{"id":101837,"n":"Pastilles anti-calcaire Texil x48","p":4.6,"u":"0,10 €/P","img":"https://fd8-photos.leclercdrive.fr/image.ashx?id=2964583&use=l&cat=p&typeid=i","cat":284653},{"id":101860,"n":"Ruban correcteur Tipp-Ex Bic Micro Tape Twist - x3","p":3.9,"u":"1,30 €/P","img":"https://fd8-photos.leclercdrive.fr/image.ashx?id=2576450&use=l&cat=p&typeid=i","cat":334133},{"id":101884,"n":"Moule 9 muffins En silicone renforcé x1","p":7.5,"img":"https://fd8-photos.leclercdrive.fr/image.ashx?id=1943295&use=l&cat=p&typeid=i","cat":298490},{"id":101887,"n":"Moule à cake en silicone renforcé - 24cm -x1","p":7.5,"img":"https://fd8-photos.leclercdrive.fr/image.ashx?id=1864536&use=l&cat=p&typeid=i","cat":298490},{"id":102006,"n":"Gel bain douche Manava Pamplemousse raisin blanc-500ml","p":2.37,"u":"4,74 €/L","img":"https://fd8-photos.leclercdrive.fr/image.ashx?id=2652870&use=l&cat=p&typeid=i","cat":284594},{"id":102007,"n":"Gel douche Manava Gommant - 250ml","p":1.3,"u":"5,20 €/L","img":"https://fd8-photos.leclercdrive.fr/image.ashx?id=2805042&use=l&cat=p&typeid=i","cat":284594},{"id":102008,"n":"Gel douche Manava Sans savon - 500ml","p":1.82,"u":"3,64 €/L","img":"https://fd8-photos.leclercdrive.fr/image.ashx?id=2741303&use=l&cat=p&typeid=i","cat":284594},{"id":102011,"n":"Crème désaltérante jour So Bio  Aloe Vera bio  - 50ml","p":8.29,"u":"165,80 €/L","img":"https://fd8-photos.leclercdrive.fr/image.ashx?id=2644223&use=l&cat=p&typeid=i","cat":325345},{"id":102012,"n":"Déodorant bille bio So Bio Etic Tous types de peau - 50ml","p":4.72,"u":"94,40 €/L","img":"https://fd8-photos.leclercdrive.fr/image.ashx?id=2986606&use=l&cat=p&typeid=i","cat":284595},{"id":102027,"n":"Crème visage La Provençale Bio  Hydratante 48h - 50ml","p":6.46,"u":"129,20 €/L","img":"https://fd8-photos.leclercdrive.fr/image.ashx?id=2335922&use=l&cat=p&typeid=i","cat":325345},{"id":102077,"n":"Champignons de Paris bruns bio Bio Village - Barquette 200g","p":2.49,"u":"12,45 €/KG","img":"https://fd8-photos.leclercdrive.fr/image.ashx?id=2960559&use=l&cat=p&typeid=i","cat":284352},{"id":102079,"n":"Spaghetti Côté Table Bolognaise - 300g","p":3.2,"u":"10,67 €/KG","img":"https://fd8-photos.leclercdrive.fr/image.ashx?id=2674951&use=l&cat=p&typeid=i","cat":333665},{"id":102094,"n":"Tablette de chocolat noir Lindt Noir : 78% cacao - 2x100g","p":4.5,"u":"22,50 €/KG","img":"https://fd8-photos.leclercdrive.fr/image.ashx?id=2214744&use=l&cat=p&typeid=i","cat":284956},{"id":102211,"n":"Boule à thé acier inoxydable Feuille silicone M24","p":1.99,"img":"https://fd8-photos.leclercdrive.fr/image.ashx?id=2022897&use=l&cat=p&typeid=i","cat":334135},{"id":102234,"n":"Nouvelle recharge Smarteo + 1 pièce","p":7.5,"img":"https://fd8-photos.leclercdrive.fr/image.ashx?id=2570433&use=l&cat=p&typeid=i","cat":284669},{"id":102259,"n":"Roller Gelocity Bic Illusion bleu - 1 pièce","p":4.7,"img":"https://fd8-photos.leclercdrive.fr/image.ashx?id=2177752&use=l&cat=p&typeid=i","cat":284696},{"id":102338,"n":"Muesli fruits rouges bio  Terres et Céréales - 500g","p":4.83,"u":"9,66 €/KG","img":"https://fd8-photos.leclercdrive.fr/image.ashx?id=2802443&use=l&cat=p&typeid=i","cat":309512},{"id":102374,"n":"Bière sans alcool Tourtel Twist Cerise 0,0° - 6x27,5cl","p":4.53,"u":"2,75 €/L","img":"https://fd8-photos.leclercdrive.fr/image.ashx?id=2688803&use=l&cat=p&typeid=i","cat":334877},{"id":102438,"n":"Huile d'olive Ethiquable Tunisie - Bio - 50cl","p":8.06,"u":"16,12 €/L","img":"https://fd8-photos.leclercdrive.fr/image.ashx?id=2875486&use=l&cat=p&typeid=i","cat":284453},{"id":102441,"n":"Riz jasmin Ethiquable bio Riz complet cambodge - 500g","p":3.2,"u":"6,40 €/KG","img":"https://fd8-photos.leclercdrive.fr/image.ashx?id=2875507&use=l&cat=p&typeid=i","cat":284428},{"id":102446,"n":"Chocolat noir Bio Ethiquable Amande - 100g","p":3.1,"u":"31,00 €/KG","img":"https://fd8-photos.leclercdrive.fr/image.ashx?id=2870944&use=l&cat=p&typeid=i","cat":284956},{"id":102453,"n":"Chocolat au lait Bio Ethiquable  53% Guatemala - 100g","p":3.1,"u":"31,00 €/KG","img":"https://fd8-photos.leclercdrive.fr/image.ashx?id=2870908&use=l&cat=p&typeid=i","cat":284497},{"id":102459,"n":"Café moulu Bio Ethiquable  100% arabica Pérou - 500g","p":9.37,"u":"18,74 €/KG","img":"https://fd8-photos.leclercdrive.fr/image.ashx?id=2876830&use=l&cat=p&typeid=i","cat":284750},{"id":102460,"n":"Café moulu Bio Ethiquable  100% arabica Colombie - 250g","p":5.04,"u":"20,16 €/KG","img":"https://fd8-photos.leclercdrive.fr/image.ashx?id=2876824&use=l&cat=p&typeid=i","cat":284750},{"id":102461,"n":"Café grains Bio Ethiquable  100% arabica Pérou - 1kg","p":19.66,"u":"19,66 €/KG","img":"https://fd8-photos.leclercdrive.fr/image.ashx?id=2876839&use=l&cat=p&typeid=i","cat":293237},{"id":102480,"n":"Petits Suisses Gervais 9,5%MG - 12x60g","p":2.44,"u":"3,39 €/KG","img":"https://fd8-photos.leclercdrive.fr/image.ashx?id=2230381&use=l&cat=p&typeid=i","cat":284409},{"id":102527,"n":"Farine Bio Paysans d'Ici Farine petit épeautre - 500g","p":4.45,"u":"8,90 €/KG","img":"https://fd8-photos.leclercdrive.fr/image.ashx?id=2916309&use=l&cat=p&typeid=i","cat":288382},{"id":102550,"n":"Sauce espelette Giraudet 250g","p":3.25,"u":"13,00 €/KG","img":"https://fd8-photos.leclercdrive.fr/image.ashx?id=1890673&use=l&cat=p&typeid=i","cat":284382},{"id":102552,"n":"Sauce morilles Giraudet 250g","p":4.27,"u":"17,08 €/KG","img":"https://fd8-photos.leclercdrive.fr/image.ashx?id=1933398&use=l&cat=p&typeid=i","cat":284382},{"id":102589,"n":"Chocolat Sensation fruit Lindt Framboise/Cranberry - 160g","p":3.38,"u":"21,13 €/KG","img":"https://fd8-photos.leclercdrive.fr/image.ashx?id=2208954&use=l&cat=p&typeid=i","cat":304238},{"id":102617,"n":"Eau minérale naturelle Vittel 1.5L","p":0.47,"u":"0,31 €/L","img":"https://fd8-photos.leclercdrive.fr/image.ashx?id=3002216&use=l&cat=p&typeid=i","cat":284535},{"id":102621,"n":"Eau minérale naturelle Evian 1.5 litre","p":0.53,"u":"0,35 €/L","img":"https://fd8-photos.leclercdrive.fr/image.ashx?id=2340735&use=l&cat=p&typeid=i","cat":284535},{"id":102665,"n":"AOC Crémant Bordeaux Jaillance Brut - 75cl","p":6.66,"u":"8,88 €/L","img":"https://fd8-photos.leclercdrive.fr/image.ashx?id=2868437&use=l&cat=p&typeid=i","cat":284545},{"id":102667,"n":"Haricots verts D'Aucy Extra fin - 58cl - 280g","p":2.79,"u":"9,96 €/KG","img":"https://fd8-photos.leclercdrive.fr/image.ashx?id=2110005&use=l&cat=p&typeid=i","cat":312606},{"id":102669,"n":"Capsules café L'Or Espresso Or Rose N°7 x10","p":3.72,"u":"71,54 €/KG","img":"https://fd8-photos.leclercdrive.fr/image.ashx?id=2100290&use=l&cat=p&typeid=i","cat":284749},{"id":102676,"n":"Capsules café L'Or Barista Double Espresso N°7 x10","p":4.81,"u":"46,25 €/KG","img":"https://fd8-photos.leclercdrive.fr/image.ashx?id=1742978&use=l&cat=p&typeid=i","cat":284749},{"id":102698,"n":"Eau minérale naturelle Contrex 1.5L","p":0.5,"u":"0,33 €/L","img":"https://fd8-photos.leclercdrive.fr/image.ashx?id=2737045&use=l&cat=p&typeid=i","cat":284535},{"id":102819,"n":"Panaché Falsbourg Grenadine <0,5% - 20x25cl","p":5.99,"u":"1,20 €/L","img":"https://fd8-photos.leclercdrive.fr/image.ashx?id=2637964&use=l&cat=p&typeid=i","cat":334877},{"id":102829,"n":"Bandeaux Copains Copines Colorés - 200g","p":1.13,"u":"5,65 €/KG","img":"https://fd8-photos.leclercdrive.fr/image.ashx?id=2934745&use=l&cat=p&typeid=i","cat":304250},{"id":102834,"n":"Fils Copains Copines Colorés - 200g","p":1.09,"u":"5,45 €/KG","img":"https://fd8-photos.leclercdrive.fr/image.ashx?id=2409863&use=l&cat=p&typeid=i","cat":304250},{"id":102892,"n":"Céréales Jordans Granola Amande Noisette et Graine - 400g","p":3.63,"u":"9,08 €/KG","img":"https://fd8-photos.leclercdrive.fr/image.ashx?id=2475909&use=l&cat=p&typeid=i","cat":309512},{"id":103027,"n":"AOC Bordeaux Supérieur rouge Haussmann Baron Eugène - 75cl","p":5.1,"pp":3.57,"u":"4,76 €/L","img":"https://fd8-photos.leclercdrive.fr/image.ashx?id=1663474&use=l&cat=p&typeid=i","cat":289556},{"id":103032,"n":"Baguette viennoise  La Boulangère - x6 - 510g","p":2.3,"pp":1.61,"u":"3,16 €/KG","img":"https://fd8-photos.leclercdrive.fr/image.ashx?id=2912413&use=l&cat=p&typeid=i","cat":284985},{"id":103036,"n":"Pâte brisée Marie Pur beurre - 230g","p":1.37,"u":"5,96 €/KG","img":"https://fd8-photos.leclercdrive.fr/image.ashx?id=2318540&use=l&cat=p&typeid=i","cat":333681},{"id":103046,"n":"Céréales Trésor Kellogg's Chocolat Noisette - 750g","p":4.54,"u":"6,05 €/KG","img":"https://fd8-photos.leclercdrive.fr/image.ashx?id=2586291&use=l&cat=p&typeid=i","cat":309513},{"id":103047,"n":"Nutella Biscuit pâte à tartiner Cacao Noisettes - 304g","p":2.99,"u":"9,84 €/KG","img":"https://fd8-photos.leclercdrive.fr/image.ashx?id=2896432&use=l&cat=p&typeid=i","cat":284488},{"id":103063,"n":"Paille Pik Haribo Sachet bonbons acidulés - 180g","p":1.75,"u":"9,72 €/KG","img":"https://fd8-photos.leclercdrive.fr/image.ashx?id=2984922&use=l&cat=p&typeid=i","cat":304250},{"id":103074,"n":"Tajine de Légumes Grillés Cassegrain à la Coriandre 375g","p":3.85,"u":"10,27 €/KG","img":"https://fd8-photos.leclercdrive.fr/image.ashx?id=2636955&use=l&cat=p&typeid=i","cat":312612},{"id":103078,"n":"Cocobat Haribo Sachet bonbons réglisse - 300g","p":1.85,"u":"6,17 €/KG","img":"https://fd8-photos.leclercdrive.fr/image.ashx?id=2805231&use=l&cat=p&typeid=i","cat":304250},{"id":103094,"n":"Crème légère semi épaisse  Bridélice 18%mg - 2x25cl","p":2.76,"u":"5,52 €/L","img":"https://fd8-photos.leclercdrive.fr/image.ashx?id=2806156&use=l&cat=p&typeid=i","cat":284381},{"id":103104,"n":"Crème entière 30% Président 2x25cl","p":3.79,"u":"7,58 €/L","img":"https://fd8-photos.leclercdrive.fr/image.ashx?id=2973577&use=l&cat=p&typeid=i","cat":284381},{"id":103144,"n":"Bière blonde Bud 5% - 6x25cl","p":5.15,"u":"3,43 €/L","img":"https://fd8-photos.leclercdrive.fr/image.ashx?id=2481032&use=l&cat=p&typeid=i","cat":334873},{"id":103149,"n":"Bananes françaises 5 fruits","p":2.89,"img":"https://fd8-photos.leclercdrive.fr/image.ashx?id=1746143&use=l&cat=p&typeid=i","cat":284356},{"id":103157,"n":"Rissolées Pom Bistro à la Graisse de Canard - 500g","p":3.79,"pp":2.65,"u":"5,30 €/KG","img":"https://fd8-photos.leclercdrive.fr/image.ashx?id=2866430&use=l&cat=p&typeid=i","cat":319792},{"id":103158,"n":"Tartine Grilletine de Pasquier Sans sucre ajouté - x18 - 255g","p":2.09,"u":"8,20 €/KG","img":"https://fd8-photos.leclercdrive.fr/image.ashx?id=2333057&use=l&cat=p&typeid=i","cat":284479},{"id":103185,"n":"Eau minérale naturelle Volvic fontaine - 8L","p":2.78,"u":"0,35 €/L","img":"https://fd8-photos.leclercdrive.fr/image.ashx?id=2771675&use=l&cat=p&typeid=i","cat":284535},{"id":103191,"n":"Bière sans alcool Tourtel Twist Pêche 0,0° - 6x27,5cl","p":4.51,"u":"2,73 €/L","img":"https://fd8-photos.leclercdrive.fr/image.ashx?id=2896564&use=l&cat=p&typeid=i","cat":334877},{"id":103197,"n":"Boisson thé infusé Fresh Tea Passion - 1L","p":0.99,"u":"0,99 €/L","img":"https://fd8-photos.leclercdrive.fr/image.ashx?id=2622278&use=l&cat=p&typeid=i","cat":295019},{"id":103280,"n":"Sel marin Herbamare Bio - 275g","p":3.64,"u":"13,24 €/KG","img":"https://fd8-photos.leclercdrive.fr/image.ashx?id=2099744&use=l&cat=p&typeid=i","cat":284457},{"id":103285,"n":"Poisson pané Findus Colin  Alaska Fish and Chips x4 - 400g","p":2.95,"u":"7,38 €/KG","img":"https://fd8-photos.leclercdrive.fr/image.ashx?id=2985348&use=l&cat=p&typeid=i","cat":319788},{"id":103300,"n":"Infusion Jardin Bio Digestion bio - 20 sachet - 28g","p":2.62,"u":"93,57 €/KG","img":"https://fd8-photos.leclercdrive.fr/image.ashx?id=2990685&use=l&cat=p&typeid=i","cat":293234},{"id":103315,"n":"AOP Côtes de Provence rosé Château Reillanne - 75cl","p":9.47,"u":"12,63 €/L","img":"https://fd8-photos.leclercdrive.fr/image.ashx?id=2669487&use=l&cat=p&typeid=i","cat":289558},{"id":103317,"n":"Sauce Jardin Biologique Arrabbiata - 200g","p":1.84,"u":"9,20 €/KG","img":"https://fd8-photos.leclercdrive.fr/image.ashx?id=1963170&use=l&cat=p&typeid=i","cat":287599},{"id":103381,"n":"Whisky Grant's  Triple wood 40%vol - 70cl","p":13.98,"u":"19,97 €/L","img":"https://fd8-photos.leclercdrive.fr/image.ashx?id=2866022&use=l&cat=p&typeid=i","cat":284547},{"id":103384,"n":"IGP Whisky Grant's  Triple wood - 40%vol - 1L","p":17.25,"u":"17,25 €/L","img":"https://fd8-photos.leclercdrive.fr/image.ashx?id=2917531&use=l&cat=p&typeid=i","cat":284547},{"id":103436,"n":"Wrap au blé nature Mission 370g","p":3.06,"u":"8,27 €/KG","img":"https://fd8-photos.leclercdrive.fr/image.ashx?id=2890499&use=l&cat=p&typeid=i","cat":288993},{"id":103437,"n":"Wrap multigrains Mission 370g","p":3.56,"u":"9,62 €/KG","img":"https://fd8-photos.leclercdrive.fr/image.ashx?id=2890505&use=l&cat=p&typeid=i","cat":288993},{"id":103438,"n":"Wrap epeautre/avoine Mission 370g","p":3.2,"u":"8,65 €/KG","img":"https://fd8-photos.leclercdrive.fr/image.ashx?id=2890502&use=l&cat=p&typeid=i","cat":288993},{"id":103439,"n":"Wrap au blé complet 370g","p":2.69,"u":"7,27 €/KG","img":"https://fd8-photos.leclercdrive.fr/image.ashx?id=2890508&use=l&cat=p&typeid=i","cat":288993},{"id":103453,"n":"Panaché Falsbourg Grenadine - <0,5% vol. - 6x25cl","p":2.71,"u":"1,81 €/L","img":"https://fd8-photos.leclercdrive.fr/image.ashx?id=2637961&use=l&cat=p&typeid=i","cat":334877},{"id":103470,"n":"Croquettes chat Purina One Poulet chat adulte - 450g","p":2.62,"u":"5,82 €/KG","img":"https://fd8-photos.leclercdrive.fr/image.ashx?id=2902265&use=l&cat=p&typeid=i","cat":284680},{"id":103479,"n":"Tartine Petit Dej Jacquet Complet - 410g","p":1.58,"u":"3,85 €/KG","img":"https://fd8-photos.leclercdrive.fr/image.ashx?id=2991849&use=l&cat=p&typeid=i","cat":284477},{"id":103499,"n":"Apéritif prêt à boire Martini Rossini 8° - 75cl","p":8.3,"u":"11,07 €/L","img":"https://fd8-photos.leclercdrive.fr/image.ashx?id=2866831&use=l&cat=p&typeid=i","cat":289461},{"id":103500,"n":"Panaché Falsbourg <0.5% vol. - 20x25cl","p":5.95,"u":"1,19 €/L","img":"https://fd8-photos.leclercdrive.fr/image.ashx?id=2637970&use=l&cat=p&typeid=i","cat":334877},{"id":103503,"n":"Capsules Nescafé Dolce Gusto  Espresso Intenso - x16","p":4.68,"u":"41,79 €/KG","img":"https://fd8-photos.leclercdrive.fr/image.ashx?id=3009110&use=l&cat=p&typeid=i","cat":293239},{"id":103505,"n":"Barre de céréales Nature Valley Protéine chocolat x4-160g","p":2.62,"u":"16,38 €/KG","img":"https://fd8-photos.leclercdrive.fr/image.ashx?id=2657000&use=l&cat=p&typeid=i","cat":285869},{"id":103509,"n":"Yaourt à boire Yop Aromatisé Fraise - 825g","p":1.7,"u":"2,06 €/KG","img":"https://fd8-photos.leclercdrive.fr/image.ashx?id=2855564&use=l&cat=p&typeid=i","cat":284415},{"id":103561,"n":"Barre de céréales Nature Valley  Protéine caramel salé x4 - 160","p":2.85,"u":"17,81 €/KG","img":"https://fd8-photos.leclercdrive.fr/image.ashx?id=2657003&use=l&cat=p&typeid=i","cat":285869},{"id":103563,"n":"Batonnets de glace Nuii Salted Caramel macadamia - 272g","p":4.4,"u":"16,18 €/KG","img":"https://fd8-photos.leclercdrive.fr/image.ashx?id=2506798&use=l&cat=p&typeid=i","cat":284265},{"id":103566,"n":"Batonnets de glaces Nuii Almond & java vanilla - x4","p":4.65,"u":"17,35 €/KG","img":"https://fd8-photos.leclercdrive.fr/image.ashx?id=2506801&use=l&cat=p&typeid=i","cat":284265},{"id":103619,"n":"Crème glacée Häagen-Dazs  Vanille - 400g","p":4.62,"u":"11,55 €/KG","img":"https://fd8-photos.leclercdrive.fr/image.ashx?id=2893429&use=l&cat=p&typeid=i","cat":284725},{"id":103621,"n":"Crème glacée Häagen-Dazs  Vanille pécan - 400g","p":4.65,"u":"11,63 €/KG","img":"https://fd8-photos.leclercdrive.fr/image.ashx?id=2893438&use=l&cat=p&typeid=i","cat":284725},{"id":103622,"n":"Crème glacée Häagen-Dazs Caramel speculoos Lotus - 400g","p":4.54,"u":"11,35 €/KG","img":"https://fd8-photos.leclercdrive.fr/image.ashx?id=2893441&use=l&cat=p&typeid=i","cat":284725},{"id":103657,"n":"Crème glacée Häagen-Dazs  Vanille noix macadamia - 400g","p":4.66,"u":"11,65 €/KG","img":"https://fd8-photos.leclercdrive.fr/image.ashx?id=2893444&use=l&cat=p&typeid=i","cat":284725},{"id":103661,"n":"Crème glacée Häagen-Dazs  Vanille caramel brownie - 386g","p":5.05,"u":"13,08 €/KG","img":"https://fd8-photos.leclercdrive.fr/image.ashx?id=2893468&use=l&cat=p&typeid=i","cat":284725},{"id":103665,"n":"Mini pots Häagen-Dazs  Caramel attraction x4 - 318g","p":5.2,"u":"16,20 €/KG","img":"https://fd8-photos.leclercdrive.fr/image.ashx?id=2992852&use=l&cat=p&typeid=i","cat":284725},{"id":103680,"n":"Mini pots Häagen-Dazs Vanille  noix de macadamia x4 - 324g","p":5.11,"u":"15,77 €/KG","img":"https://fd8-photos.leclercdrive.fr/image.ashx?id=3000162&use=l&cat=p&typeid=i","cat":284725},{"id":103684,"n":"Mini pots Häagen-Dazs  Favorite selection x4 - 318g","p":5.04,"u":"15,85 €/KG","img":"https://fd8-photos.leclercdrive.fr/image.ashx?id=3000165&use=l&cat=p&typeid=i","cat":284725},{"id":103726,"n":"Masque Violet Démêlant Elsève Color-Vive - 150ml","p":5.62,"u":"37,47 €/L","img":"https://fd8-photos.leclercdrive.fr/image.ashx?id=2439281&use=l&cat=p&typeid=i","cat":284608},{"id":103728,"n":"Shampoing Violet Elsève Color-Vive Déjaunisseur - 200ml","p":2.98,"u":"14,90 €/L","img":"https://fd8-photos.leclercdrive.fr/image.ashx?id=2278121&use=l&cat=p&typeid=i","cat":284606},{"id":103780,"n":"Pâte feuilletée Marie Pur beurre - 230g","p":1.35,"u":"5,87 €/KG","img":"https://fd8-photos.leclercdrive.fr/image.ashx?id=2318543&use=l&cat=p&typeid=i","cat":333681},{"id":103800,"n":"Bière blonde Leffe  6,6% - 12x25cl","p":9.25,"u":"3,08 €/L","img":"https://fd8-photos.leclercdrive.fr/image.ashx?id=2995424&use=l&cat=p&typeid=i","cat":334852},{"id":103813,"n":"Yaourt à boire Yop Aromatisé Vanille - 825g","p":1.7,"u":"2,06 €/KG","img":"https://fd8-photos.leclercdrive.fr/image.ashx?id=2855570&use=l&cat=p&typeid=i","cat":284415},{"id":103818,"n":"Mangue Douceur du Verger Morceaux - 650g","p":5.71,"u":"8,78 €/KG","img":"https://fd8-photos.leclercdrive.fr/image.ashx?id=2898257&use=l&cat=p&typeid=i","cat":284268},{"id":103844,"n":"IGP Ile de Beauté vin rosé Terres Ocrées 12% vol - 75cl","p":3.99,"u":"5,32 €/L","img":"https://fd8-photos.leclercdrive.fr/image.ashx?id=2846526&use=l&cat=p&typeid=i","cat":289558},{"id":103885,"n":"Fromage Cœur de Lion  Pointe de Brie - 200g","p":1.98,"u":"9,90 €/KG","img":"https://fd8-photos.leclercdrive.fr/image.ashx?id=2770416&use=l&cat=p&typeid=i","cat":314033},{"id":103891,"n":"Crème glacée Häagen-Dazs  Caramel au beurre salé - 400g","p":4.73,"u":"11,83 €/KG","img":"https://fd8-photos.leclercdrive.fr/image.ashx?id=2893435&use=l&cat=p&typeid=i","cat":284725},{"id":103914,"n":"Whisky Bushmill's Classic 40%vol - 70cl","p":19.17,"u":"27,39 €/L","img":"https://fd8-photos.leclercdrive.fr/image.ashx?id=2484449&use=l&cat=p&typeid=i","cat":284547},{"id":103918,"n":"Bâtonnets  Maple  Peanut Butter et candian - x4","p":4.83,"u":"1,21 €/P","img":"https://fd8-photos.leclercdrive.fr/image.ashx?id=2506810&use=l&cat=p&typeid=i","cat":284265},{"id":103922,"n":"Batonnets Nuii White chocolate&scandinavia x4","p":4.39,"u":"1,10 €/P","img":"https://fd8-photos.leclercdrive.fr/image.ashx?id=2922149&use=l&cat=p&typeid=i","cat":284265},{"id":103945,"n":"Escalope de dinde Le Gaulois Oui C'est Bon x2 - 240g","p":3.88,"u":"16,17 €/KG","img":"https://fd8-photos.leclercdrive.fr/image.ashx?id=2605580&use=l&cat=p&typeid=i","cat":284337},{"id":103949,"n":"Nettoyant universel anti-traces 750ml","p":2.95,"u":"3,93 €/L","img":"https://fd8-photos.leclercdrive.fr/image.ashx?id=3000731&use=l&cat=p&typeid=i","cat":325357},{"id":103957,"n":"Pierre du droguiste Briochin Ecocert - 300g","p":7.11,"u":"23,70 €/KG","img":"https://fd8-photos.leclercdrive.fr/image.ashx?id=3011395&use=l&cat=p&typeid=i","cat":325365},{"id":103969,"n":"Escalope de dinde Le Gaulois Fine - Oui C'est Bon x2 - 240g","p":4.16,"u":"17,33 €/KG","img":"https://fd8-photos.leclercdrive.fr/image.ashx?id=2605574&use=l&cat=p&typeid=i","cat":284337},{"id":103993,"n":"IGP Méditerranée rosé St Sagnol - 75cl","p":3.78,"u":"5,04 €/L","img":"https://fd8-photos.leclercdrive.fr/image.ashx?id=2923768&use=l&cat=p&typeid=i","cat":289558},{"id":104008,"n":"Jus innocent tutti frutti 900ml","p":2.83,"u":"3,14 €/L","img":"https://fd8-photos.leclercdrive.fr/image.ashx?id=2861737&use=l&cat=p&typeid=i","cat":285435},{"id":104019,"n":"Rhum paille St James 40%vol - 70cl","p":12.89,"u":"18,41 €/L","img":"https://fd8-photos.leclercdrive.fr/image.ashx?id=2970867&use=l&cat=p&typeid=i","cat":284550},{"id":104053,"n":"Perle duo Gourmet Poisson et viandes - 12x85g","p":6.22,"u":"6,10 €/KG","img":"https://fd8-photos.leclercdrive.fr/image.ashx?id=2861761&use=l&cat=p&typeid=i","cat":285286},{"id":104062,"n":"Brioches Doowap Harrys X8 -320g Pépites choco sans additif","p":2.29,"u":"7,16 €/KG","img":"https://fd8-photos.leclercdrive.fr/image.ashx?id=2502998&use=l&cat=p&typeid=i","cat":293505},{"id":104073,"n":"100% Pur Jus Jafaden Pamplemousse- 1L","p":1.99,"u":"1,99 €/L","img":"https://fd8-photos.leclercdrive.fr/image.ashx?id=2956771&use=l&cat=p&typeid=i","cat":284914},{"id":104087,"n":"IGP Méditerranée vin rosé Terres Ocrées - 75cl","p":2.75,"u":"3,67 €/L","img":"https://fd8-photos.leclercdrive.fr/image.ashx?id=2894743&use=l&cat=p&typeid=i","cat":289558},{"id":104089,"n":"AOP Champagne Fondateur Vranken Brut - 75cl","p":18.01,"u":"24,01 €/L","img":"https://fd8-photos.leclercdrive.fr/image.ashx?id=2662012&use=l&cat=p&typeid=i","cat":284542},{"id":104090,"n":"Bouillon Cube Bio Maggi Volaille - 80g","p":1.84,"u":"23,00 €/KG","img":"https://fd8-photos.leclercdrive.fr/image.ashx?id=2882923&use=l&cat=p&typeid=i","cat":288379},{"id":104091,"n":"Bouillon Bio Cube Maggi Légumes - 80g","p":1.86,"u":"23,25 €/KG","img":"https://fd8-photos.leclercdrive.fr/image.ashx?id=2737786&use=l&cat=p&typeid=i","cat":288379},{"id":104092,"n":"Tagada Zip Fraîcheur Haribo Sachet bonbons - 220g","p":1.36,"u":"6,18 €/KG","img":"https://fd8-photos.leclercdrive.fr/image.ashx?id=2802359&use=l&cat=p&typeid=i","cat":304250},{"id":104097,"n":"Fruits au sirop St Mamet Pêche douceur - 4x65g","p":3.41,"u":"13,12 €/KG","img":"https://fd8-photos.leclercdrive.fr/image.ashx?id=2429224&use=l&cat=p&typeid=i","cat":284507},{"id":104109,"n":"Les Timbales Gourmet Gold Boeuf plet saumon - 12x85g","p":6.71,"u":"6,58 €/KG","img":"https://fd8-photos.leclercdrive.fr/image.ashx?id=2861764&use=l&cat=p&typeid=i","cat":285286},{"id":104110,"n":"Fruits au sirop St Mamet Cocktail de fruits - 4x65g","p":3.19,"u":"12,27 €/KG","img":"https://fd8-photos.leclercdrive.fr/image.ashx?id=2429230&use=l&cat=p&typeid=i","cat":284507},{"id":104113,"n":"Brioches Doowap Harrys X12-480g Pépites choco sans additif","p":3.67,"u":"7,65 €/KG","img":"https://fd8-photos.leclercdrive.fr/image.ashx?id=2503001&use=l&cat=p&typeid=i","cat":293505},{"id":104114,"n":"Brioches Doowap Harrys X8 -320g Pépites choco lait sans additif","p":2.4,"u":"7,50 €/KG","img":"https://fd8-photos.leclercdrive.fr/image.ashx?id=2503004&use=l&cat=p&typeid=i","cat":293505},{"id":104115,"n":"Brioches Doowap Harrys X12-480g Pépites choco lait sans additif","p":3.68,"u":"7,67 €/KG","img":"https://fd8-photos.leclercdrive.fr/image.ashx?id=2503007&use=l&cat=p&typeid=i","cat":293505},{"id":104121,"n":"Noix de cajou Benenuts Grillées à sec -165g","p":4.5,"u":"27,27 €/KG","img":"https://fd8-photos.leclercdrive.fr/image.ashx?id=2391786&use=l&cat=p&typeid=i","cat":284448},{"id":104188,"n":"Chips Tyrrell's Légèrement salées - 150g","p":2.19,"u":"14,60 €/KG","img":"https://fd8-photos.leclercdrive.fr/image.ashx?id=2924731&use=l&cat=p&typeid=i","cat":284447},{"id":104193,"n":"Coton-tiges Inell Recharge Tiges papier - x160","p":0.4,"img":"https://fd8-photos.leclercdrive.fr/image.ashx?id=2357704&use=l&cat=p&typeid=i","cat":284636},{"id":104194,"n":"Coton-tige Lotus Bio - x160 bâtonnets","p":0.78,"img":"https://fd8-photos.leclercdrive.fr/image.ashx?id=2506840&use=l&cat=p&typeid=i","cat":284636},{"id":104245,"n":"Pizzas Crousti Moelleuse Marie 4 fromages 2+1 offerte 1.530kg","p":8.33,"u":"5,44 €/KG","img":"https://fd8-photos.leclercdrive.fr/image.ashx?id=1876709&use=l&cat=p&typeid=i","cat":284256},{"id":104248,"n":"Pizzas Crousti Moelleuse Marie Extrême Américaine 2+ 1 offerte","p":8.08,"u":"5,08 €/KG","img":"https://fd8-photos.leclercdrive.fr/image.ashx?id=2996659&use=l&cat=p&typeid=i","cat":284256},{"id":104290,"n":"Pain de mie Schär - Vital Sans gluten - 350g","p":3.66,"u":"10,46 €/KG","img":"https://fd8-photos.leclercdrive.fr/image.ashx?id=2674890&use=l&cat=p&typeid=i","cat":318654},{"id":104291,"n":"Pignons de pins Sainte-Lucie Parasol - Sachet 50g","p":3.68,"u":"73,60 €/KG","img":"https://fd8-photos.leclercdrive.fr/image.ashx?id=2774334&use=l&cat=p&typeid=i","cat":284504},{"id":104306,"n":"Fromage Bleu de brebis Société  110g","p":2.5,"u":"22,73 €/KG","img":"https://fd8-photos.leclercdrive.fr/image.ashx?id=2729725&use=l&cat=p&typeid=i","cat":314032},{"id":104324,"n":"Pâtes de Fruits GERBLE   -  6 sachets 162g","p":2.77,"u":"17,10 €/KG","img":"https://fd8-photos.leclercdrive.fr/image.ashx?id=2664082&use=l&cat=p&typeid=i","cat":318652},{"id":104325,"n":"Barres Figue GERBLE   - 150g","p":2.79,"u":"18,60 €/KG","img":"https://fd8-photos.leclercdrive.fr/image.ashx?id=2664085&use=l&cat=p&typeid=i","cat":318652},{"id":104468,"n":"Fromage apéritif Apéricube Long drink 48 cubes","p":4.17,"u":"16,68 €/KG","img":"https://fd8-photos.leclercdrive.fr/image.ashx?id=2882674&use=l&cat=p&typeid=i","cat":314027},{"id":104470,"n":"Fromage apéritif Apéricube Tonic 48 cubes","p":4.2,"u":"16,80 €/KG","img":"https://fd8-photos.leclercdrive.fr/image.ashx?id=2882677&use=l&cat=p&typeid=i","cat":314027},{"id":104471,"n":"Fromage apéritif Apericube  Cocktail 48 cubes","p":4.17,"u":"16,68 €/KG","img":"https://fd8-photos.leclercdrive.fr/image.ashx?id=2882680&use=l&cat=p&typeid=i","cat":314027},{"id":104555,"n":"Yaourts à boire Yop Yoplait Citron - 850g","p":2.1,"u":"2,47 €/KG","img":"https://fd8-photos.leclercdrive.fr/image.ashx?id=2855540&use=l&cat=p&typeid=i","cat":284415},{"id":104564,"n":"Yaourt à boire Yop de Yoplait Fraise - 850g","p":1.88,"u":"2,21 €/KG","img":"https://fd8-photos.leclercdrive.fr/image.ashx?id=2855546&use=l&cat=p&typeid=i","cat":284415},{"id":104565,"n":"Yaourt à boire Yoplait Fraise/banane - 850g","p":1.84,"u":"2,16 €/KG","img":"https://fd8-photos.leclercdrive.fr/image.ashx?id=2855549&use=l&cat=p&typeid=i","cat":284415},{"id":104566,"n":"Yaourt Yop de Yoplait Framboise - 850g","p":2.27,"u":"2,67 €/KG","img":"https://fd8-photos.leclercdrive.fr/image.ashx?id=2855552&use=l&cat=p&typeid=i","cat":284415},{"id":104567,"n":"Yaourt à boire Yop Yoplait Vanille - 850g","p":1.88,"u":"2,21 €/KG","img":"https://fd8-photos.leclercdrive.fr/image.ashx?id=2855555&use=l&cat=p&typeid=i","cat":284415},{"id":104616,"n":"Salade thai Pierre Martinet 250g","p":2.23,"u":"8,92 €/KG","img":"https://fd8-photos.leclercdrive.fr/image.ashx?id=2504779&use=l&cat=p&typeid=i","cat":333657},{"id":104619,"n":"Brioche saucisson de Lyon 380g","p":5.4,"u":"14,21 €/KG","img":"https://fd8-photos.leclercdrive.fr/image.ashx?id=2685045&use=l&cat=p&typeid=i","cat":316006},{"id":104669,"n":"Bière blonde Bud 5% - 20x25cl","p":13.82,"u":"2,76 €/L","img":"https://fd8-photos.leclercdrive.fr/image.ashx?id=3009047&use=l&cat=p&typeid=i","cat":334873},{"id":104671,"n":"Pâté en croûte Le Bistronome Jambon pistache - 450g","p":2.97,"u":"6,60 €/KG","img":"https://fd8-photos.leclercdrive.fr/image.ashx?id=2526390&use=l&cat=p&typeid=i","cat":316003},{"id":104684,"n":"Yaourt bifidus Activia vanille framboise - 16x125g","p":4.29,"u":"2,15 €/KG","img":"https://fd8-photos.leclercdrive.fr/image.ashx?id=2741802&use=l&cat=p&typeid=i","cat":315000},{"id":104720,"n":"Papier toilette humide Fess'net Peaux normales Vert Ylang - x50","p":1.83,"u":"0,04 €/P","img":"https://fd8-photos.leclercdrive.fr/image.ashx?id=2990934&use=l&cat=p&typeid=i","cat":284634},{"id":104722,"n":"Papier toilette humide Fess'net Peaux fragiles Sensitive - x50","p":1.55,"u":"0,03 €/P","img":"https://fd8-photos.leclercdrive.fr/image.ashx?id=2990931&use=l&cat=p&typeid=i","cat":284634},{"id":104727,"n":"Papier toilette humide Fess'net Peaux normales à sensibles- x50","p":1.99,"u":"0,04 €/P","img":"https://fd8-photos.leclercdrive.fr/image.ashx?id=2990937&use=l&cat=p&typeid=i","cat":284634},{"id":104880,"n":"Barres Céréales Extra Kellogg's Chocolat au lait - 4x32g","p":2.78,"u":"21,72 €/KG","img":"https://fd8-photos.leclercdrive.fr/image.ashx?id=2736610&use=l&cat=p&typeid=i","cat":285869},{"id":104888,"n":"Miettes de Thon Eco + Huile - 104g","p":0.82,"u":"7,88 €/KG","img":"https://fd8-photos.leclercdrive.fr/image.ashx?id=2824241&use=l&cat=p&typeid=i","cat":303867},{"id":105072,"n":"Bonbon Dracula Trolli Le sachet de 200g","p":1.58,"u":"7,90 €/KG","img":"https://fd8-photos.leclercdrive.fr/image.ashx?id=2684719&use=l&cat=p&typeid=i","cat":304250},{"id":105093,"n":"Crème UHT Elle&Vire Fluide Entière - 30% MG - 2x25cl","p":3.21,"u":"6,42 €/L","img":"https://fd8-photos.leclercdrive.fr/image.ashx?id=2763475&use=l&cat=p&typeid=i","cat":284381},{"id":105117,"n":"Aguacana cachaça 37.5%vol - 70cl","p":13.99,"u":"19,99 €/L","img":"https://fd8-photos.leclercdrive.fr/image.ashx?id=2961801&use=l&cat=p&typeid=i","cat":284550},{"id":105127,"n":"Oeufs C'est Qui Le Patron Plein Air - x12","p":3.89,"u":"0,32 €/PRT","img":"https://fd8-photos.leclercdrive.fr/image.ashx?id=2476506&use=l&cat=p&typeid=i","cat":284378},{"id":105128,"n":"Oeufs C'est Qui Le Patron Plein Air - x6","p":1.99,"u":"0,33 €/P","img":"https://fd8-photos.leclercdrive.fr/image.ashx?id=2529909&use=l&cat=p&typeid=i","cat":284378},{"id":105136,"n":"Jambon supérieur Tradilège S/nitrite Découenne - x6 - 210g","p":2.79,"u":"13,29 €/KG","img":"https://fd8-photos.leclercdrive.fr/image.ashx?id=2991524&use=l&cat=p&typeid=i","cat":316009},{"id":105137,"n":"Jambon supérieur Tradilège Sans nitrite x4 - 140g","p":1.85,"u":"13,21 €/KG","img":"https://fd8-photos.leclercdrive.fr/image.ashx?id=2253078&use=l&cat=p&typeid=i","cat":316009},{"id":105139,"n":"Collant Body Touch Dim Opaque noir - Taille 1","p":8.95,"img":"https://fd8-photos.leclercdrive.fr/image.ashx?id=2876089&use=l&cat=p&typeid=i","cat":334130},{"id":105178,"n":"Tortillas chorizo  Table du Monde - 500g","p":2.89,"u":"5,78 €/KG","img":"https://fd8-photos.leclercdrive.fr/image.ashx?id=1675409&use=l&cat=p&typeid=i","cat":333673},{"id":105181,"n":"Bière blonde bio Bio Village  5.5%vol -75cl","p":2.72,"u":"3,63 €/L","img":"https://fd8-photos.leclercdrive.fr/image.ashx?id=2579147&use=l&cat=p&typeid=i","cat":334873},{"id":105185,"n":"Compote Charles & Alice Pommes Myrtilles - 4x97g","p":1.88,"u":"4,85 €/KG","img":"https://fd8-photos.leclercdrive.fr/image.ashx?id=2900899&use=l&cat=p&typeid=i","cat":284416},{"id":105186,"n":"Compote Charles & Alice Pommes Cerises - 4x97g","p":1.7,"u":"4,38 €/KG","img":"https://fd8-photos.leclercdrive.fr/image.ashx?id=2757686&use=l&cat=p&typeid=i","cat":284416},{"id":105196,"n":"Dessert fruitier Fraise Andros En morceaux - 4x100g","p":2.57,"u":"6,43 €/KG","img":"https://fd8-photos.leclercdrive.fr/image.ashx?id=2845467&use=l&cat=p&typeid=i","cat":284416},{"id":105202,"n":"Collant Body Touch Dim Opaque noir - Taille 2","p":8.95,"img":"https://fd8-photos.leclercdrive.fr/image.ashx?id=2560654&use=l&cat=p&typeid=i","cat":334130},{"id":105203,"n":"Collant Body Touch Dim Opaque noir - Taille 3","p":8.95,"img":"https://fd8-photos.leclercdrive.fr/image.ashx?id=2560657&use=l&cat=p&typeid=i","cat":334130},{"id":105204,"n":"Collant Body Touch Dim Opaque noir - Taille 4","p":8.95,"img":"https://fd8-photos.leclercdrive.fr/image.ashx?id=2560660&use=l&cat=p&typeid=i","cat":334130},{"id":105206,"n":"Collant Diam's opaque Dim Jambes fuselées Noir - Taille 1","p":9.45,"img":"https://fd8-photos.leclercdrive.fr/image.ashx?id=2639314&use=l&cat=p&typeid=i","cat":334130},{"id":105207,"n":"Collant Diam's opaque Dim Jambes fuselées Noir - Taille 2","p":9.45,"img":"https://fd8-photos.leclercdrive.fr/image.ashx?id=2639317&use=l&cat=p&typeid=i","cat":334130},{"id":105208,"n":"Collant Diam's opaque Dim Jambes fuselées noir - Taille 3","p":9.45,"img":"https://fd8-photos.leclercdrive.fr/image.ashx?id=2639320&use=l&cat=p&typeid=i","cat":334130},{"id":105209,"n":"Collant Diam's opaque Dim Jambes fuselées Noir - Taille 4","p":9.45,"img":"https://fd8-photos.leclercdrive.fr/image.ashx?id=2639323&use=l&cat=p&typeid=i","cat":334130},{"id":105211,"n":"Collant Beauty Resist Dim Opaque noir - Taille 1","p":6.26,"img":"https://fd8-photos.leclercdrive.fr/image.ashx?id=2534953&use=l&cat=p&typeid=i","cat":334130},{"id":105212,"n":"Collant Beauty Resist Dim Opaque noir - Taille 2","p":6.26,"img":"https://fd8-photos.leclercdrive.fr/image.ashx?id=2841006&use=l&cat=p&typeid=i","cat":334130},{"id":105213,"n":"Collant Beauty Resist Dim Opaque noir - Taille 3","p":6.26,"img":"https://fd8-photos.leclercdrive.fr/image.ashx?id=2534959&use=l&cat=p&typeid=i","cat":334130},{"id":105214,"n":"Boulettes Garden Gourmet légumes 200g","p":2.46,"u":"12,30 €/KG","img":"https://fd8-photos.leclercdrive.fr/image.ashx?id=2986903&use=l&cat=p&typeid=i","cat":316036},{"id":105215,"n":"Collant Beauty Resist Dim Opaque noir - Taille 4","p":6.26,"img":"https://fd8-photos.leclercdrive.fr/image.ashx?id=2841009&use=l&cat=p&typeid=i","cat":334130},{"id":105220,"n":"Mini pâté croûte Le Bistronome Poulet/moutarde - 450g","p":3.95,"u":"8,78 €/KG","img":"https://fd8-photos.leclercdrive.fr/image.ashx?id=2908033&use=l&cat=p&typeid=i","cat":316003},{"id":105223,"n":"Glaces cônes Eco+ Vanille - x8 - 556g","p":1.95,"u":"3,51 €/KG","img":"https://fd8-photos.leclercdrive.fr/image.ashx?id=2742682&use=l&cat=p&typeid=i","cat":284264},{"id":105224,"n":"Gnocchi à poêler Lustucru Extra Mozzarella Tomate - 280g","p":2.64,"u":"9,43 €/KG","img":"https://fd8-photos.leclercdrive.fr/image.ashx?id=2999994&use=l&cat=p&typeid=i","cat":333682},{"id":105399,"n":"Lait demi-écrémé GrandLait Ferme sélectionnée - 1L","p":1.32,"u":"1,32 €/L","img":"https://fd8-photos.leclercdrive.fr/image.ashx?id=2916177&use=l&cat=p&typeid=i","cat":285609},{"id":105460,"n":"Madeleine longues Le Ster Raisins - x20 - 250g","p":1.68,"u":"6,72 €/KG","img":"https://fd8-photos.leclercdrive.fr/image.ashx?id=2962551&use=l&cat=p&typeid=i","cat":284492},{"id":105804,"n":"Cognac Royal Coffret Polignac 1 Verre - 35cl","p":32.45,"u":"92,71 €/L","img":"https://fd8-photos.leclercdrive.fr/image.ashx?id=2136280&use=l&cat=p&typeid=i","cat":286032},{"id":106006,"n":"Pur jus de pomme Jafaden 2L","p":2.29,"u":"1,15 €/L","img":"https://fd8-photos.leclercdrive.fr/image.ashx?id=2956774&use=l&cat=p&typeid=i","cat":284522},{"id":106153,"n":"Lot de 3 boxers Dim Pockets Noir coton stretch-Taille 36/38","p":13.15,"u":"4,38 €/P","img":"https://fd8-photos.leclercdrive.fr/image.ashx?id=2539683&use=l&cat=p&typeid=i","cat":291524},{"id":106161,"n":"Lot de 3 slips Dim Pockets Rose coton Stretch-Taille 36/38","p":13.15,"u":"4,38 €/P","img":"https://fd8-photos.leclercdrive.fr/image.ashx?id=2207880&use=l&cat=p&typeid=i","cat":291524},{"id":106166,"n":"Lot de 3 slips Dim Pockets Rose coton Stretch-Taille 44/46","p":13.15,"u":"4,38 €/P","img":"https://fd8-photos.leclercdrive.fr/image.ashx?id=2207886&use=l&cat=p&typeid=i","cat":291524},{"id":106167,"n":"Lot de 3 boxers Dim Pockets Rose coton stretch-Taille 36/38","p":13.15,"u":"4,38 €/P","img":"https://fd8-photos.leclercdrive.fr/image.ashx?id=2207889&use=l&cat=p&typeid=i","cat":291524},{"id":106171,"n":"Lot de 3 boxers Dim Pockets Rose coton stretch-Taille 44/46","p":13.15,"u":"4,38 €/P","img":"https://fd8-photos.leclercdrive.fr/image.ashx?id=2207895&use=l&cat=p&typeid=i","cat":291524},{"id":106186,"n":"Lot de 3 boxers Dim Pockets Noeud coton stretch-Taille44/46","p":13.15,"u":"4,38 €/P","img":"https://fd8-photos.leclercdrive.fr/image.ashx?id=2864657&use=l&cat=p&typeid=i","cat":291524},{"id":106204,"n":"IGP Méditerranée Rosé Studio by Miraval - 75cl","p":11.53,"u":"15,37 €/L","img":"https://fd8-photos.leclercdrive.fr/image.ashx?id=1691895&use=l&cat=p&typeid=i","cat":289558},{"id":106239,"n":"Rhum agricole ice blanc bologne 45%vol - 70cl","p":24.75,"u":"35,36 €/L","img":"https://fd8-photos.leclercdrive.fr/image.ashx?id=1741544&use=l&cat=p&typeid=i","cat":284550},{"id":106265,"n":"Edulcorant Pure Via Stick x40 - 60g","p":2.9,"u":"48,33 €/KG","img":"https://fd8-photos.leclercdrive.fr/image.ashx?id=2590598&use=l&cat=p&typeid=i","cat":324846},{"id":106269,"n":"Edulcorant Pure Via Boite de 65 morceaux - 130g","p":5.15,"u":"39,62 €/KG","img":"https://fd8-photos.leclercdrive.fr/image.ashx?id=2417291&use=l&cat=p&typeid=i","cat":324846},{"id":106439,"n":"Boxers coton stretch Dim Gris/rouge/noir - Taille 4 - x3","p":24.95,"u":"8,32 €/P","img":"https://fd8-photos.leclercdrive.fr/image.ashx?id=2287499&use=l&cat=p&typeid=i","cat":291524},{"id":106440,"n":"Boxers coton stretch Dim Gris/rouge/noir - Taille 5 - x3","p":24.95,"u":"8,32 €/P","img":"https://fd8-photos.leclercdrive.fr/image.ashx?id=2305760&use=l&cat=p&typeid=i","cat":291524},{"id":106441,"n":"Boxers coton stretch Dim Noir/gris/blanc - Taille 3 - x3","p":24.95,"u":"8,32 €/P","img":"https://fd8-photos.leclercdrive.fr/image.ashx?id=1973066&use=l&cat=p&typeid=i","cat":291524},{"id":106443,"n":"Boxers coton stretch Dim Noir/gris/blanc - Taille 4 - x3","p":24.95,"u":"8,32 €/P","img":"https://fd8-photos.leclercdrive.fr/image.ashx?id=2185858&use=l&cat=p&typeid=i","cat":291524},{"id":106444,"n":"Boxers coton stretch Dim Noir/gris/blanc - Taille 5 - x3","p":24.95,"u":"8,32 €/P","img":"https://fd8-photos.leclercdrive.fr/image.ashx?id=2185861&use=l&cat=p&typeid=i","cat":291524},{"id":106448,"n":"Slips coton stretch Dim Noir - Taille 3 - x3","p":22.45,"u":"7,48 €/P","img":"https://fd8-photos.leclercdrive.fr/image.ashx?id=2560663&use=l&cat=p&typeid=i","cat":291524},{"id":106449,"n":"Slips coton stretch Dim Noir - Taille 4 - x3","p":22.45,"u":"7,48 €/P","img":"https://fd8-photos.leclercdrive.fr/image.ashx?id=2560666&use=l&cat=p&typeid=i","cat":291524},{"id":106450,"n":"Slips coton stretch Dim Noir - Taille 5 - x3","p":22.45,"u":"7,48 €/P","img":"https://fd8-photos.leclercdrive.fr/image.ashx?id=2560669&use=l&cat=p&typeid=i","cat":291524},{"id":106474,"n":"Repas bébé Blédichef 15 mois Pdt champignon poulet - 250g","p":1.78,"u":"7,12 €/KG","img":"https://fd8-photos.leclercdrive.fr/image.ashx?id=2479685&use=l&cat=p&typeid=i","cat":312238},{"id":106477,"n":"Repas bébé Blédichef 18 mois  Blanquette de volaille - 250g","p":1.83,"u":"7,32 €/KG","img":"https://fd8-photos.leclercdrive.fr/image.ashx?id=2558861&use=l&cat=p&typeid=i","cat":312238},{"id":106578,"n":"Saucisses de Strasbourg  cocktail - 300g","p":2.99,"u":"9,97 €/KG","img":"https://fd8-photos.leclercdrive.fr/image.ashx?id=2817599&use=l&cat=p&typeid=i","cat":316012},{"id":106596,"n":"Crémant Bugey Cerdon Cuvée classic 1/2sec - 75cl","p":8.23,"u":"10,97 €/L","img":"https://fd8-photos.leclercdrive.fr/image.ashx?id=1727748&use=l&cat=p&typeid=i","cat":284545},{"id":106601,"n":"Lait frais Grandlait Bouteille - 1L","p":1.56,"u":"1,56 €/L","img":"https://fd8-photos.leclercdrive.fr/image.ashx?id=2916183&use=l&cat=p&typeid=i","cat":285609},{"id":106605,"n":"Ravioli Lustucru Selection  Jambon fromage 300g","p":2.49,"u":"8,30 €/KG","img":"https://fd8-photos.leclercdrive.fr/image.ashx?id=2962527&use=l&cat=p&typeid=i","cat":333682},{"id":106607,"n":"Gnocchi à poeler Lustucru Extra fromage XXL - 650g","p":4.16,"u":"6,40 €/KG","img":"https://fd8-photos.leclercdrive.fr/image.ashx?id=2786180&use=l&cat=p&typeid=i","cat":333682},{"id":106639,"n":"Culotte écologiq Mots d'Enfants T5 : 12/18kg - x20","p":8.7,"u":"0,44 €/P","img":"https://fd8-photos.leclercdrive.fr/image.ashx?id=2907243&use=l&cat=p&typeid=i","cat":290633},{"id":106690,"n":"Gel douche Bionaïa Abricot bio - 250ml","p":1.43,"u":"5,72 €/L","img":"https://fd8-photos.leclercdrive.fr/image.ashx?id=2512478&use=l&cat=p&typeid=i","cat":284594},{"id":106694,"n":"Rasoir jetable Gillette Blue II Plus - x10","p":3.95,"u":"0,40 €/P","img":"https://fd8-photos.leclercdrive.fr/image.ashx?id=2543429&use=l&cat=p&typeid=i","cat":284616},{"id":106705,"n":"Café Espresso Malongo Commerce équitable x16 -104g","p":6.32,"u":"60,77 €/KG","img":"https://fd8-photos.leclercdrive.fr/image.ashx?id=2971963&use=l&cat=p&typeid=i","cat":293241},{"id":106725,"n":"Gants Confort Pro Mapa Latex naturel Taille L - x100","p":13.95,"u":"0,14 €/P","img":"https://fd8-photos.leclercdrive.fr/image.ashx?id=2732446&use=l&cat=p&typeid=i","cat":284668},{"id":106732,"n":"Sirop La Maison Guiot Citron jaune de Sicile - 70cl","p":3.17,"u":"4,53 €/L","img":"https://fd8-photos.leclercdrive.fr/image.ashx?id=2857138&use=l&cat=p&typeid=i","cat":295020},{"id":106750,"n":"Eau micellaire So Bio Etic Aloe purifiante bio - 500ml","p":5.57,"u":"11,14 €/L","img":"https://fd8-photos.leclercdrive.fr/image.ashx?id=2577009&use=l&cat=p&typeid=i","cat":284603},{"id":106751,"n":"Après-shampooing So Bio Etic Karité Argan bio - 200ml","p":4.94,"u":"24,70 €/L","img":"https://fd8-photos.leclercdrive.fr/image.ashx?id=2787059&use=l&cat=p&typeid=i","cat":284607},{"id":106768,"n":"Shampooing bio So Bio Etic Coco & Acide Hyaluronique-250ml","p":4.27,"u":"17,08 €/L","img":"https://fd8-photos.leclercdrive.fr/image.ashx?id=2788727&use=l&cat=p&typeid=i","cat":284606},{"id":106801,"n":"Colle Ni Clou Ni Vis Pattex Extra fort & rapide - 52g","p":5.28,"u":"101,54 €/KG","img":"https://fd8-photos.leclercdrive.fr/image.ashx?id=2664707&use=l&cat=p&typeid=i","cat":300576},{"id":106806,"n":"Colle Ni Clou Ni Vis Pattex Extra fort & Rapide - 380g","p":7.0,"u":"18,42 €/KG","img":"https://fd8-photos.leclercdrive.fr/image.ashx?id=2673631&use=l&cat=p&typeid=i","cat":300576},{"id":106886,"n":"Petit suisse nature Gervais 9,5% MG - 6x60g","p":1.84,"u":"5,11 €/KG","img":"https://fd8-photos.leclercdrive.fr/image.ashx?id=2230384&use=l&cat=p&typeid=i","cat":284409},{"id":106985,"n":"Mini pots Häagen-Dazs  Vanille Collection x4 - 321g","p":4.51,"u":"14,05 €/KG","img":"https://fd8-photos.leclercdrive.fr/image.ashx?id=2992858&use=l&cat=p&typeid=i","cat":284725},{"id":107145,"n":"Pur jus de raisin Bio Village Bio - 6x20cl","p":4.09,"u":"3,41 €/L","img":"https://fd8-photos.leclercdrive.fr/image.ashx?id=2595549&use=l&cat=p&typeid=i","cat":284524},{"id":107166,"n":"Faisselle Rians 6%mg - 6x100g","p":2.95,"u":"4,92 €/KG","img":"https://fd8-photos.leclercdrive.fr/image.ashx?id=2396701&use=l&cat=p&typeid=i","cat":284409},{"id":107211,"n":"Jus innocent myrtille cassis 900ml","p":2.89,"u":"3,21 €/L","img":"https://fd8-photos.leclercdrive.fr/image.ashx?id=2891235&use=l&cat=p&typeid=i","cat":285435},{"id":107212,"n":"Jus innocent pomme fruits rouges 900ml","p":2.99,"u":"3,32 €/L","img":"https://fd8-photos.leclercdrive.fr/image.ashx?id=2184735&use=l&cat=p&typeid=i","cat":285435},{"id":107476,"n":"Cahier Eco+ Bleu - 17x22cm - 96 p","p":0.53,"img":"https://fd8-photos.leclercdrive.fr/image.ashx?id=1694170&use=l&cat=p&typeid=i","cat":284697},{"id":107645,"n":"Aluminium Albal 20m","p":3.39,"img":"https://fd8-photos.leclercdrive.fr/image.ashx?id=2551444&use=l&cat=p&typeid=i","cat":334134},{"id":107653,"n":"Lait de coco bio Jardin Bio Bio - 225ml","p":1.9,"u":"8,44 €/L","img":"https://fd8-photos.leclercdrive.fr/image.ashx?id=2875471&use=l&cat=p&typeid=i","cat":288992},{"id":107762,"n":"Ardoise double face Esquisse Bleu - Feutre et effacette","p":1.55,"img":"https://fd8-photos.leclercdrive.fr/image.ashx?id=2943283&use=l&cat=p&typeid=i","cat":334133},{"id":107783,"n":"Huile d'Olive Vierge Extra BIO  Delicato 75cl","p":9.22,"u":"12,29 €/L","img":"https://fd8-photos.leclercdrive.fr/image.ashx?id=2737444&use=l&cat=p&typeid=i","cat":284453},{"id":107789,"n":"Vinaigre balsamique de modène  IGP Bio 50cl","p":5.43,"u":"10,86 €/L","img":"https://fd8-photos.leclercdrive.fr/image.ashx?id=2737468&use=l&cat=p&typeid=i","cat":298543},{"id":108109,"n":"Agrafeuse Universal Maped Multicoloris 26/6 + 400 agrafes","p":8.55,"img":"https://fd8-photos.leclercdrive.fr/image.ashx?id=2510070&use=l&cat=p&typeid=i","cat":334133},{"id":108146,"n":"Boisson aux fruits Oasis Tropical - 2L","p":2.41,"u":"1,21 €/L","img":"https://fd8-photos.leclercdrive.fr/image.ashx?id=2996569&use=l&cat=p&typeid=i","cat":295018},{"id":108180,"n":"Compotes Pom'Potes Gourdes BIO  Multivariétés - 12x90g","p":6.97,"u":"6,45 €/KG","img":"https://fd8-photos.leclercdrive.fr/image.ashx?id=2926212&use=l&cat=p&typeid=i","cat":284508},{"id":108181,"n":"Tube de colle Uhu stic 2x21g","p":4.21,"img":"https://fd8-photos.leclercdrive.fr/image.ashx?id=1684914&use=l&cat=p&typeid=i","cat":334133},{"id":108449,"n":"Déodorant spray Monsavon Fleur Lotus-200ml","p":2.02,"u":"10,10 €/L","img":"https://fd8-photos.leclercdrive.fr/image.ashx?id=2643914&use=l&cat=p&typeid=i","cat":284595},{"id":108571,"n":"Huile lavante La Roche Posay Lipikar AP  - 400ml","p":15.49,"u":"38,73 €/L","img":"https://fd8-photos.leclercdrive.fr/image.ashx?id=2741487&use=l&cat=p&typeid=i","cat":301591},{"id":108644,"n":"Crème Toleriane La Roche Posay Sensitive - 40ml","p":14.39,"u":"359,75 €/L","img":"https://fd8-photos.leclercdrive.fr/image.ashx?id=1991513&use=l&cat=p&typeid=i","cat":291171},{"id":108668,"n":"Bière blonde La Goudale 7.2% vol. - 50cl","p":1.56,"u":"3,12 €/L","img":"https://fd8-photos.leclercdrive.fr/image.ashx?id=2513658&use=l&cat=p&typeid=i","cat":334852},{"id":108692,"n":"Bâton de colle Uhu stic 9x8.2g+1x21g","p":9.34,"u":"98,32 €/KG","img":"https://fd8-photos.leclercdrive.fr/image.ashx?id=2901049&use=l&cat=p&typeid=i","cat":334133},{"id":108695,"n":"Beurre de cacahuètes Menguy's Creamy - 454g","p":4.25,"u":"9,36 €/KG","img":"https://fd8-photos.leclercdrive.fr/image.ashx?id=2844082&use=l&cat=p&typeid=i","cat":284481},{"id":108707,"n":"Filtres à café Uni vert Bruns n°4 - x80","p":1.33,"u":"0,02 €/P","img":"https://fd8-photos.leclercdrive.fr/image.ashx?id=2634878&use=l&cat=p&typeid=i","cat":284751},{"id":108724,"n":"Thé glacé Bio Village Bio Pêche - 1L","p":1.36,"u":"1,36 €/L","img":"https://fd8-photos.leclercdrive.fr/image.ashx?id=2670392&use=l&cat=p&typeid=i","cat":295019},{"id":108804,"n":"Compotes Pom'Potes Gourdes  Pomme Nature - 4x90g","p":1.79,"u":"4,97 €/KG","img":"https://fd8-photos.leclercdrive.fr/image.ashx?id=2968079&use=l&cat=p&typeid=i","cat":284508},{"id":108844,"n":"Plat bébé soir Blédichef 12mois Spaghetti crème légumes -2x230g","p":3.26,"u":"7,09 €/KG","img":"https://fd8-photos.leclercdrive.fr/image.ashx?id=2643494&use=l&cat=p&typeid=i","cat":312239},{"id":108885,"n":"Comté Le Montarlier Président 340g","p":6.61,"u":"19,44 €/KG","img":"https://fd8-photos.leclercdrive.fr/image.ashx?id=2364006&use=l&cat=p&typeid=i","cat":314034},{"id":108934,"n":"Bière de Noël biscuit et épices Ninkasi - 75cl","p":5.95,"u":"7,93 €/L","img":"https://fd8-photos.leclercdrive.fr/image.ashx?id=2328598&use=l&cat=p&typeid=i","cat":334872},{"id":108988,"n":"Whisky Chivas Regal XV Blended Scotch 40% vol - 70cl","p":43.43,"u":"62,04 €/L","img":"https://fd8-photos.leclercdrive.fr/image.ashx?id=2877028&use=l&cat=p&typeid=i","cat":284547},{"id":108997,"n":"Crème dessert Danette vanille chocolat -16x115g","p":4.84,"u":"2,63 €/KG","img":"https://fd8-photos.leclercdrive.fr/image.ashx?id=2949850&use=l&cat=p&typeid=i","cat":285041},{"id":109112,"n":"Nectar Bio Village Bio Mangue - 1L","p":2.49,"u":"2,49 €/L","img":"https://fd8-photos.leclercdrive.fr/image.ashx?id=2954121&use=l&cat=p&typeid=i","cat":284916},{"id":109115,"n":"Nectar Bio Village Bio Abricot - 1L","p":2.69,"u":"2,69 €/L","img":"https://fd8-photos.leclercdrive.fr/image.ashx?id=2954124&use=l&cat=p&typeid=i","cat":284915},{"id":109118,"n":"Pur jus de fruits Bio Village Bio - 1L","p":3.64,"u":"3,64 €/L","img":"https://fd8-photos.leclercdrive.fr/image.ashx?id=2901563&use=l&cat=p&typeid=i","cat":284917},{"id":109267,"n":"Panaché Force 4 0,4° - 10x25cl","p":4.12,"u":"1,65 €/L","img":"https://fd8-photos.leclercdrive.fr/image.ashx?id=2473321&use=l&cat=p&typeid=i","cat":334877},{"id":109274,"n":"Yaourt Enfant Petits Filous Aromatisé à la Fraise - 6x100g","p":2.9,"u":"4,83 €/KG","img":"https://fd8-photos.leclercdrive.fr/image.ashx?id=2748434&use=l&cat=p&typeid=i","cat":284415},{"id":109309,"n":"Bol semoule 8 mois Bio Village Bio Patate douce lait - 2x200g","p":2.49,"u":"6,23 €/KG","img":"https://fd8-photos.leclercdrive.fr/image.ashx?id=2704807&use=l&cat=p&typeid=i","cat":312239},{"id":109317,"n":"Bol Bio village 6 mois Bio Ratatouille Quinoa - 2x200g","p":2.45,"u":"6,13 €/KG","img":"https://fd8-photos.leclercdrive.fr/image.ashx?id=2704822&use=l&cat=p&typeid=i","cat":312239},{"id":109348,"n":"Panaché Falsbourg <0.5% vol. Canettes - 6x33cl","p":3.11,"u":"1,57 €/L","img":"https://fd8-photos.leclercdrive.fr/image.ashx?id=2637958&use=l&cat=p&typeid=i","cat":334853},{"id":109369,"n":"Panaché Falsbourg  <0.5% vol. - 10X25cl","p":2.99,"u":"1,20 €/L","img":"https://fd8-photos.leclercdrive.fr/image.ashx?id=2637967&use=l&cat=p&typeid=i","cat":334877},{"id":109399,"n":"Fine escalope de dinde noire La Nouvelle Agriculture- 100g","p":2.42,"u":"24,20 €/KG","img":"https://fd8-photos.leclercdrive.fr/image.ashx?id=2364282&use=l&cat=p&typeid=i","cat":284337},{"id":109412,"n":"Lait C'est Qui Le Patron Ecrémé - Brique 6x1L","p":7.25,"u":"1,21 €/L","img":"https://fd8-photos.leclercdrive.fr/image.ashx?id=2763277&use=l&cat=p&typeid=i","cat":284949},{"id":109437,"n":"Repas bébé Blédichef 12 mois  Couscous - 2x230g","p":3.55,"u":"7,72 €/KG","img":"https://fd8-photos.leclercdrive.fr/image.ashx?id=2479706&use=l&cat=p&typeid=i","cat":312237},{"id":109441,"n":"Thon entier MSC Pêche Océan Naturel - 140g","p":2.17,"u":"15,50 €/KG","img":"https://fd8-photos.leclercdrive.fr/image.ashx?id=2942211&use=l&cat=p&typeid=i","cat":303867},{"id":109444,"n":"Bol brocolis Bio Village Pomme de terre bio 4mois 2x120g","p":1.45,"u":"6,04 €/KG","img":"https://fd8-photos.leclercdrive.fr/image.ashx?id=2704756&use=l&cat=p&typeid=i","cat":312234},{"id":109449,"n":"Jus innocent ananas 900ml","p":3.35,"u":"3,72 €/L","img":"https://fd8-photos.leclercdrive.fr/image.ashx?id=2184732&use=l&cat=p&typeid=i","cat":285435},{"id":109452,"n":"Bol potiron courge bio Bio Village - 4 mois - 2x120g","p":1.45,"u":"6,04 €/KG","img":"https://fd8-photos.leclercdrive.fr/image.ashx?id=2704816&use=l&cat=p&typeid=i","cat":312234},{"id":109455,"n":"Boisson lactée Danao Orange Banane Fraise - 900ml","p":2.2,"u":"2,44 €/L","img":"https://fd8-photos.leclercdrive.fr/image.ashx?id=2609908&use=l&cat=p&typeid=i","cat":285435},{"id":109456,"n":"AOP Alsace Sylvaner sec Wolfberger 75 cl","p":8.12,"u":"10,83 €/L","img":"https://fd8-photos.leclercdrive.fr/image.ashx?id=2692329&use=l&cat=p&typeid=i","cat":289557},{"id":109457,"n":"Boisson lactée Danao Pêche Abricot - 900ml","p":2.2,"u":"2,44 €/L","img":"https://fd8-photos.leclercdrive.fr/image.ashx?id=2606367&use=l&cat=p&typeid=i","cat":285435},{"id":109470,"n":"Pile alcaline Varta Longlife AAA LR03 - x20","p":9.9,"img":"https://fd8-photos.leclercdrive.fr/image.ashx?id=2306318&use=l&cat=p&typeid=i","cat":300572},{"id":109509,"n":"crème dessert café danette - 4x125g","p":1.65,"u":"3,30 €/KG","img":"https://fd8-photos.leclercdrive.fr/image.ashx?id=2961867&use=l&cat=p&typeid=i","cat":285041},{"id":109540,"n":"Pains Suisse Chocolat x 2 - 200g","p":2.99,"u":"14,95 €/KG","img":"https://fd8-photos.leclercdrive.fr/image.ashx?id=1694793&use=l&cat=p&typeid=i","cat":284984},{"id":109545,"n":"Pain de mie Beau & Bon Harrys Céréales & graines - 320g","p":1.92,"u":"6,00 €/KG","img":"https://fd8-photos.leclercdrive.fr/image.ashx?id=2517480&use=l&cat=p&typeid=i","cat":284477},{"id":109548,"n":"Olives vertes bio Bio Village - 160g","p":2.79,"u":"17,44 €/KG","img":"https://fd8-photos.leclercdrive.fr/image.ashx?id=2552448&use=l&cat=p&typeid=i","cat":284450},{"id":109554,"n":"Pulpe de tomates bio Bio Village - 2x400g","p":2.18,"u":"5,45 €/KG","img":"https://fd8-photos.leclercdrive.fr/image.ashx?id=2181840&use=l&cat=p&typeid=i","cat":312608},{"id":109555,"n":"Poudre à lever Bio Village Bio - 5x35g","p":0.72,"u":"20,57 €/KG","img":"https://fd8-photos.leclercdrive.fr/image.ashx?id=1694832&use=l&cat=p&typeid=i","cat":284504},{"id":109564,"n":"AdBlue Diframa avec flexible 10L","p":14.9,"u":"1,49 €/L","img":"https://fd8-photos.leclercdrive.fr/image.ashx?id=1863624&use=l&cat=p&typeid=i","cat":298253},{"id":109565,"n":"Thon entier MSC Pêche Océan Naturel - 93g","p":1.99,"u":"21,40 €/KG","img":"https://fd8-photos.leclercdrive.fr/image.ashx?id=2942217&use=l&cat=p&typeid=i","cat":303867},{"id":109567,"n":"AdBlue Diframa avec flexible 5L","p":6.9,"u":"1,38 €/L","img":"https://fd8-photos.leclercdrive.fr/image.ashx?id=1867723&use=l&cat=p&typeid=i","cat":298253},{"id":109579,"n":"Pain de mie 100% Mie Harrys Nature sans sucre ajouté - 500g","p":2.38,"u":"4,76 €/KG","img":"https://fd8-photos.leclercdrive.fr/image.ashx?id=2517477&use=l&cat=p&typeid=i","cat":284477},{"id":109580,"n":"Terrine de campagne Bio Village Bio - 180g","p":2.79,"u":"15,50 €/KG","img":"https://fd8-photos.leclercdrive.fr/image.ashx?id=1710227&use=l&cat=p&typeid=i","cat":305149},{"id":109584,"n":"Bougie parfumée Glade Anti-Tabac 129g","p":3.57,"img":"https://fd8-photos.leclercdrive.fr/image.ashx?id=2267867&use=l&cat=p&typeid=i","cat":284666},{"id":109586,"n":"Bougie parfumée Glade I love You 129g","p":3.66,"img":"https://fd8-photos.leclercdrive.fr/image.ashx?id=2266080&use=l&cat=p&typeid=i","cat":284666},{"id":109589,"n":"Mouchoirs Balsam Kleenex® Etuis regular x10","p":2.04,"u":"0,20 €/P","img":"https://fd8-photos.leclercdrive.fr/image.ashx?id=2840304&use=l&cat=p&typeid=i","cat":284638},{"id":109607,"n":"Skyr Danone nature 0%mg - 480g","p":3.36,"u":"7,00 €/KG","img":"https://fd8-photos.leclercdrive.fr/image.ashx?id=2810615&use=l&cat=p&typeid=i","cat":284409},{"id":109609,"n":"Petit suisse nature Gervais 3,9% MG - 12x60g","p":2.62,"u":"3,64 €/KG","img":"https://fd8-photos.leclercdrive.fr/image.ashx?id=2256757&use=l&cat=p&typeid=i","cat":284409},{"id":109627,"n":"Crème dessert Danette vanille lit de chocolat -4x125g","p":1.63,"u":"3,26 €/KG","img":"https://fd8-photos.leclercdrive.fr/image.ashx?id=2939187&use=l&cat=p&typeid=i","cat":285041},{"id":109664,"n":"Tomato Ketchup Allégé Heinz 50% sucre/sel en moins - 625g","p":3.55,"u":"5,68 €/KG","img":"https://fd8-photos.leclercdrive.fr/image.ashx?id=2927717&use=l&cat=p&typeid=i","cat":284455},{"id":109666,"n":"Café en grains L'OR Sélection 100% Arabica N° 6 1kg","p":18.45,"u":"18,45 €/KG","img":"https://fd8-photos.leclercdrive.fr/image.ashx?id=3000483&use=l&cat=p&typeid=i","cat":293237},{"id":109742,"n":"Jus pour bébé NATURNES BIO Poire Abricot 6M+ - 20cl","p":0.95,"u":"4,75 €/L","img":"https://fd8-photos.leclercdrive.fr/image.ashx?id=2532258&use=l&cat=p&typeid=i","cat":312388},{"id":109749,"n":"Liquide de rinçage Uni Vert Lave-vaisselle Ecologique-750ml","p":1.99,"u":"2,65 €/L","img":"https://fd8-photos.leclercdrive.fr/image.ashx?id=2966403&use=l&cat=p&typeid=i","cat":284657},{"id":109756,"n":"Sauce gourmet Amora Poivre - 188g","p":1.74,"u":"9,26 €/KG","img":"https://fd8-photos.leclercdrive.fr/image.ashx?id=2181056&use=l&cat=p&typeid=i","cat":318430},{"id":109856,"n":"AOP Vin d'Alsace Pinot blanc vin blanc Rebmann - 75 cl","p":4.99,"u":"6,65 €/L","img":"https://fd8-photos.leclercdrive.fr/image.ashx?id=2965524&use=l&cat=p&typeid=i","cat":289557},{"id":109873,"n":"Pur jus de pomme Jafaden Douceur - 1L","p":1.5,"u":"1,50 €/L","img":"https://fd8-photos.leclercdrive.fr/image.ashx?id=2863178&use=l&cat=p&typeid=i","cat":284522},{"id":109892,"n":"Soda Coca-Cola Cherry Bouteille - 1,25L","p":1.82,"u":"1,46 €/L","img":"https://fd8-photos.leclercdrive.fr/image.ashx?id=2678161&use=l&cat=p&typeid=i","cat":284530},{"id":109893,"n":"Soda Coca-Cola Vanille Bouteille - 1,25L","p":2.02,"u":"1,62 €/L","img":"https://fd8-photos.leclercdrive.fr/image.ashx?id=2678164&use=l&cat=p&typeid=i","cat":284530},{"id":110000,"n":"Cornichons fins AMORA Bocal - 540g","p":3.89,"u":"7,20 €/KG","img":"https://fd8-photos.leclercdrive.fr/image.ashx?id=2672710&use=l&cat=p&typeid=i","cat":284458},{"id":110007,"n":"Tam Tam l'Original Saint-Michel - 275g","p":1.97,"u":"7,16 €/KG","img":"https://fd8-photos.leclercdrive.fr/image.ashx?id=2936239&use=l&cat=p&typeid=i","cat":284495},{"id":110009,"n":"Boisson végétale Bio Village Epeautre bio - 1l","p":1.9,"u":"1,90 €/L","img":"https://fd8-photos.leclercdrive.fr/image.ashx?id=2384935&use=l&cat=p&typeid=i","cat":316067},{"id":110027,"n":"Croquettes Chat bifensis One Stérilisé Contrôle poids 1.5kg","p":9.08,"u":"6,05 €/KG","img":"https://fd8-photos.leclercdrive.fr/image.ashx?id=2871142&use=l&cat=p&typeid=i","cat":284680},{"id":110048,"n":"Tendres effilés Chats Felix Encore plus de sauce 12x85g","p":4.97,"u":"4,87 €/KG","img":"https://fd8-photos.leclercdrive.fr/image.ashx?id=2957662&use=l&cat=p&typeid=i","cat":285286},{"id":110058,"n":"Crêpe fourrée Whaou Chocolat - x24 - 768g","p":4.15,"u":"5,40 €/KG","img":"https://fd8-photos.leclercdrive.fr/image.ashx?id=2955818&use=l&cat=p&typeid=i","cat":284494},{"id":110071,"n":"Mini Pizzas Fromage Turini  x9 - 270g","p":2.09,"u":"7,74 €/KG","img":"https://fd8-photos.leclercdrive.fr/image.ashx?id=1702062&use=l&cat=p&typeid=i","cat":319822},{"id":110087,"n":"Joker Le Fruit Jus multifruits exotiques - 1L","p":2.15,"u":"2,15 €/L","img":"https://fd8-photos.leclercdrive.fr/image.ashx?id=2826864&use=l&cat=p&typeid=i","cat":284917},{"id":110101,"n":"Huile d'olive vierge extra 1.5L","p":12.9,"u":"8,60 €/L","img":"https://fd8-photos.leclercdrive.fr/image.ashx?id=2898035&use=l&cat=p&typeid=i","cat":284453},{"id":110103,"n":"Huile d'olive vierge extra 25cl","p":2.89,"u":"11,56 €/L","img":"https://fd8-photos.leclercdrive.fr/image.ashx?id=2892349&use=l&cat=p&typeid=i","cat":284453},{"id":110130,"n":"Dessert lacté Bio Village Bio - Abricot 6-9 mois 4x100g","p":2.04,"u":"5,10 €/KG","img":"https://fd8-photos.leclercdrive.fr/image.ashx?id=2709752&use=l&cat=p&typeid=i","cat":312392},{"id":110139,"n":"Dessert lacté bio Bio Village Brassé nature sucré - 4x100g","p":2.12,"u":"5,30 €/KG","img":"https://fd8-photos.leclercdrive.fr/image.ashx?id=2709761&use=l&cat=p&typeid=i","cat":312392},{"id":110150,"n":"Bol légumes  Bio Village Bio Poulet - 8mois - 2x200g","p":2.49,"u":"6,23 €/KG","img":"https://fd8-photos.leclercdrive.fr/image.ashx?id=2704780&use=l&cat=p&typeid=i","cat":312236},{"id":110152,"n":"Lait C'est Qui Le Patron Entier - Brique 6x1L","p":8.1,"u":"1,35 €/L","img":"https://fd8-photos.leclercdrive.fr/image.ashx?id=2763280&use=l&cat=p&typeid=i","cat":285610},{"id":110159,"n":"Bol légumes saumon Bio Village Bio - 12 mois - 2x200g","p":2.69,"u":"6,73 €/KG","img":"https://fd8-photos.leclercdrive.fr/image.ashx?id=2704783&use=l&cat=p&typeid=i","cat":312237},{"id":110178,"n":"Radis ronds  Panier du Primeur - 250g","p":0.99,"u":"3,96 €/KG","img":"https://fd8-photos.leclercdrive.fr/image.ashx?id=3015117&use=l&cat=p&typeid=i","cat":284352},{"id":110182,"n":"Bol Spaghetti Bio Village 8mois Bio Bolognaise - 2x200g","p":2.59,"u":"6,48 €/KG","img":"https://fd8-photos.leclercdrive.fr/image.ashx?id=2704828&use=l&cat=p&typeid=i","cat":312236},{"id":110509,"n":"boisson végétale lait d'amande non grillée sans sucre alpro-1l","p":3.0,"u":"3,00 €/L","img":"https://fd8-photos.leclercdrive.fr/image.ashx?id=2980085&use=l&cat=p&typeid=i","cat":316067},{"id":110566,"n":"Crème dépilatoire Veet Men Corps Peaux Sensibles 200ml","p":4.33,"u":"21,65 €/L","img":"https://fd8-photos.leclercdrive.fr/image.ashx?id=2965689&use=l&cat=p&typeid=i","cat":284617},{"id":110568,"n":"Gel Lubrifiant Intime Durex Naturel Confort Base Eau 100ml","p":7.64,"u":"76,40 €/L","img":"https://fd8-photos.leclercdrive.fr/image.ashx?id=2960687&use=l&cat=p&typeid=i","cat":285160},{"id":110575,"n":"Dentifrice Bionaïa Coco Aloe Vera bio - 75ml","p":1.99,"u":"26,53 €/L","img":"https://fd8-photos.leclercdrive.fr/image.ashx?id=2529549&use=l&cat=p&typeid=i","cat":284612},{"id":110586,"n":"Diffuseur Sense & Spray Glade Bois de Santal & Jasmin 18ml","p":7.13,"u":"Dont 0,02 € d'éco-part.","img":"https://fd8-photos.leclercdrive.fr/image.ashx?id=1704085&use=l&cat=p&typeid=i","cat":311629},{"id":110590,"n":"Recharge Électrique Glade Bois de Santal & Jasmin 20ml","p":3.94,"img":"https://fd8-photos.leclercdrive.fr/image.ashx?id=2600773&use=l&cat=p&typeid=i","cat":311629},{"id":110595,"n":"Gel Lave-Vaisselle Sun Tout-en-1 Expert Plus 52 Lavage","p":7.99,"u":"8,88 €/L","img":"https://fd8-photos.leclercdrive.fr/image.ashx?id=2835580&use=l&cat=p&typeid=i","cat":284656},{"id":110596,"n":"Poudre Lave Vaisselle Sun Classique 90 Lavages","p":9.02,"u":"3,16 €/KG","img":"https://fd8-photos.leclercdrive.fr/image.ashx?id=2866172&use=l&cat=p&typeid=i","cat":284656},{"id":110645,"n":"Assiette plate Ardence 25cm - 1 pièce","p":1.99,"img":"https://fd8-photos.leclercdrive.fr/image.ashx?id=1704179&use=l&cat=p&typeid=i","cat":334134},{"id":110665,"n":"Assiette plate Opale Eco+ 24cm - 1 pièce","p":0.77,"img":"https://fd8-photos.leclercdrive.fr/image.ashx?id=1704287&use=l&cat=p&typeid=i","cat":334134},{"id":110671,"n":"Filet de poulet Maître Coq jaune Bio - 280g","p":9.9,"u":"35,36 €/KG","img":"https://fd8-photos.leclercdrive.fr/image.ashx?id=2786144&use=l&cat=p&typeid=i","cat":284336},{"id":110676,"n":"Riz cuisine Bio Village Fluide bio - 3x20cl","p":2.49,"u":"4,15 €/KG","img":"https://fd8-photos.leclercdrive.fr/image.ashx?id=2717260&use=l&cat=p&typeid=i","cat":288381},{"id":110678,"n":"Bouillon cube Bio Village Volaille Bio - x8 - 80g","p":1.43,"u":"17,88 €/KG","img":"https://fd8-photos.leclercdrive.fr/image.ashx?id=2140950&use=l&cat=p&typeid=i","cat":288379},{"id":110681,"n":"Mayonaise Bio Bio Village Dijon - 238g","p":2.35,"u":"9,87 €/KG","img":"https://fd8-photos.leclercdrive.fr/image.ashx?id=2664869&use=l&cat=p&typeid=i","cat":298295},{"id":110687,"n":"Aiguillette Bio Maître Coq 200g","p":6.54,"u":"32,70 €/KG","img":"https://fd8-photos.leclercdrive.fr/image.ashx?id=2786150&use=l&cat=p&typeid=i","cat":284336},{"id":110707,"n":"Beurre gastronomique Les Croisé Doux - 82% MG - 250g","p":2.49,"u":"9,96 €/KG","img":"https://fd8-photos.leclercdrive.fr/image.ashx?id=2833005&use=l&cat=p&typeid=i","cat":284379},{"id":110708,"n":"Beurre Les Croisés Demi-sel - 80% MG - 250g","p":2.49,"u":"9,96 €/KG","img":"https://fd8-photos.leclercdrive.fr/image.ashx?id=2778084&use=l&cat=p&typeid=i","cat":284379},{"id":110767,"n":"Tasse Ardence 9cl - 1 pièce","p":0.9,"img":"https://fd8-photos.leclercdrive.fr/image.ashx?id=1704508&use=l&cat=p&typeid=i","cat":334134},{"id":110776,"n":"Eplucheur Ardence 1 pièce","p":2.9,"img":"https://fd8-photos.leclercdrive.fr/image.ashx?id=1704556&use=l&cat=p&typeid=i","cat":334135},{"id":110827,"n":"Jus pour bébé Naturnes Bio Pomme mangue 6M+ 20cl","p":0.78,"u":"3,90 €/L","img":"https://fd8-photos.leclercdrive.fr/image.ashx?id=2406235&use=l&cat=p&typeid=i","cat":312388},{"id":110835,"n":"Verre à pied Borgonovo 19cl London - 1 pièce","p":1.3,"img":"https://fd8-photos.leclercdrive.fr/image.ashx?id=1878122&use=l&cat=p&typeid=i","cat":334134},{"id":110845,"n":"Huile végétale So'Bio Etic Amande douce bio - 50ml","p":4.67,"u":"93,40 €/L","img":"https://fd8-photos.leclercdrive.fr/image.ashx?id=2827956&use=l&cat=p&typeid=i","cat":325349},{"id":110846,"n":"Huile végétale So'Bio Etic de ricin bio - 50ml","p":4.72,"u":"94,40 €/L","img":"https://fd8-photos.leclercdrive.fr/image.ashx?id=2752465&use=l&cat=p&typeid=i","cat":325349},{"id":110847,"n":"Huile végétale So'Bio Etic Coco bio - 50ml","p":4.93,"u":"98,60 €/L","img":"https://fd8-photos.leclercdrive.fr/image.ashx?id=2827959&use=l&cat=p&typeid=i","cat":325349},{"id":110849,"n":"Dentifrice Bionaïa Charbon bio - 75ml","p":1.99,"u":"26,53 €/L","img":"https://fd8-photos.leclercdrive.fr/image.ashx?id=2529546&use=l&cat=p&typeid=i","cat":284612},{"id":110856,"n":"Pack bières blondes 8.6 8.6%vol - 4x50cl","p":5.37,"u":"2,69 €/L","img":"https://fd8-photos.leclercdrive.fr/image.ashx?id=2841601&use=l&cat=p&typeid=i","cat":334853},{"id":110858,"n":"Jus pour bébé Naturnes 6 mois Poire Banane Bio - 200ml","p":0.96,"u":"4,80 €/L","img":"https://fd8-photos.leclercdrive.fr/image.ashx?id=2406238&use=l&cat=p&typeid=i","cat":312388},{"id":110859,"n":"Bières blonde original 8.6 8.6%vol - 50cl","p":1.36,"u":"2,72 €/L","img":"https://fd8-photos.leclercdrive.fr/image.ashx?id=2112516&use=l&cat=p&typeid=i","cat":334853},{"id":110884,"n":"Viande hachée Bio Yooji Dinde - 6 mois et   - 120g","p":4.57,"u":"38,08 €/KG","img":"https://fd8-photos.leclercdrive.fr/image.ashx?id=2575738&use=l&cat=p&typeid=i","cat":290631},{"id":110928,"n":"Crème pamplemousse Giffard 16%vol - 50cl","p":5.64,"u":"11,28 €/L","img":"https://fd8-photos.leclercdrive.fr/image.ashx?id=2219156&use=l&cat=p&typeid=i","cat":286032},{"id":110940,"n":"Champagne blanc brut Jeanmaire Elysée-  75cl","p":15.5,"u":"20,67 €/L","img":"https://fd8-photos.leclercdrive.fr/image.ashx?id=1726568&use=l&cat=p&typeid=i","cat":284542},{"id":111085,"n":"Gourde bébé bio Babybio kiwi, Mangue, Coco 6 mois 360g","p":3.79,"u":"10,53 €/KG","img":"https://fd8-photos.leclercdrive.fr/image.ashx?id=2858237&use=l&cat=p&typeid=i","cat":312393},{"id":111207,"n":"Jenlain ambrée 75cl","p":2.9,"u":"3,87 €/L","img":"https://fd8-photos.leclercdrive.fr/image.ashx?id=2732848&use=l&cat=p&typeid=i","cat":334852},{"id":111211,"n":"Pain de mie La Boulangère Seigle graines - 500g","p":1.91,"u":"3,82 €/KG","img":"https://fd8-photos.leclercdrive.fr/image.ashx?id=2912425&use=l&cat=p&typeid=i","cat":284477},{"id":111369,"n":"Allumettes Eco+ Fumées - 2x100g","p":1.18,"u":"5,90 €/KG","img":"https://fd8-photos.leclercdrive.fr/image.ashx?id=2688258&use=l&cat=p&typeid=i","cat":316011},{"id":111414,"n":"Repas bébé Blédichef 12 mois  Spaghetti bolognaise - 230g","p":1.75,"u":"7,61 €/KG","img":"https://fd8-photos.leclercdrive.fr/image.ashx?id=2643491&use=l&cat=p&typeid=i","cat":312237},{"id":111418,"n":"Repas bébé Blédichef 15 mois Risotto courgette saumon - 250g","p":1.98,"u":"7,92 €/KG","img":"https://fd8-photos.leclercdrive.fr/image.ashx?id=2643488&use=l&cat=p&typeid=i","cat":312238},{"id":111419,"n":"Repas bébé Blédichef 24 mois  Macaroni carotte boeuf - 250g","p":1.88,"u":"7,52 €/KG","img":"https://fd8-photos.leclercdrive.fr/image.ashx?id=2951593&use=l&cat=p&typeid=i","cat":312238},{"id":111420,"n":"Compotes Materne Coupelles  Pomme Nature - 12x100g","p":4.29,"u":"3,58 €/KG","img":"https://fd8-photos.leclercdrive.fr/image.ashx?id=3010867&use=l&cat=p&typeid=i","cat":284508},{"id":111422,"n":"Compotes Pom'Potes Gourdes  Pomm P. Frais P. Framb - 32x90g","p":12.52,"u":"4,35 €/KG","img":"https://fd8-photos.leclercdrive.fr/image.ashx?id=2870182&use=l&cat=p&typeid=i","cat":284508},{"id":111423,"n":"Compotes Materne Coupelles  Multivariétés Jaunes - 12x100g","p":4.52,"u":"3,77 €/KG","img":"https://fd8-photos.leclercdrive.fr/image.ashx?id=3012191&use=l&cat=p&typeid=i","cat":284508},{"id":111424,"n":"Repas bébé Blédichef 12 mois  Hachis parmentier - 230g","p":1.69,"u":"7,35 €/KG","img":"https://fd8-photos.leclercdrive.fr/image.ashx?id=2478571&use=l&cat=p&typeid=i","cat":312237},{"id":111425,"n":"Chips lentilles Vico Fines herbes - 85g","p":1.72,"u":"20,24 €/KG","img":"https://fd8-photos.leclercdrive.fr/image.ashx?id=3000096&use=l&cat=p&typeid=i","cat":284447},{"id":111426,"n":"Chips lentille Vico Tomate mozzarella - 85g","p":1.8,"u":"21,18 €/KG","img":"https://fd8-photos.leclercdrive.fr/image.ashx?id=2989255&use=l&cat=p&typeid=i","cat":284447},{"id":111430,"n":"Compotes Materne Coupelles  Multivariétés Rouges - 12x100g","p":4.44,"u":"3,70 €/KG","img":"https://fd8-photos.leclercdrive.fr/image.ashx?id=3010870&use=l&cat=p&typeid=i","cat":284508},{"id":111435,"n":"Repas bébé Blédichef 18 mois  Ratatouille poulet - 250g","p":1.91,"u":"7,64 €/KG","img":"https://fd8-photos.leclercdrive.fr/image.ashx?id=2951596&use=l&cat=p&typeid=i","cat":312238},{"id":111439,"n":"Pesto rustico Barilla Pomodori secchi - 200g","p":2.64,"u":"13,20 €/KG","img":"https://fd8-photos.leclercdrive.fr/image.ashx?id=2368396&use=l&cat=p&typeid=i","cat":287599},{"id":111454,"n":"Céréales Babybio Bio Dès 6 mois Céréales 3 fruits - 220g","p":3.96,"u":"18,00 €/KG","img":"https://fd8-photos.leclercdrive.fr/image.ashx?id=2837754&use=l&cat=p&typeid=i","cat":312225},{"id":111455,"n":"Pot bébé truite 6-9mois Babybio Carotte potimarron bio - 2x200g","p":3.21,"u":"8,03 €/KG","img":"https://fd8-photos.leclercdrive.fr/image.ashx?id=2857344&use=l&cat=p&typeid=i","cat":312236},{"id":111525,"n":"Colle Super Glue 3 Loctite Précision - 5g","p":4.5,"u":"900,00 €/KG","img":"https://fd8-photos.leclercdrive.fr/image.ashx?id=2020281&use=l&cat=p&typeid=i","cat":300576},{"id":111587,"n":"Café dosettes Tassimo L'Or XL Classique x16","p":4.87,"u":"35,81 €/KG","img":"https://fd8-photos.leclercdrive.fr/image.ashx?id=2100308&use=l&cat=p&typeid=i","cat":293240},{"id":111590,"n":"Capsules café L'Or Espresso Lungo Mattinata N°5 x10","p":3.59,"u":"69,04 €/KG","img":"https://fd8-photos.leclercdrive.fr/image.ashx?id=3002309&use=l&cat=p&typeid=i","cat":284749},{"id":111645,"n":"Nectar de pomme Bio Village Bio - 1.5L","p":1.81,"u":"1,21 €/L","img":"https://fd8-photos.leclercdrive.fr/image.ashx?id=2954133&use=l&cat=p&typeid=i","cat":284522},{"id":111679,"n":"Fromage blanc  C'est Qui Le Patron - 1kg","p":3.98,"u":"3,98 €/KG","img":"https://fd8-photos.leclercdrive.fr/image.ashx?id=2867038&use=l&cat=p&typeid=i","cat":284409},{"id":111700,"n":"Citronnade Bio Village Bio - 1L","p":1.24,"u":"1,24 €/L","img":"https://fd8-photos.leclercdrive.fr/image.ashx?id=2655719&use=l&cat=p&typeid=i","cat":295018},{"id":111749,"n":"Dés de fromage aux noix Petit Marché - 120g","p":2.68,"u":"22,33 €/KG","img":"https://fd8-photos.leclercdrive.fr/image.ashx?id=2511558&use=l&cat=p&typeid=i","cat":314027},{"id":111828,"n":"Compote Charles & Alice Pommes Framboises - 4x100g","p":1.76,"u":"4,40 €/KG","img":"https://fd8-photos.leclercdrive.fr/image.ashx?id=2757341&use=l&cat=p&typeid=i","cat":284416},{"id":111829,"n":"Compote Charles & Alice Pommes Fraises - 4x100g","p":1.75,"u":"4,38 €/KG","img":"https://fd8-photos.leclercdrive.fr/image.ashx?id=2757338&use=l&cat=p&typeid=i","cat":284416},{"id":111900,"n":"Coloration Permanente Olia 4.0 Chatain Pur sans ammoniaque","p":8.76,"img":"https://fd8-photos.leclercdrive.fr/image.ashx?id=2471319&use=l&cat=p&typeid=i","cat":288899},{"id":111901,"n":"Coloration Permanente Olia 4.15 Marron Glacé","p":8.39,"img":"https://fd8-photos.leclercdrive.fr/image.ashx?id=2471322&use=l&cat=p&typeid=i","cat":288899},{"id":111903,"n":"Coloration Permanente Olia 5.3 Chatain Clair Doré","p":8.93,"img":"https://fd8-photos.leclercdrive.fr/image.ashx?id=2520494&use=l&cat=p&typeid=i","cat":288899},{"id":111906,"n":"Déodorant compressé Ushuaïa Grenade - 100ml","p":3.08,"u":"30,80 €/L","img":"https://fd8-photos.leclercdrive.fr/image.ashx?id=2474608&use=l&cat=p&typeid=i","cat":284595},{"id":111911,"n":"Crème anti-rides Bionaïa Bio - 50ml","p":5.59,"u":"111,80 €/L","img":"https://fd8-photos.leclercdrive.fr/image.ashx?id=2436702&use=l&cat=p&typeid=i","cat":325345},{"id":111914,"n":"Bière ambrée Grimbergen 6,5° - 12x25cl","p":9.49,"u":"3,16 €/L","img":"https://fd8-photos.leclercdrive.fr/image.ashx?id=2294378&use=l&cat=p&typeid=i","cat":334852},{"id":111921,"n":"Dessert végétal soja Alpro Mangue sans sucres - 400g","p":2.36,"u":"5,90 €/KG","img":"https://fd8-photos.leclercdrive.fr/image.ashx?id=2976086&use=l&cat=p&typeid=i","cat":316071},{"id":111938,"n":"Bière blonde Affligem  Sans alcool - 6x25cl","p":5.02,"u":"3,35 €/L","img":"https://fd8-photos.leclercdrive.fr/image.ashx?id=2979695&use=l&cat=p&typeid=i","cat":334877},{"id":111956,"n":"Barquette de quenelles Giraudet Bio - Nature - 4x80g","p":5.33,"u":"16,66 €/KG","img":"https://fd8-photos.leclercdrive.fr/image.ashx?id=2214804&use=l&cat=p&typeid=i","cat":333682},{"id":111958,"n":"Barquette de quenelles Giraudet bio Nature - 16x20g","p":5.24,"u":"16,38 €/KG","img":"https://fd8-photos.leclercdrive.fr/image.ashx?id=2214810&use=l&cat=p&typeid=i","cat":333682},{"id":111972,"n":"Serviettes Discreet Tena Lady Extra Plus - x16","p":6.29,"u":"0,39 €/P","img":"https://fd8-photos.leclercdrive.fr/image.ashx?id=2597250&use=l&cat=p&typeid=i","cat":284628},{"id":111987,"n":"Repas bébé Blédichef 18 mois  Pâtes boeuf bourguignon - 250g","p":1.92,"u":"7,68 €/KG","img":"https://fd8-photos.leclercdrive.fr/image.ashx?id=2643746&use=l&cat=p&typeid=i","cat":312238},{"id":111989,"n":"Plat bébé soir Blédichef 12mois Semoule carotte - 230g","p":1.7,"u":"7,39 €/KG","img":"https://fd8-photos.leclercdrive.fr/image.ashx?id=2852363&use=l&cat=p&typeid=i","cat":312239},{"id":111990,"n":"Plat bébé soir Blédichef 18mois Pâtes épinards carotte - 250g","p":1.85,"u":"7,40 €/KG","img":"https://fd8-photos.leclercdrive.fr/image.ashx?id=2479027&use=l&cat=p&typeid=i","cat":312239},{"id":112001,"n":"Recharge Power Tabs Rubson Aero Neutre - Lot de 6","p":24.9,"img":"https://fd8-photos.leclercdrive.fr/image.ashx?id=1971368&use=l&cat=p&typeid=i","cat":300576},{"id":112025,"n":"Fromage St Marcellin IGP 25%mg NRT - 80g","p":1.59,"u":"19,88 €/KG","img":"https://fd8-photos.leclercdrive.fr/image.ashx?id=2174738&use=l&cat=p&typeid=i","cat":329558},{"id":112026,"n":"Fromage Saint Félicien Dauphine NRT - 180g","p":2.65,"u":"14,72 €/KG","img":"https://fd8-photos.leclercdrive.fr/image.ashx?id=2600617&use=l&cat=p&typeid=i","cat":329558},{"id":112038,"n":"Piles Duracell 2016 - x2","p":5.7,"u":"2,85 €/P","img":"https://fd8-photos.leclercdrive.fr/image.ashx?id=2831396&use=l&cat=p&typeid=i","cat":300572},{"id":112070,"n":"Galettes bio St Michel Au bon beurre - 130g","p":1.25,"u":"9,62 €/KG","img":"https://fd8-photos.leclercdrive.fr/image.ashx?id=2936236&use=l&cat=p&typeid=i","cat":284487},{"id":112125,"n":"Crème nutritive nuit So'bio Précieux Argan bio  - 50ml","p":11.63,"u":"232,60 €/L","img":"https://fd8-photos.leclercdrive.fr/image.ashx?id=2990715&use=l&cat=p&typeid=i","cat":325345},{"id":112126,"n":"Crème rose jour So'Bio Etic Précieux Argan bio - 50ml","p":11.06,"u":"221,20 €/L","img":"https://fd8-photos.leclercdrive.fr/image.ashx?id=2792687&use=l&cat=p&typeid=i","cat":325345},{"id":112143,"n":"Oignon rouge Panier du Primeur x4","p":1.79,"u":"0,45 €/P","img":"https://fd8-photos.leclercdrive.fr/image.ashx?id=2966490&use=l&cat=p&typeid=i","cat":284352},{"id":112153,"n":"Planta Fin Cuisson 79%MG - 500ml","p":2.55,"u":"5,10 €/L","img":"https://fd8-photos.leclercdrive.fr/image.ashx?id=2793083&use=l&cat=p&typeid=i","cat":315229},{"id":112210,"n":"Bière blonde Affligem 6x25cl","p":5.29,"u":"3,53 €/L","img":"https://fd8-photos.leclercdrive.fr/image.ashx?id=2530323&use=l&cat=p&typeid=i","cat":334852},{"id":112285,"n":"Terreau Beaux Jours Universel - 20L","p":2.99,"u":"0,15 €/L","img":"https://fd8-photos.leclercdrive.fr/image.ashx?id=1723039&use=l&cat=p&typeid=i","cat":335919},{"id":112286,"n":"Terreau Beaux Jours Universel - 40L","p":4.79,"u":"0,12 €/L","img":"https://fd8-photos.leclercdrive.fr/image.ashx?id=1723042&use=l&cat=p&typeid=i","cat":335919},{"id":112291,"n":"Yaourt protéiné Hipro Myrtille 0%mg - 2x160g","p":2.22,"u":"6,94 €/KG","img":"https://fd8-photos.leclercdrive.fr/image.ashx?id=2800285&use=l&cat=p&typeid=i","cat":315000},{"id":112292,"n":"Yaourt protéiné Hipro Citron 0%mg - 2x160g","p":2.14,"u":"6,69 €/KG","img":"https://fd8-photos.leclercdrive.fr/image.ashx?id=2945415&use=l&cat=p&typeid=i","cat":315000},{"id":112293,"n":"Yaourt à boire protéiné Hipro Vanille cookie 0%mg - 300g","p":2.18,"u":"7,27 €/KG","img":"https://fd8-photos.leclercdrive.fr/image.ashx?id=2329753&use=l&cat=p&typeid=i","cat":315000},{"id":112294,"n":"Yaourt à boire protéiné Hipro Fraise framboise 0%mg - 300g","p":2.04,"u":"6,80 €/KG","img":"https://fd8-photos.leclercdrive.fr/image.ashx?id=2806060&use=l&cat=p&typeid=i","cat":315000},{"id":112330,"n":"Sauce soja sucre Kikkoman Carafe - 150ml","p":4.36,"u":"29,07 €/L","img":"https://fd8-photos.leclercdrive.fr/image.ashx?id=2536293&use=l&cat=p&typeid=i","cat":288992},{"id":112335,"n":"Sauce soja carafe Kikkoman 150ml","p":4.21,"u":"28,07 €/L","img":"https://fd8-photos.leclercdrive.fr/image.ashx?id=2536290&use=l&cat=p&typeid=i","cat":288992},{"id":112471,"n":"Mousse Danette  Chocolat - 4x60g","p":1.69,"u":"7,04 €/KG","img":"https://fd8-photos.leclercdrive.fr/image.ashx?id=2964923&use=l&cat=p&typeid=i","cat":284417},{"id":112503,"n":"Baume de nuit La Provençale Bio Anti-Âge regénérant - 50ml","p":7.57,"u":"151,40 €/L","img":"https://fd8-photos.leclercdrive.fr/image.ashx?id=2950360&use=l&cat=p&typeid=i","cat":325345},{"id":112557,"n":"Gnocchi à poêler Lustucru Fromage - 2x300g+ 300g offerts","p":3.19,"u":"3,54 €/KG","img":"https://fd8-photos.leclercdrive.fr/image.ashx?id=2192398&use=l&cat=p&typeid=i","cat":333682},{"id":112623,"n":"Riz au lait La Laitière Vanille - 8x115g","p":3.12,"u":"3,39 €/KG","img":"https://fd8-photos.leclercdrive.fr/image.ashx?id=2610783&use=l&cat=p&typeid=i","cat":284418},{"id":112624,"n":"Semoule au lait La Laitière Vanille - 4x115g","p":1.65,"u":"3,59 €/KG","img":"https://fd8-photos.leclercdrive.fr/image.ashx?id=2654578&use=l&cat=p&typeid=i","cat":284418},{"id":112666,"n":"Meringues Valdelice Fantaisie P'tit bout - 250g","p":2.19,"u":"8,76 €/KG","img":"https://fd8-photos.leclercdrive.fr/image.ashx?id=2865854&use=l&cat=p&typeid=i","cat":327605},{"id":112698,"n":"yaourt bifidus activia muesli quinoa amande chia -170g","p":1.81,"u":"10,65 €/KG","img":"https://fd8-photos.leclercdrive.fr/image.ashx?id=2965885&use=l&cat=p&typeid=i","cat":315000},{"id":112699,"n":"yaourt bifidus activia muesli framboise chia - 170g","p":1.84,"u":"10,82 €/KG","img":"https://fd8-photos.leclercdrive.fr/image.ashx?id=2965888&use=l&cat=p&typeid=i","cat":315000},{"id":112742,"n":"Mi-chaussette unie coton Dim 5 paires homme - 43/46","p":10.5,"u":"2,10 €/P","img":"https://fd8-photos.leclercdrive.fr/image.ashx?id=2156053&use=l&cat=p&typeid=i","cat":334130},{"id":112806,"n":"Soupe Liquide Liebig  10 Légumes & Crème fraiche - 1L","p":2.35,"u":"2,35 €/L","img":"https://fd8-photos.leclercdrive.fr/image.ashx?id=2941484&use=l&cat=p&typeid=i","cat":284462},{"id":112808,"n":"Soupe liquide Liebig légumes Et vermicelles - Brique 1L","p":2.16,"u":"2,16 €/L","img":"https://fd8-photos.leclercdrive.fr/image.ashx?id=2892142&use=l&cat=p&typeid=i","cat":284462},{"id":112811,"n":"Gel Lave-Vaisselle Sun Tout-en-1 Citron 52 Lavages","p":7.9,"u":"8,78 €/L","img":"https://fd8-photos.leclercdrive.fr/image.ashx?id=2356268&use=l&cat=p&typeid=i","cat":284656},{"id":113108,"n":"Tartine Grilletine de Pasquier Froment - x18 - 242g","p":1.64,"u":"6,78 €/KG","img":"https://fd8-photos.leclercdrive.fr/image.ashx?id=2333060&use=l&cat=p&typeid=i","cat":284479},{"id":113110,"n":"Tartine Grilletine de Pasquier Blé complet - x18 - 242g","p":1.61,"u":"6,65 €/KG","img":"https://fd8-photos.leclercdrive.fr/image.ashx?id=2333063&use=l&cat=p&typeid=i","cat":284479},{"id":113163,"n":"Framboises Panier du Primeur 125g","p":2.59,"u":"20,72 €/KG","img":"https://fd8-photos.leclercdrive.fr/image.ashx?id=2843800&use=l&cat=p&typeid=i","cat":284356},{"id":113232,"n":"AOP fromage Mont d'Or Badoz Baby 1 pièce","p":10.23,"img":"https://fd8-photos.leclercdrive.fr/image.ashx?id=2397962&use=l&cat=p&typeid=i","cat":314037},{"id":113233,"n":"Fromage Mont d'Or Badoz AOP Moyen 1 pièce","p":13.53,"img":"https://fd8-photos.leclercdrive.fr/image.ashx?id=2397959&use=l&cat=p&typeid=i","cat":314037},{"id":113287,"n":"Bière Ambree Jenlain 6x25cl","p":5.46,"u":"3,64 €/L","img":"https://fd8-photos.leclercdrive.fr/image.ashx?id=2504677&use=l&cat=p&typeid=i","cat":334852},{"id":113292,"n":"Boisson énergisante Monster Energy Punch Pipeline - 50CL","p":1.57,"u":"3,14 €/L","img":"https://fd8-photos.leclercdrive.fr/image.ashx?id=2207436&use=l&cat=p&typeid=i","cat":284533},{"id":113412,"n":"Soupe liquide Knorr Patate Douce - 45cl","p":2.75,"u":"6,11 €/L","img":"https://fd8-photos.leclercdrive.fr/image.ashx?id=2646967&use=l&cat=p&typeid=i","cat":284462},{"id":113558,"n":"Compotes Pom'Potes Gourdes  5 Fruits Exotiques - 4x90g","p":2.2,"u":"6,11 €/KG","img":"https://fd8-photos.leclercdrive.fr/image.ashx?id=2990424&use=l&cat=p&typeid=i","cat":284508},{"id":113618,"n":"Crozets aux noix Alpina Savoie Dauphine - 375g","p":2.72,"u":"7,25 €/KG","img":"https://fd8-photos.leclercdrive.fr/image.ashx?id=2795069&use=l&cat=p&typeid=i","cat":284427},{"id":113632,"n":"Piles Duracell LR44 - x4","p":5.7,"u":"1,43 €/P","img":"https://fd8-photos.leclercdrive.fr/image.ashx?id=2328631&use=l&cat=p&typeid=i","cat":300572},{"id":113654,"n":"Xtrem Box Sodebo Radiatori Bœuf Poivre - 400g","p":3.5,"u":"8,75 €/KG","img":"https://fd8-photos.leclercdrive.fr/image.ashx?id=2643998&use=l&cat=p&typeid=i","cat":334983},{"id":113680,"n":"Brioche tressée Nature Harrys Sucre perlé sans additif - 500g","p":2.89,"u":"5,78 €/KG","img":"https://fd8-photos.leclercdrive.fr/image.ashx?id=2503013&use=l&cat=p&typeid=i","cat":284478},{"id":113686,"n":"Tablette de chocolat noir Lindt Citron Gingembre - 100g","p":2.46,"u":"24,60 €/KG","img":"https://fd8-photos.leclercdrive.fr/image.ashx?id=2956996&use=l&cat=p&typeid=i","cat":284956},{"id":113687,"n":"Arrangé goyave rooibos Isautier 40% vol. - 50cl","p":15.83,"u":"31,66 €/L","img":"https://fd8-photos.leclercdrive.fr/image.ashx?id=2153759&use=l&cat=p&typeid=i","cat":284551},{"id":113706,"n":"Briquets Mini Bic Assortis - x6","p":4.9,"u":"0,82 €/P","img":"https://fd8-photos.leclercdrive.fr/image.ashx?id=2284160&use=l&cat=p&typeid=i","cat":300578},{"id":113743,"n":"Tenders Maître Coq Filet de poulet crusty - 380g","p":5.97,"u":"15,71 €/KG","img":"https://fd8-photos.leclercdrive.fr/image.ashx?id=2773412&use=l&cat=p&typeid=i","cat":333684},{"id":113754,"n":"Crème fraîche Yoplait Légère -12% matière grasse 450g","p":1.33,"u":"2,96 €/KG","img":"https://fd8-photos.leclercdrive.fr/image.ashx?id=2811032&use=l&cat=p&typeid=i","cat":284381},{"id":113756,"n":"Fromage blanc Calin Nature - 3,2%MG - 1kg","p":2.78,"u":"2,78 €/KG","img":"https://fd8-photos.leclercdrive.fr/image.ashx?id=2973727&use=l&cat=p&typeid=i","cat":284409},{"id":113773,"n":"Tagliatelle Gayelord Hauser Sans rinçage, Konjac - 160g","p":1.97,"u":"12,31 €/KG","img":"https://fd8-photos.leclercdrive.fr/image.ashx?id=2827086&use=l&cat=p&typeid=i","cat":318652},{"id":113779,"n":"Assiette bio Bio Village Haricot vert dinde 12 mois 230g","p":1.45,"u":"6,30 €/KG","img":"https://fd8-photos.leclercdrive.fr/image.ashx?id=2900217&use=l&cat=p&typeid=i","cat":312237},{"id":113787,"n":"Assiette pâtes bio Bio Village Légumes saumon 18 mois 260g","p":1.95,"u":"7,50 €/KG","img":"https://fd8-photos.leclercdrive.fr/image.ashx?id=2900232&use=l&cat=p&typeid=i","cat":312238},{"id":113792,"n":"Assiette bio 15mois Bio Village Legumes volaille basquaise 250g","p":1.79,"u":"7,16 €/KG","img":"https://fd8-photos.leclercdrive.fr/image.ashx?id=2900244&use=l&cat=p&typeid=i","cat":312238},{"id":113808,"n":"Crème dessert La Laitière Pot de crème vanille - 4x100g","p":2.28,"u":"5,70 €/KG","img":"https://fd8-photos.leclercdrive.fr/image.ashx?id=2875969&use=l&cat=p&typeid=i","cat":285041},{"id":113811,"n":"Crème dessert La Laitière Pot de crème chocolat - 4x100g","p":2.23,"u":"5,58 €/KG","img":"https://fd8-photos.leclercdrive.fr/image.ashx?id=2875966&use=l&cat=p&typeid=i","cat":285041},{"id":113813,"n":"Crème dessert La Laitière Pot de crème café - 4x100g","p":2.43,"u":"6,08 €/KG","img":"https://fd8-photos.leclercdrive.fr/image.ashx?id=2875963&use=l&cat=p&typeid=i","cat":285041},{"id":113858,"n":"Yaourt à la grecque YAOS Nature - 8x125g","p":3.35,"u":"3,35 €/KG","img":"https://fd8-photos.leclercdrive.fr/image.ashx?id=2418462&use=l&cat=p&typeid=i","cat":314999},{"id":113870,"n":"Lait hydratant Vichy Autobronzant - 100ml","p":12.7,"u":"127,00 €/L","img":"https://fd8-photos.leclercdrive.fr/image.ashx?id=1971449&use=l&cat=p&typeid=i","cat":290395},{"id":113899,"n":"Sérum concentré La Roche-Posay Anti-rides Hyalu B5 - 30ml","p":29.9,"u":"996,67 €/L","img":"https://fd8-photos.leclercdrive.fr/image.ashx?id=2087011&use=l&cat=p&typeid=i","cat":291168},{"id":113902,"n":"Gel lavant quotidien Hydralin Hypoallergénique - 2x400ml","p":16.8,"u":"21,00 €/L","img":"https://fd8-photos.leclercdrive.fr/image.ashx?id=2905426&use=l&cat=p&typeid=i","cat":301348},{"id":113910,"n":"Euphytose nuit Bayer x30","p":9.9,"u":"0,33 €/P","img":"https://fd8-photos.leclercdrive.fr/image.ashx?id=1975676&use=l&cat=p&typeid=i","cat":301265},{"id":113929,"n":"Soin anti-âge Normaderm Vichy 50ml","p":16.2,"u":"324,00 €/L","img":"https://fd8-photos.leclercdrive.fr/image.ashx?id=1950329&use=l&cat=p&typeid=i","cat":291168},{"id":113969,"n":"Thon Albacore Le Savoureux Entier à l'Huile d'Olive - 80g","p":1.76,"u":"22,00 €/KG","img":"https://fd8-photos.leclercdrive.fr/image.ashx?id=2167919&use=l&cat=p&typeid=i","cat":303867},{"id":113973,"n":"Biscuits Baiocchi Mulino Bianco Chocolat noisette - 260g","p":2.5,"u":"9,62 €/KG","img":"https://fd8-photos.leclercdrive.fr/image.ashx?id=2787968&use=l&cat=p&typeid=i","cat":284488},{"id":113979,"n":"Dentifrice Parodontax Protection complète - 2x75ml","p":8.2,"u":"54,67 €/L","img":"https://fd8-photos.leclercdrive.fr/image.ashx?id=2537246&use=l&cat=p&typeid=i","cat":290419},{"id":113980,"n":"Café dosettes Tassimo Grand-mère - Expresso x16","p":4.29,"u":"41,25 €/KG","img":"https://fd8-photos.leclercdrive.fr/image.ashx?id=1749617&use=l&cat=p&typeid=i","cat":293240},{"id":113990,"n":"Shampooing quotidien Pouxdoux Bio Puressentiel - 200ml","p":7.49,"u":"37,45 €/L","img":"https://fd8-photos.leclercdrive.fr/image.ashx?id=2988514&use=l&cat=p&typeid=i","cat":301248},{"id":113998,"n":"Girasoli Lustucru Selection  Ricotta Epinard - 250g","p":2.59,"u":"10,36 €/KG","img":"https://fd8-photos.leclercdrive.fr/image.ashx?id=2974351&use=l&cat=p&typeid=i","cat":333682},{"id":114017,"n":"Bière blonde Heineken 5%vol - 12x33cl","p":9.55,"u":"2,41 €/L","img":"https://fd8-photos.leclercdrive.fr/image.ashx?id=3008125&use=l&cat=p&typeid=i","cat":334853},{"id":114018,"n":"Bière blonde Heineken 5%vol - Boite 4x50cl","p":4.73,"u":"2,37 €/L","img":"https://fd8-photos.leclercdrive.fr/image.ashx?id=3008122&use=l&cat=p&typeid=i","cat":334853},{"id":114020,"n":"Bière aromatisée  Desperados 5.9%vol - Boite 50cl","p":1.74,"u":"3,48 €/L","img":"https://fd8-photos.leclercdrive.fr/image.ashx?id=2977303&use=l&cat=p&typeid=i","cat":334853},{"id":114023,"n":"Thon au naturel Petit Navire Démarche Responsable - 280g","p":4.6,"u":"16,43 €/KG","img":"https://fd8-photos.leclercdrive.fr/image.ashx?id=2909974&use=l&cat=p&typeid=i","cat":303867},{"id":114092,"n":"Brosse à dents bambou Dentamyl Médium - 1 pièce","p":1.95,"img":"https://fd8-photos.leclercdrive.fr/image.ashx?id=2783495&use=l&cat=p&typeid=i","cat":284614},{"id":114093,"n":"Brosse à dents bambou Dentamyl Souple - 1 pièce","p":1.95,"img":"https://fd8-photos.leclercdrive.fr/image.ashx?id=2790997&use=l&cat=p&typeid=i","cat":284614},{"id":114094,"n":"Shampooing douche Petit Manava Pêche abricot - 500ml","p":2.19,"u":"4,38 €/L","img":"https://fd8-photos.leclercdrive.fr/image.ashx?id=2410636&use=l&cat=p&typeid=i","cat":284606},{"id":114095,"n":"Mouchoirs blancs 3 plis Caresse Boîte - x150","p":1.65,"u":"0,01 €/P","img":"https://fd8-photos.leclercdrive.fr/image.ashx?id=2779298&use=l&cat=p&typeid=i","cat":284638},{"id":114096,"n":"Culotte Chorys Taille XL - x10","p":10.31,"u":"1,03 €/P","img":"https://fd8-photos.leclercdrive.fr/image.ashx?id=2623016&use=l&cat=p&typeid=i","cat":284628},{"id":114102,"n":"Change culottes Mots d'enfants T5 : 12/18kg - x40","p":9.75,"u":"0,24 €/P","img":"https://fd8-photos.leclercdrive.fr/image.ashx?id=2907237&use=l&cat=p&typeid=i","cat":290633},{"id":114103,"n":"Change culottes Mots d'enfants T6 : +16kg - x36","p":9.75,"u":"0,27 €/P","img":"https://fd8-photos.leclercdrive.fr/image.ashx?id=2907240&use=l&cat=p&typeid=i","cat":290633},{"id":114172,"n":"Bonbons de Noël Milka Lait - 86g","p":2.71,"u":"31,51 €/KG","img":"https://fd8-photos.leclercdrive.fr/image.ashx?id=2937995&use=l&cat=p&typeid=i","cat":327592},{"id":114175,"n":"Bonbons de Noël Milka Oréo - 86g","p":2.79,"u":"32,44 €/KG","img":"https://fd8-photos.leclercdrive.fr/image.ashx?id=2834005&use=l&cat=p&typeid=i","cat":327592},{"id":114190,"n":"Chocolat Mon Chéri cerise Etui Noël - 262g","p":9.71,"u":"37,06 €/KG","img":"https://fd8-photos.leclercdrive.fr/image.ashx?id=2940501&use=l&cat=p&typeid=i","cat":327601},{"id":114239,"n":"Chiffonnade de Jambon Cru Presto - 80g","p":5.38,"u":"67,25 €/KG","img":"https://fd8-photos.leclercdrive.fr/image.ashx?id=2918919&use=l&cat=p&typeid=i","cat":316007},{"id":114242,"n":"Taboulé Oriental Pierre Martinet - 510g","p":2.18,"u":"4,27 €/KG","img":"https://fd8-photos.leclercdrive.fr/image.ashx?id=2684491&use=l&cat=p&typeid=i","cat":333657},{"id":114245,"n":"Fromage Beaufort NRT AOP  200g","p":4.99,"u":"24,95 €/KG","img":"https://fd8-photos.leclercdrive.fr/image.ashx?id=2271969&use=l&cat=p&typeid=i","cat":329184},{"id":114400,"n":"Thon entier MSC Pêche Océan A l'huile - 104g","p":1.73,"u":"16,63 €/KG","img":"https://fd8-photos.leclercdrive.fr/image.ashx?id=2942208&use=l&cat=p&typeid=i","cat":303867},{"id":114406,"n":"Taboulé Pierre Martinet Oriental à l'huile d'olive 310g","p":1.45,"u":"4,68 €/KG","img":"https://fd8-photos.leclercdrive.fr/image.ashx?id=2432241&use=l&cat=p&typeid=i","cat":333657},{"id":114411,"n":"Dès de cheddar  Les Croisés 150g","p":2.19,"u":"14,60 €/KG","img":"https://fd8-photos.leclercdrive.fr/image.ashx?id=2422553&use=l&cat=p&typeid=i","cat":314027},{"id":114570,"n":"Traîneau chocolat oeuf Kinder Bleu - 75g","p":3.78,"u":"50,40 €/KG","img":"https://fd8-photos.leclercdrive.fr/image.ashx?id=2417549&use=l&cat=p&typeid=i","cat":327592},{"id":114613,"n":"Costume père Noel Prestige 1 pièce","p":20.9,"img":"https://fd8-photos.leclercdrive.fr/image.ashx?id=1744085&use=l&cat=p&typeid=i","cat":335913},{"id":114652,"n":"Mouchoirs blanc 2 plis Caresse Boîte mouchoirs papier - x180","p":1.69,"u":"0,01 €/P","img":"https://fd8-photos.leclercdrive.fr/image.ashx?id=2752640&use=l&cat=p&typeid=i","cat":284638},{"id":114706,"n":"Infusion des marmottes Les 2 Marmottes x30 - 46g","p":4.53,"u":"98,48 €/KG","img":"https://fd8-photos.leclercdrive.fr/image.ashx?id=2833552&use=l&cat=p&typeid=i","cat":293234},{"id":114707,"n":"Infusion Les 2 marmottes Cocktail digest - x30 - 55g","p":4.82,"u":"87,64 €/KG","img":"https://fd8-photos.leclercdrive.fr/image.ashx?id=2833579&use=l&cat=p&typeid=i","cat":293234},{"id":114774,"n":"Infusion les 2 marmottes Menthe-tilleul-verveine - 42g","p":5.3,"u":"126,19 €/KG","img":"https://fd8-photos.leclercdrive.fr/image.ashx?id=2833570&use=l&cat=p&typeid=i","cat":293234},{"id":114784,"n":"Comté fromage bloc Les Croisés 350g","p":4.75,"u":"13,57 €/KG","img":"https://fd8-photos.leclercdrive.fr/image.ashx?id=1749677&use=l&cat=p&typeid=i","cat":314034},{"id":114805,"n":"Coeur Coulant Bonne Maman Chocolat - 2x80g","p":2.89,"u":"18,06 €/KG","img":"https://fd8-photos.leclercdrive.fr/image.ashx?id=2912326&use=l&cat=p&typeid=i","cat":284419},{"id":114807,"n":"Dessert Fruitier Andros Poire Williams morceaux 4x100g","p":2.79,"u":"6,98 €/KG","img":"https://fd8-photos.leclercdrive.fr/image.ashx?id=2908198&use=l&cat=p&typeid=i","cat":284416},{"id":114810,"n":"Parmigiano Reg AOP Casa Azzurra Râpé -  200g","p":4.9,"u":"24,50 €/KG","img":"https://fd8-photos.leclercdrive.fr/image.ashx?id=2261957&use=l&cat=p&typeid=i","cat":314035},{"id":114865,"n":"Père Noel Smarties Orange - 85g","p":2.77,"u":"32,59 €/KG","img":"https://fd8-photos.leclercdrive.fr/image.ashx?id=1985742&use=l&cat=p&typeid=i","cat":284958},{"id":114890,"n":"Fromage Comté NRT AOP 15 mois 200g","p":4.44,"u":"22,20 €/KG","img":"https://fd8-photos.leclercdrive.fr/image.ashx?id=2272030&use=l&cat=p&typeid=i","cat":314034},{"id":114901,"n":"Plat bébé Blédina 12 mois  Artichaut dinde - 2x200g","p":2.73,"u":"6,83 €/KG","img":"https://fd8-photos.leclercdrive.fr/image.ashx?id=2975089&use=l&cat=p&typeid=i","cat":312237},{"id":114956,"n":"Skyr Myrtille Délisse 450g","p":2.78,"u":"6,18 €/KG","img":"https://fd8-photos.leclercdrive.fr/image.ashx?id=2992552&use=l&cat=p&typeid=i","cat":315000},{"id":115011,"n":"Lingettes bébé Mots d'enfants à l'eau - x60","p":1.66,"u":"0,03 €/P","img":"https://fd8-photos.leclercdrive.fr/image.ashx?id=3014293&use=l&cat=p&typeid=i","cat":284738},{"id":115013,"n":"Liquide vaisselle Uni Vert Ecologique citron - 750ml","p":1.59,"u":"2,12 €/L","img":"https://fd8-photos.leclercdrive.fr/image.ashx?id=2999517&use=l&cat=p&typeid=i","cat":284655},{"id":115017,"n":"Protège slip Chorys Ultra mini long - x24","p":1.7,"u":"0,07 €/P","img":"https://fd8-photos.leclercdrive.fr/image.ashx?id=1962795&use=l&cat=p&typeid=i","cat":284628},{"id":115072,"n":"Girasoli Lustucru Selection  Cèpes Ricotta - 250g","p":2.65,"u":"10,60 €/KG","img":"https://fd8-photos.leclercdrive.fr/image.ashx?id=2974599&use=l&cat=p&typeid=i","cat":333682},{"id":115093,"n":"Mozzarella vache Casa Azzurra Râpée - 150g","p":2.22,"u":"14,80 €/KG","img":"https://fd8-photos.leclercdrive.fr/image.ashx?id=1757239&use=l&cat=p&typeid=i","cat":314035},{"id":115113,"n":"Tirlibibi Haribo Boîte bonbons - 750g","p":4.53,"u":"6,04 €/KG","img":"https://fd8-photos.leclercdrive.fr/image.ashx?id=2806922&use=l&cat=p&typeid=i","cat":304250},{"id":115114,"n":"Polka Haribo Sachet bonbons - 300g","p":1.38,"u":"4,60 €/KG","img":"https://fd8-photos.leclercdrive.fr/image.ashx?id=2982414&use=l&cat=p&typeid=i","cat":304250},{"id":115115,"n":"Les Schtroumpfs Haribo Sachet bonbons - 300g","p":1.45,"u":"4,83 €/KG","img":"https://fd8-photos.leclercdrive.fr/image.ashx?id=2788475&use=l&cat=p&typeid=i","cat":304250},{"id":115116,"n":"Chamallows Haribo Guimauves   - 300g","p":1.48,"u":"4,93 €/KG","img":"https://fd8-photos.leclercdrive.fr/image.ashx?id=2984937&use=l&cat=p&typeid=i","cat":304250},{"id":115124,"n":"Terrine chien Bio Poulet légume - 300g","p":1.62,"u":"5,40 €/KG","img":"https://fd8-photos.leclercdrive.fr/image.ashx?id=2333808&use=l&cat=p&typeid=i","cat":284673},{"id":115125,"n":"Terrines pour chat Plénima Au saumon bio - 100g","p":0.62,"u":"6,20 €/KG","img":"https://fd8-photos.leclercdrive.fr/image.ashx?id=2333811&use=l&cat=p&typeid=i","cat":285601},{"id":115130,"n":"Pain de mie Epi d'Or Sans croute - 500g","p":1.56,"u":"3,12 €/KG","img":"https://fd8-photos.leclercdrive.fr/image.ashx?id=3012872&use=l&cat=p&typeid=i","cat":284477},{"id":115155,"n":"Gommage visage Bio Naïa Bio - 75ml","p":2.49,"u":"33,20 €/L","img":"https://fd8-photos.leclercdrive.fr/image.ashx?id=2436690&use=l&cat=p&typeid=i","cat":325346},{"id":115156,"n":"Stick lèvres Bio Naïa Bio - 1 pièce","p":1.85,"img":"https://fd8-photos.leclercdrive.fr/image.ashx?id=2518837&use=l&cat=p&typeid=i","cat":285485},{"id":115158,"n":"Gelée bio Bio Naïa A l'aloe vera bio - 200ml","p":3.99,"u":"19,95 €/L","img":"https://fd8-photos.leclercdrive.fr/image.ashx?id=2436699&use=l&cat=p&typeid=i","cat":325350},{"id":115163,"n":"Infusion Twinings Ayurveda gingembre miel et citron x20","p":2.77,"u":"86,56 €/KG","img":"https://fd8-photos.leclercdrive.fr/image.ashx?id=2893036&use=l&cat=p&typeid=i","cat":293234},{"id":115278,"n":"Gressins traditionnels Artesani 300g","p":2.23,"u":"7,43 €/KG","img":"https://fd8-photos.leclercdrive.fr/image.ashx?id=2475852&use=l&cat=p&typeid=i","cat":289010},{"id":115280,"n":"Gressins Florelli Au Sésame Artesani - 300g","p":2.2,"u":"7,33 €/KG","img":"https://fd8-photos.leclercdrive.fr/image.ashx?id=2475858&use=l&cat=p&typeid=i","cat":289010},{"id":115320,"n":"Capsules café Plantation Equilibré n°6 - x10 - 52g","p":2.19,"u":"42,12 €/KG","img":"https://fd8-photos.leclercdrive.fr/image.ashx?id=2891785&use=l&cat=p&typeid=i","cat":284749},{"id":115321,"n":"Capsules café Plantation Intense n°10 - x10 - 52g","p":2.19,"u":"42,12 €/KG","img":"https://fd8-photos.leclercdrive.fr/image.ashx?id=2908855&use=l&cat=p&typeid=i","cat":284749},{"id":115323,"n":"Capsules café Plantation Subtil n°5 - x10 - 52g","p":2.25,"u":"43,27 €/KG","img":"https://fd8-photos.leclercdrive.fr/image.ashx?id=2943106&use=l&cat=p&typeid=i","cat":284749},{"id":115324,"n":"Capsules café Plantation Décaféiné n°5 -  x10 - 52g","p":2.39,"u":"45,96 €/KG","img":"https://fd8-photos.leclercdrive.fr/image.ashx?id=2918472&use=l&cat=p&typeid=i","cat":284749},{"id":115326,"n":"Capsules café Plantation Lungo Délicat n°4 - x10 - 52g","p":2.35,"u":"45,19 €/KG","img":"https://fd8-photos.leclercdrive.fr/image.ashx?id=2943109&use=l&cat=p&typeid=i","cat":284749},{"id":115328,"n":"Capsules café Plantation  Ristretto n°12 - x10 - 52g","p":2.24,"u":"43,08 €/KG","img":"https://fd8-photos.leclercdrive.fr/image.ashx?id=2418116&use=l&cat=p&typeid=i","cat":284749},{"id":115332,"n":"Capsules café Plantation Brésil n°7 - x10 - 52g","p":2.39,"u":"45,96 €/KG","img":"https://fd8-photos.leclercdrive.fr/image.ashx?id=2929879&use=l&cat=p&typeid=i","cat":284749},{"id":115345,"n":"Capsules café Plantation Café vanille n°6 - x10 - 52g","p":2.39,"u":"45,96 €/KG","img":"https://fd8-photos.leclercdrive.fr/image.ashx?id=2918475&use=l&cat=p&typeid=i","cat":284749},{"id":115348,"n":"Capsules café Plantation Noisette n°7 - x10 - 52g","p":2.39,"u":"45,96 €/KG","img":"https://fd8-photos.leclercdrive.fr/image.ashx?id=2908858&use=l&cat=p&typeid=i","cat":284749},{"id":115349,"n":"Capsules café Plantation Intense n°10 - x30 - 156g","p":5.19,"u":"33,27 €/KG","img":"https://fd8-photos.leclercdrive.fr/image.ashx?id=2865095&use=l&cat=p&typeid=i","cat":284749},{"id":115350,"n":"Capsules café Plantation Equilibré N°6 - x30 - 156g","p":5.19,"u":"33,27 €/KG","img":"https://fd8-photos.leclercdrive.fr/image.ashx?id=2852249&use=l&cat=p&typeid=i","cat":284749},{"id":115351,"n":"Capsules café Plantation Espresso Forte n°8 - x10 - 52g","p":2.35,"u":"45,19 €/KG","img":"https://fd8-photos.leclercdrive.fr/image.ashx?id=2918478&use=l&cat=p&typeid=i","cat":284749},{"id":115354,"n":"Morilles Borde bocal 150g","p":13.43,"u":"89,53 €/KG","img":"https://fd8-photos.leclercdrive.fr/image.ashx?id=2731093&use=l&cat=p&typeid=i","cat":312610},{"id":115355,"n":"Girolles Borde 175g","p":4.84,"u":"27,66 €/KG","img":"https://fd8-photos.leclercdrive.fr/image.ashx?id=2312804&use=l&cat=p&typeid=i","cat":312610},{"id":115357,"n":"Tablette De Chocolat A Patisser Pralinoise Praline - 180g","p":2.99,"u":"16,61 €/KG","img":"https://fd8-photos.leclercdrive.fr/image.ashx?id=2890265&use=l&cat=p&typeid=i","cat":285562},{"id":115363,"n":"Lait bébé en poudre Blédilait 1er âge 0-6 mois 900g","p":14.55,"u":"16,17 €/KG","img":"https://fd8-photos.leclercdrive.fr/image.ashx?id=2855052&use=l&cat=p&typeid=i","cat":284726},{"id":115364,"n":"Lait bébé en poudre Blédilait 2e âge 6-12 mois 900g","p":13.33,"u":"14,81 €/KG","img":"https://fd8-photos.leclercdrive.fr/image.ashx?id=2616853&use=l&cat=p&typeid=i","cat":284727},{"id":115367,"n":"Biscuits roses de Reims NRT 200g","p":3.69,"u":"18,45 €/KG","img":"https://fd8-photos.leclercdrive.fr/image.ashx?id=2704912&use=l&cat=p&typeid=i","cat":284487},{"id":115409,"n":"Confit de canard Monfort Cuisses - 400g","p":8.13,"u":"20,33 €/KG","img":"https://fd8-photos.leclercdrive.fr/image.ashx?id=2324585&use=l&cat=p&typeid=i","cat":284339},{"id":115458,"n":"Pizza Mozzarella Turini Basilic - 450g","p":3.33,"u":"7,40 €/KG","img":"https://fd8-photos.leclercdrive.fr/image.ashx?id=1757877&use=l&cat=p&typeid=i","cat":333679},{"id":115459,"n":"Pizza tartiflette Turini 450g","p":3.39,"u":"7,53 €/KG","img":"https://fd8-photos.leclercdrive.fr/image.ashx?id=2816597&use=l&cat=p&typeid=i","cat":333679},{"id":115463,"n":"Litière chats Tranquille Carbonite - 7.1kg","p":6.05,"u":"0,85 €/KG","img":"https://fd8-photos.leclercdrive.fr/image.ashx?id=2421871&use=l&cat=p&typeid=i","cat":284683},{"id":115488,"n":"Bière blonde 1664 5,5° - 12x25cl","p":7.59,"u":"2,53 €/L","img":"https://fd8-photos.leclercdrive.fr/image.ashx?id=2215566&use=l&cat=p&typeid=i","cat":334873},{"id":115492,"n":"Bière blonde 1664 5,5° - 6x25cl","p":4.14,"u":"2,76 €/L","img":"https://fd8-photos.leclercdrive.fr/image.ashx?id=2215572&use=l&cat=p&typeid=i","cat":334873},{"id":115502,"n":"Persil et Ail Rustica 75g","p":1.99,"u":"26,53 €/KG","img":"https://fd8-photos.leclercdrive.fr/image.ashx?id=2365493&use=l&cat=p&typeid=i","cat":319804},{"id":115505,"n":"Fromage Fourme d'Ambert NRT  AOP - 250g","p":3.23,"u":"12,92 €/KG","img":"https://fd8-photos.leclercdrive.fr/image.ashx?id=2459397&use=l&cat=p&typeid=i","cat":314032},{"id":115507,"n":"Mini Samoussas Table du Monde Boeuf poulet - 220g","p":3.31,"u":"15,05 €/KG","img":"https://fd8-photos.leclercdrive.fr/image.ashx?id=2947350&use=l&cat=p&typeid=i","cat":333673},{"id":115527,"n":"Gel de toilette intime Bionaïa Bio - 200ml","p":2.02,"u":"10,10 €/L","img":"https://fd8-photos.leclercdrive.fr/image.ashx?id=2442130&use=l&cat=p&typeid=i","cat":284627},{"id":115660,"n":"Boudin noir Bahier  Oignons à l'ancienne 2x125g","p":2.47,"u":"9,88 €/KG","img":"https://fd8-photos.leclercdrive.fr/image.ashx?id=3000680&use=l&cat=p&typeid=i","cat":316012},{"id":115662,"n":"Boudin blanc Bahier Nature 2x125g","p":2.96,"u":"11,84 €/KG","img":"https://fd8-photos.leclercdrive.fr/image.ashx?id=2965981&use=l&cat=p&typeid=i","cat":316012},{"id":115663,"n":"Boudin blanc Bahier  Aux cèpes 2x125g","p":3.14,"img":"https://fd8-photos.leclercdrive.fr/image.ashx?id=2965984&use=l&cat=p&typeid=i","cat":316012},{"id":115771,"n":"Lait bébé en poudre Gallia Calisma 2e âge 6-12mois 2x600g","p":20.03,"u":"16,69 €/KG","img":"https://fd8-photos.leclercdrive.fr/image.ashx?id=2935750&use=l&cat=p&typeid=i","cat":284727},{"id":115772,"n":"Pâte à tartiner Bio Village Aux noisette bio - 600g","p":4.16,"u":"6,93 €/KG","img":"https://fd8-photos.leclercdrive.fr/image.ashx?id=2977201&use=l&cat=p&typeid=i","cat":284481},{"id":115773,"n":"Lait bébé en poudre Gallia Calisma 1er âge 0-6 mois 2x600g","p":23.42,"u":"19,52 €/KG","img":"https://fd8-photos.leclercdrive.fr/image.ashx?id=2953755&use=l&cat=p&typeid=i","cat":284726},{"id":115787,"n":"AOC Coteaux d'Aix-en-Provence vin rosé Terres Ocrées - 75cl","p":4.49,"u":"5,99 €/L","img":"https://fd8-photos.leclercdrive.fr/image.ashx?id=2900172&use=l&cat=p&typeid=i","cat":289558},{"id":115821,"n":"Confiture mirabelle Bonne Maman Intense - 335g","p":2.38,"u":"7,10 €/KG","img":"https://fd8-photos.leclercdrive.fr/image.ashx?id=2341026&use=l&cat=p&typeid=i","cat":284480},{"id":115823,"n":"Sauce à la Truffe Bénédicta Gamme Gourmet - 260g","p":3.42,"u":"13,15 €/KG","img":"https://fd8-photos.leclercdrive.fr/image.ashx?id=2616183&use=l&cat=p&typeid=i","cat":318430},{"id":115850,"n":"Compote Charles & Alice Pommes Passion - 4x97g","p":1.78,"u":"4,59 €/KG","img":"https://fd8-photos.leclercdrive.fr/image.ashx?id=2757692&use=l&cat=p&typeid=i","cat":284416},{"id":115874,"n":"Dessert fruitier pomme pêche Andros x4","p":1.48,"u":"3,70 €/KG","img":"https://fd8-photos.leclercdrive.fr/image.ashx?id=2968100&use=l&cat=p&typeid=i","cat":284416},{"id":115905,"n":"Yaourt brassé Perle de Lait Coco - 8x125g","p":3.27,"u":"3,27 €/KG","img":"https://fd8-photos.leclercdrive.fr/image.ashx?id=2989204&use=l&cat=p&typeid=i","cat":314999},{"id":115906,"n":"Yaourt aromatisé Perle de Lait sur Lit de Framboise - 4x125g","p":2.32,"u":"5,04 €/P","img":"https://fd8-photos.leclercdrive.fr/image.ashx?id=2989207&use=l&cat=p&typeid=i","cat":314999},{"id":115910,"n":"Yaourt brassé Perle de Lait Vanille - 8x125g","p":3.33,"u":"3,33 €/KG","img":"https://fd8-photos.leclercdrive.fr/image.ashx?id=2990568&use=l&cat=p&typeid=i","cat":314999},{"id":115958,"n":"Poelée de cèpes Magda Au beurre persillé - 300g","p":3.98,"pp":2.63,"u":"8,77 €/KG","img":"https://fd8-photos.leclercdrive.fr/image.ashx?id=2790015&use=l&cat=p&typeid=i","cat":319823},{"id":115970,"n":"Girolles à la crème Magda 300g","p":3.98,"pp":2.63,"u":"8,77 €/KG","img":"https://fd8-photos.leclercdrive.fr/image.ashx?id=2411117&use=l&cat=p&typeid=i","cat":319805},{"id":115986,"n":"Pain surprise de campagne Côté Table x32 - 460g","p":8.5,"u":"18,48 €/KG","img":"https://fd8-photos.leclercdrive.fr/image.ashx?id=2776466&use=l&cat=p&typeid=i","cat":319774},{"id":115989,"n":"Pain Surprise Suédois  x32 - 360g","p":7.11,"u":"19,75 €/KG","img":"https://fd8-photos.leclercdrive.fr/image.ashx?id=2598710&use=l&cat=p&typeid=i","cat":319774},{"id":115991,"n":"Squidgies Haribo Sachet bonbons - 200g","p":1.66,"u":"8,30 €/KG","img":"https://fd8-photos.leclercdrive.fr/image.ashx?id=2984934&use=l&cat=p&typeid=i","cat":304250},{"id":116002,"n":"Porto Cruz Blanc - 18%vol - 75cl","p":7.7,"u":"10,27 €/L","img":"https://fd8-photos.leclercdrive.fr/image.ashx?id=2535822&use=l&cat=p&typeid=i","cat":284913},{"id":116010,"n":"Biscotte Pasquier Blé sans sucre ajoutés - 300g","p":2.04,"u":"6,80 €/KG","img":"https://fd8-photos.leclercdrive.fr/image.ashx?id=2507952&use=l&cat=p&typeid=i","cat":284479},{"id":116096,"n":"Shampooing douche Petit Manava Fraise cerise - 250ml","p":1.35,"u":"5,40 €/L","img":"https://fd8-photos.leclercdrive.fr/image.ashx?id=1763207&use=l&cat=p&typeid=i","cat":284606},{"id":116107,"n":"Vin pétillant italien Martini Prosecco 11,5° - 75cl","p":7.62,"u":"10,16 €/L","img":"https://fd8-photos.leclercdrive.fr/image.ashx?id=2973324&use=l&cat=p&typeid=i","cat":289461},{"id":116114,"n":"Shampooing douche Petit Manava Pêche banane - 250ml","p":1.35,"u":"5,40 €/L","img":"https://fd8-photos.leclercdrive.fr/image.ashx?id=2440458&use=l&cat=p&typeid=i","cat":284606},{"id":116171,"n":"Adoucissant concentré Hyperdou Pur Caresse x75 - 1.95L","p":3.65,"u":"1,87 €/L","img":"https://fd8-photos.leclercdrive.fr/image.ashx?id=2614512&use=l&cat=p&typeid=i","cat":284650},{"id":116172,"n":"Lingettes bio Bionaïa Démaquillantes - x25","p":1.04,"u":"0,04 €/P","img":"https://fd8-photos.leclercdrive.fr/image.ashx?id=2515500&use=l&cat=p&typeid=i","cat":284603},{"id":116199,"n":"Vin blanc pétillant Roche Mazet Brut Chardonnay - 75cl","p":5.52,"u":"7,36 €/L","img":"https://fd8-photos.leclercdrive.fr/image.ashx?id=2475615&use=l&cat=p&typeid=i","cat":284544},{"id":116221,"n":"Crème de jour L'Oréal Paris  Revitalift Anti-âge - 50ml","p":14.65,"u":"293,00 €/L","img":"https://fd8-photos.leclercdrive.fr/image.ashx?id=2926581&use=l&cat=p&typeid=i","cat":325345},{"id":116224,"n":"Porto Tawny Cruz 18%vol - 75cl","p":7.39,"u":"9,85 €/L","img":"https://fd8-photos.leclercdrive.fr/image.ashx?id=2536373&use=l&cat=p&typeid=i","cat":284913},{"id":116240,"n":"Lait bébé liquide Blédilait croissance 1-3 ans 6x1L","p":12.59,"u":"2,10 €/L","img":"https://fd8-photos.leclercdrive.fr/image.ashx?id=2685799&use=l&cat=p&typeid=i","cat":284728},{"id":116254,"n":"Lait bébé en poudre Calisma Bio Gallia croissance 10 mois 800g","p":16.83,"u":"21,04 €/KG","img":"https://fd8-photos.leclercdrive.fr/image.ashx?id=2760325&use=l&cat=p&typeid=i","cat":290219},{"id":116321,"n":"Soupe liquide Liebig tomates  Et vermicelles - Brique 1L","p":2.12,"u":"2,12 €/L","img":"https://fd8-photos.leclercdrive.fr/image.ashx?id=2941481&use=l&cat=p&typeid=i","cat":284462},{"id":116339,"n":"Test de grossesse Mercurochrome 1 pièce","p":4.46,"img":"https://fd8-photos.leclercdrive.fr/image.ashx?id=2806958&use=l&cat=p&typeid=i","cat":324482},{"id":116387,"n":"Pâte à tartiner Poulain  Cacao noisette - 400g","p":2.97,"u":"7,43 €/KG","img":"https://fd8-photos.leclercdrive.fr/image.ashx?id=2806354&use=l&cat=p&typeid=i","cat":284481},{"id":116431,"n":"Parmentier de boeuf Charolais Fleury Michon - 300g","p":3.12,"u":"10,40 €/KG","img":"https://fd8-photos.leclercdrive.fr/image.ashx?id=2662346&use=l&cat=p&typeid=i","cat":333665},{"id":116432,"n":"Parmentier de saumon Fleury Michon - 300g","p":3.06,"u":"10,20 €/KG","img":"https://fd8-photos.leclercdrive.fr/image.ashx?id=2662349&use=l&cat=p&typeid=i","cat":333665},{"id":116552,"n":"Soin hydratant quotidien Vichy Minéral 89 - 50ml","p":20.99,"u":"419,80 €/L","img":"https://fd8-photos.leclercdrive.fr/image.ashx?id=1975625&use=l&cat=p&typeid=i","cat":291171},{"id":116557,"n":"Mouche bébé Prohinel  x2 embouts jetables","p":6.5,"img":"https://fd8-photos.leclercdrive.fr/image.ashx?id=2918817&use=l&cat=p&typeid=i","cat":289435},{"id":116569,"n":"Huile lavante Xémose Uriage Apaisante - 1L","p":15.95,"u":"15,95 €/L","img":"https://fd8-photos.leclercdrive.fr/image.ashx?id=2967283&use=l&cat=p&typeid=i","cat":301591},{"id":116579,"n":"Pommes de terres grenailles Bio Bio Village - 450g","p":3.06,"u":"6,80 €/KG","img":"https://fd8-photos.leclercdrive.fr/image.ashx?id=2923341&use=l&cat=p&typeid=i","cat":319792},{"id":116581,"n":"Frites au four Bio Bio Village - 600g","p":1.99,"u":"3,32 €/KG","img":"https://fd8-photos.leclercdrive.fr/image.ashx?id=2436329&use=l&cat=p&typeid=i","cat":319791},{"id":116583,"n":"Pâte a tartiner Bio Village Aux noisettes bio - 350g","p":2.45,"u":"7,00 €/KG","img":"https://fd8-photos.leclercdrive.fr/image.ashx?id=2977198&use=l&cat=p&typeid=i","cat":284481},{"id":116584,"n":"Confiture extra bio Bio Village Framboises - 370g","p":2.79,"u":"7,54 €/KG","img":"https://fd8-photos.leclercdrive.fr/image.ashx?id=2965635&use=l&cat=p&typeid=i","cat":284480},{"id":116706,"n":"Yaourt à la grecque YAOS Nature lit de marrons 4x125g","p":2.69,"u":"5,38 €/KG","img":"https://fd8-photos.leclercdrive.fr/image.ashx?id=3007939&use=l&cat=p&typeid=i","cat":314999},{"id":116734,"n":"Doony's sucré  4p","p":4.49,"u":"1,12 €/P","img":"https://fd8-photos.leclercdrive.fr/image.ashx?id=799960&use=l&cat=p&typeid=i","cat":284984},{"id":116751,"n":"Sojasun mandarine citron vert 4x100g","p":1.66,"u":"4,15 €/KG","img":"https://fd8-photos.leclercdrive.fr/image.ashx?id=2355683&use=l&cat=p&typeid=i","cat":316071},{"id":116889,"n":"Gourde Pomme Figues bio Babybio - 360g","p":3.79,"u":"10,53 €/KG","img":"https://fd8-photos.leclercdrive.fr/image.ashx?id=2827548&use=l&cat=p&typeid=i","cat":312393},{"id":116958,"n":"Chorizo Espagnol Merle 16 tranches - 80g","p":1.29,"u":"16,13 €/KG","img":"https://fd8-photos.leclercdrive.fr/image.ashx?id=2913259&use=l&cat=p&typeid=i","cat":316007},{"id":116967,"n":"Carottes filière  Panier du Primeur - 1kg","p":1.49,"u":"1,49 €/KG","img":"https://fd8-photos.leclercdrive.fr/image.ashx?id=2920229&use=l&cat=p&typeid=i","cat":284352},{"id":116985,"n":"Parmesan Râpé Giovanni Ferrari  22 mois AOP - 60g","p":1.81,"u":"30,17 €/KG","img":"https://fd8-photos.leclercdrive.fr/image.ashx?id=3002297&use=l&cat=p&typeid=i","cat":314035},{"id":117132,"n":"Bouillon kub légumes Maggi -25% sel - 120g","p":1.54,"u":"12,83 €/KG","img":"https://fd8-photos.leclercdrive.fr/image.ashx?id=2758443&use=l&cat=p&typeid=i","cat":288379},{"id":117203,"n":"Pâtes Mafalde Garofalo 500g","p":1.91,"u":"3,82 €/KG","img":"https://fd8-photos.leclercdrive.fr/image.ashx?id=2884837&use=l&cat=p&typeid=i","cat":284427},{"id":117225,"n":"Sirop Moulin de Valdonne Grenadine - 70cl","p":3.06,"u":"4,37 €/L","img":"https://fd8-photos.leclercdrive.fr/image.ashx?id=2170610&use=l&cat=p&typeid=i","cat":295020},{"id":117235,"n":"Sirop Moulin de Valdonne Pêche abricot - 70cl","p":3.47,"u":"4,96 €/L","img":"https://fd8-photos.leclercdrive.fr/image.ashx?id=2170613&use=l&cat=p&typeid=i","cat":295020},{"id":117238,"n":"Shampooing bio Bio naïa Cheveux secs abimés - 250ml","p":1.8,"u":"7,20 €/L","img":"https://fd8-photos.leclercdrive.fr/image.ashx?id=2512481&use=l&cat=p&typeid=i","cat":284606},{"id":117242,"n":"Biscuit coco pavot GERBLE BIO  Bio - 4x3, 132g","p":2.0,"u":"15,15 €/KG","img":"https://fd8-photos.leclercdrive.fr/image.ashx?id=2664052&use=l&cat=p&typeid=i","cat":284487},{"id":117248,"n":"Biscuits Gerblé Bio Amande cranberry - 132g","p":2.01,"u":"15,23 €/KG","img":"https://fd8-photos.leclercdrive.fr/image.ashx?id=2662868&use=l&cat=p&typeid=i","cat":318651},{"id":117252,"n":"Mouliné Régal Soupe Légumes d'autrefois - 1L","p":1.65,"u":"1,65 €/L","img":"https://fd8-photos.leclercdrive.fr/image.ashx?id=2607590&use=l&cat=p&typeid=i","cat":284462},{"id":117330,"n":"Champignon Notre Jardin Emincé Sans sel ajouté - 230g","p":1.18,"u":"5,13 €/KG","img":"https://fd8-photos.leclercdrive.fr/image.ashx?id=1792507&use=l&cat=p&typeid=i","cat":312610},{"id":117404,"n":"La Poêlée Rustique Bonduelle 750g","p":3.5,"u":"4,67 €/KG","img":"https://fd8-photos.leclercdrive.fr/image.ashx?id=2910055&use=l&cat=p&typeid=i","cat":319823},{"id":117407,"n":"Poêlée à la paysanne Bonduelle 750g","p":3.48,"u":"4,64 €/KG","img":"https://fd8-photos.leclercdrive.fr/image.ashx?id=2907911&use=l&cat=p&typeid=i","cat":319823},{"id":117408,"n":"Yaourt nature ferme C'est Qui Le Patron - 8x125g","p":2.43,"u":"2,43 €/KG","img":"https://fd8-photos.leclercdrive.fr/image.ashx?id=2672386&use=l&cat=p&typeid=i","cat":284409},{"id":117570,"n":"Galettes de riz Tables du monde Sachet - 100g","p":2.25,"u":"22,50 €/KG","img":"https://fd8-photos.leclercdrive.fr/image.ashx?id=2920223&use=l&cat=p&typeid=i","cat":288992},{"id":117669,"n":"IGP Foie gras Maison Montfort Canard Excellent Torchon - 380g","p":34.99,"u":"92,08 €/KG","img":"https://fd8-photos.leclercdrive.fr/image.ashx?id=2324603&use=l&cat=p&typeid=i","cat":316008},{"id":117675,"n":"Bisque hormard bleu NRT 490g","p":3.41,"u":"6,96 €/KG","img":"https://fd8-photos.leclercdrive.fr/image.ashx?id=2954160&use=l&cat=p&typeid=i","cat":285192},{"id":117719,"n":"Mini blinis Bio Village Bio - x16 - 135g","p":1.65,"u":"12,22 €/KG","img":"https://fd8-photos.leclercdrive.fr/image.ashx?id=1907492&use=l&cat=p&typeid=i","cat":315999},{"id":117721,"n":"Truite Fumée  Ronde des Mers  4 tranches - 120g","p":4.3,"u":"35,83 €/KG","img":"https://fd8-photos.leclercdrive.fr/image.ashx?id=2084096&use=l&cat=p&typeid=i","cat":285188},{"id":117724,"n":"Plateau 4 fromages Nos Régions ont du talent 775g","p":11.95,"u":"15,42 €/KG","img":"https://fd8-photos.leclercdrive.fr/image.ashx?id=1860952&use=l&cat=p&typeid=i","cat":314036},{"id":117731,"n":"Plateau 5 fromages NRT 900g","p":18.5,"u":"20,56 €/KG","img":"https://fd8-photos.leclercdrive.fr/image.ashx?id=1858655&use=l&cat=p&typeid=i","cat":327294},{"id":117745,"n":"Bloc foie gras Maison Montfort 30% grande selection - 450g","p":35.68,"u":"79,29 €/KG","img":"https://fd8-photos.leclercdrive.fr/image.ashx?id=2731003&use=l&cat=p&typeid=i","cat":316008},{"id":117828,"n":"Lardons fumés au bois CharcuFine du Forez - 140g","p":1.29,"u":"9,21 €/KG","img":"https://fd8-photos.leclercdrive.fr/image.ashx?id=2913268&use=l&cat=p&typeid=i","cat":316011},{"id":118113,"n":"Sauce soja Bio Village Bio - 150ml","p":1.99,"u":"13,27 €/L","img":"https://fd8-photos.leclercdrive.fr/image.ashx?id=2913772&use=l&cat=p&typeid=i","cat":288992},{"id":118116,"n":"Sauce soja sucrée Bio Village Bio - 150ml","p":1.99,"u":"13,27 €/L","img":"https://fd8-photos.leclercdrive.fr/image.ashx?id=2913775&use=l&cat=p&typeid=i","cat":288992},{"id":118217,"n":"Mini coquilles Saint-Jacques  Tipiak x8 - 100g","p":3.75,"u":"37,50 €/KG","img":"https://fd8-photos.leclercdrive.fr/image.ashx?id=2484212&use=l&cat=p&typeid=i","cat":319775},{"id":118220,"n":"Mini croustillants Tipiak Saint Jacques - x10 - 120g","p":3.75,"u":"31,25 €/KG","img":"https://fd8-photos.leclercdrive.fr/image.ashx?id=2484209&use=l&cat=p&typeid=i","cat":319774},{"id":118318,"n":"Fromage Raclette Les Croisés Truffe - 200g","p":4.7,"u":"23,50 €/KG","img":"https://fd8-photos.leclercdrive.fr/image.ashx?id=2793293&use=l&cat=p&typeid=i","cat":314037},{"id":118408,"n":"Lait bébé en poudre Galliagest 1er âge 0-6 mois 820g","p":19.64,"u":"23,95 €/KG","img":"https://fd8-photos.leclercdrive.fr/image.ashx?id=2983054&use=l&cat=p&typeid=i","cat":284726},{"id":118412,"n":"Lait bébé en poudre Galliagest 2 âge 6-12 mois 820g","p":18.64,"u":"22,73 €/KG","img":"https://fd8-photos.leclercdrive.fr/image.ashx?id=2771666&use=l&cat=p&typeid=i","cat":284727},{"id":118414,"n":"Lait bébé en poudre Blédilait 1er âge 0-6 mois 820g","p":15.28,"u":"18,63 €/KG","img":"https://fd8-photos.leclercdrive.fr/image.ashx?id=2500051&use=l&cat=p&typeid=i","cat":284726},{"id":118426,"n":"Lait bébé en poudre Blédilait 2e âge 6-12 mois 820g","p":14.65,"u":"17,87 €/KG","img":"https://fd8-photos.leclercdrive.fr/image.ashx?id=2500054&use=l&cat=p&typeid=i","cat":284727},{"id":118442,"n":"Bonbons Tic Tac Menthe extra fraîche x100 - 49g","p":1.6,"u":"32,65 €/KG","img":"https://fd8-photos.leclercdrive.fr/image.ashx?id=2737243&use=l&cat=p&typeid=i","cat":304256},{"id":118447,"n":"Soupe deshydratée Knorr Tomate mozzarella - 75cl","p":1.56,"u":"2,08 €/L","img":"https://fd8-photos.leclercdrive.fr/image.ashx?id=2788919&use=l&cat=p&typeid=i","cat":284463},{"id":118516,"n":"Mini quenelle nature 300g","p":5.15,"u":"17,17 €/KG","img":"https://fd8-photos.leclercdrive.fr/image.ashx?id=2104291&use=l&cat=p&typeid=i","cat":333682},{"id":118536,"n":"Boules inox Eco+ x2","p":0.24,"u":"0,12 €/P","img":"https://fd8-photos.leclercdrive.fr/image.ashx?id=2984483&use=l&cat=p&typeid=i","cat":284667},{"id":118583,"n":"Tampons Uni Vert Normal digital - x16","p":1.63,"u":"0,10 €/P","img":"https://fd8-photos.leclercdrive.fr/image.ashx?id=2896901&use=l&cat=p&typeid=i","cat":284626},{"id":118612,"n":"Crêpes fourrées  Whaou Chocolat au lait  - x8 - 256g","p":2.21,"u":"8,63 €/KG","img":"https://fd8-photos.leclercdrive.fr/image.ashx?id=2960171&use=l&cat=p&typeid=i","cat":284494},{"id":118623,"n":"Blinis Cocktail L'Atelier Blini x20 - 170g","p":1.09,"u":"6,41 €/KG","img":"https://fd8-photos.leclercdrive.fr/image.ashx?id=2032159&use=l&cat=p&typeid=i","cat":315999},{"id":118814,"n":"Pâté en croûte Le Bistronome Noisettes - 450g","p":4.08,"u":"9,07 €/KG","img":"https://fd8-photos.leclercdrive.fr/image.ashx?id=2106460&use=l&cat=p&typeid=i","cat":333671},{"id":118817,"n":"Petit pâté croûte Michel Bolard Richelieu canard - 450g","p":4.64,"u":"10,31 €/KG","img":"https://fd8-photos.leclercdrive.fr/image.ashx?id=2534758&use=l&cat=p&typeid=i","cat":316003},{"id":119105,"n":"Nouille de riz Suzi Wan 160g","p":1.95,"u":"12,19 €/KG","img":"https://fd8-photos.leclercdrive.fr/image.ashx?id=3002180&use=l&cat=p&typeid=i","cat":288992},{"id":119123,"n":"Barre de céréales Nature Valley Crunchy multi variétés X5-210g","p":2.66,"u":"12,67 €/KG","img":"https://fd8-photos.leclercdrive.fr/image.ashx?id=2616270&use=l&cat=p&typeid=i","cat":285869},{"id":119262,"n":"Sauce bolognaise Panzani 100% Pur Bœuf - 400G","p":2.21,"u":"5,53 €/KG","img":"https://fd8-photos.leclercdrive.fr/image.ashx?id=2984754&use=l&cat=p&typeid=i","cat":287599},{"id":119264,"n":"Sauce Bolognaise Panzani 100% Pur Bœuf - 650G","p":3.51,"u":"5,40 €/KG","img":"https://fd8-photos.leclercdrive.fr/image.ashx?id=2977933&use=l&cat=p&typeid=i","cat":287599},{"id":119273,"n":"Carottes Notre Jardin 3x130g","p":2.25,"u":"5,77 €/KG","img":"https://fd8-photos.leclercdrive.fr/image.ashx?id=2537364&use=l&cat=p&typeid=i","cat":312607},{"id":119284,"n":"Protège slips Love & Green Hypoallergéniques 0% - x30","p":2.93,"u":"0,10 €/P","img":"https://fd8-photos.leclercdrive.fr/image.ashx?id=2811356&use=l&cat=p&typeid=i","cat":284625},{"id":119332,"n":"Tampon digital Uni Vert Ecolo super - x16","p":1.9,"u":"0,12 €/P","img":"https://fd8-photos.leclercdrive.fr/image.ashx?id=2939085&use=l&cat=p&typeid=i","cat":284626},{"id":119337,"n":"Crème légère jour So Bio Etic Anti-âge argan bio - 50ml","p":8.58,"u":"171,60 €/L","img":"https://fd8-photos.leclercdrive.fr/image.ashx?id=2788730&use=l&cat=p&typeid=i","cat":325345},{"id":119429,"n":"Capsules Café Royal  Espresso Forte - x36 - 190g","p":9.16,"u":"48,21 €/KG","img":"https://fd8-photos.leclercdrive.fr/image.ashx?id=2787818&use=l&cat=p&typeid=i","cat":284749},{"id":119510,"n":"Blancs de poireaux filière Panier du Primeur - 500g","p":2.99,"u":"5,98 €/KG","img":"https://fd8-photos.leclercdrive.fr/image.ashx?id=2930894&use=l&cat=p&typeid=i","cat":284352},{"id":119556,"n":"Compotes Materne Coupelles  Pomme Châtaigne - 4x100g","p":1.83,"u":"4,58 €/KG","img":"https://fd8-photos.leclercdrive.fr/image.ashx?id=3007915&use=l&cat=p&typeid=i","cat":284508},{"id":119558,"n":"Compotes Materne Coupelles Pomme Nature - 16x100g","p":4.43,"u":"2,77 €/KG","img":"https://fd8-photos.leclercdrive.fr/image.ashx?id=3010840&use=l&cat=p&typeid=i","cat":284508},{"id":119560,"n":"Compotes Materne Coupelles  Multivariétés Jaunes - 16x100g","p":4.7,"u":"2,94 €/KG","img":"https://fd8-photos.leclercdrive.fr/image.ashx?id=3010846&use=l&cat=p&typeid=i","cat":284508},{"id":119571,"n":"Douceur de Brebis vanille 4x100g - Le Petit Basque","p":2.76,"u":"6,90 €/KG","img":"https://fd8-photos.leclercdrive.fr/image.ashx?id=2248093&use=l&cat=p&typeid=i","cat":314998},{"id":119594,"n":"Endives jeunes pousses  Nos Régions ont du Talent x6","p":2.49,"u":"9,58 €/KG","img":"https://fd8-photos.leclercdrive.fr/image.ashx?id=2778099&use=l&cat=p&typeid=i","cat":284352},{"id":119709,"n":"Fromage Persillée Saint Agur  125g","p":2.4,"u":"19,20 €/KG","img":"https://fd8-photos.leclercdrive.fr/image.ashx?id=2981515&use=l&cat=p&typeid=i","cat":314032},{"id":119797,"n":"Comté fromage bloc Les Croisés 200g","p":2.85,"u":"14,25 €/KG","img":"https://fd8-photos.leclercdrive.fr/image.ashx?id=2856585&use=l&cat=p&typeid=i","cat":314034},{"id":119893,"n":"Skyr Nature Délisse 450g","p":1.89,"u":"4,20 €/KG","img":"https://fd8-photos.leclercdrive.fr/image.ashx?id=2992549&use=l&cat=p&typeid=i","cat":315000},{"id":119913,"n":"Yaourt à boire Yop Yoplait Chocolat - 850g","p":1.91,"u":"2,25 €/KG","img":"https://fd8-photos.leclercdrive.fr/image.ashx?id=2855534&use=l&cat=p&typeid=i","cat":295246},{"id":119941,"n":"Fromage à Tartiner Tartare Ail et Fines Herbes 10P - 160g","p":2.08,"u":"13,00 €/KG","img":"https://fd8-photos.leclercdrive.fr/image.ashx?id=2867410&use=l&cat=p&typeid=i","cat":314029},{"id":119956,"n":"Filets de limande du Nord MSC L'Atelier Poissonnerie x2 200g","p":3.39,"u":"16,95 €/KG","img":"https://fd8-photos.leclercdrive.fr/image.ashx?id=2652101&use=l&cat=p&typeid=i","cat":284344},{"id":119957,"n":"Acras de morue Maison Briau A la créole ciboule piment 200g","p":3.26,"u":"16,30 €/KG","img":"https://fd8-photos.leclercdrive.fr/image.ashx?id=2959469&use=l&cat=p&typeid=i","cat":333673},{"id":119958,"n":"Filets de colin d'Alaska Meunière MSC x2 - 200g","p":2.99,"u":"14,95 €/KG","img":"https://fd8-photos.leclercdrive.fr/image.ashx?id=2652107&use=l&cat=p&typeid=i","cat":284344},{"id":119959,"n":"Filets de limande du Nord MSC L'Atelier Poissonnerie x4 400g","p":6.49,"u":"16,23 €/KG","img":"https://fd8-photos.leclercdrive.fr/image.ashx?id=2855292&use=l&cat=p&typeid=i","cat":284344},{"id":119960,"n":"Filets de colin pané d'Alaska MSC sans arrêtes x2 - 220g","p":2.99,"u":"13,59 €/KG","img":"https://fd8-photos.leclercdrive.fr/image.ashx?id=2652110&use=l&cat=p&typeid=i","cat":284344},{"id":119963,"n":"Pavés de saumon de Norvège ASC L'Atelier Poissonnerie x2 250g","p":5.99,"u":"23,96 €/KG","img":"https://fd8-photos.leclercdrive.fr/image.ashx?id=2340590&use=l&cat=p&typeid=i","cat":284342},{"id":119965,"n":"Pavés de saumon ASC Norvège L'Atelier Poissonnerie x4 -500g","p":11.49,"u":"22,98 €/KG","img":"https://fd8-photos.leclercdrive.fr/image.ashx?id=2349926&use=l&cat=p&typeid=i","cat":284342},{"id":119969,"n":"Pavés de saumon Bio Irlande L'Atelier Poissonnerie x2 -250g","p":9.44,"u":"37,76 €/KG","img":"https://fd8-photos.leclercdrive.fr/image.ashx?id=2340578&use=l&cat=p&typeid=i","cat":284342},{"id":119972,"n":"Pavés de saumon Bio Norvège L'Atelier Poissonnerie x2 -250g","p":9.44,"u":"37,76 €/KG","img":"https://fd8-photos.leclercdrive.fr/image.ashx?id=2340593&use=l&cat=p&typeid=i","cat":284342},{"id":119977,"n":"Huitres N°2 Marennes Oléron Nos Régions Ont DuTalent 1.25kg","p":9.99,"u":"7,99 €/KG","img":"https://fd8-photos.leclercdrive.fr/image.ashx?id=2864630&use=l&cat=p&typeid=i","cat":284343},{"id":120100,"n":"Tablette de chocolat Poulain Noir extra - 5x100g","p":5.84,"u":"11,68 €/KG","img":"https://fd8-photos.leclercdrive.fr/image.ashx?id=2299208&use=l&cat=p&typeid=i","cat":284956},{"id":120210,"n":"Nouilles soba Cup Nissin Sukiyaki Boeuf - 89g","p":2.59,"u":"29,10 €/KG","img":"https://fd8-photos.leclercdrive.fr/image.ashx?id=2647624&use=l&cat=p&typeid=i","cat":288992},{"id":120211,"n":"Nissin soba Cup Yakitori Poulet 89g","p":2.69,"u":"30,22 €/KG","img":"https://fd8-photos.leclercdrive.fr/image.ashx?id=2433509&use=l&cat=p&typeid=i","cat":288992},{"id":120214,"n":"Nissin Soba Cup Teriyaki  90g","p":1.82,"u":"20,22 €/KG","img":"https://fd8-photos.leclercdrive.fr/image.ashx?id=2160111&use=l&cat=p&typeid=i","cat":288992},{"id":120218,"n":"Huile de Sésame Gotan  250ml","p":5.27,"u":"21,08 €/L","img":"https://fd8-photos.leclercdrive.fr/image.ashx?id=2674315&use=l&cat=p&typeid=i","cat":288992},{"id":120219,"n":"Sauce Smokey Sriracha Gotan 215 ml","p":3.16,"u":"14,70 €/L","img":"https://fd8-photos.leclercdrive.fr/image.ashx?id=2999018&use=l&cat=p&typeid=i","cat":288992},{"id":120224,"n":"Cristaux de soude Clair 500g","p":1.93,"u":"3,86 €/KG","img":"https://fd8-photos.leclercdrive.fr/image.ashx?id=2822144&use=l&cat=p&typeid=i","cat":325365},{"id":120225,"n":"Percarbonate de sodium Clair 500g","p":2.99,"u":"5,98 €/KG","img":"https://fd8-photos.leclercdrive.fr/image.ashx?id=2822141&use=l&cat=p&typeid=i","cat":325365},{"id":120247,"n":"Infusion Les 2 Marmottes Réglisse x30 - 42g","p":5.17,"u":"123,10 €/KG","img":"https://fd8-photos.leclercdrive.fr/image.ashx?id=2833600&use=l&cat=p&typeid=i","cat":293234},{"id":120261,"n":"Lessive liquide Epsil Anti-transfert - 40 lavages 2L","p":5.99,"u":"3,00 €/L","img":"https://fd8-photos.leclercdrive.fr/image.ashx?id=2838936&use=l&cat=p&typeid=i","cat":284640},{"id":120266,"n":"Galettes de riz Tanoshi Vietnam x10 - 100g","p":2.82,"u":"2,82 €/KG","img":"https://fd8-photos.leclercdrive.fr/image.ashx?id=2999982&use=l&cat=p&typeid=i","cat":288992},{"id":120283,"n":"Pata Pate de curry Patak's Tandoori - 170g","p":2.81,"u":"16,53 €/KG","img":"https://fd8-photos.leclercdrive.fr/image.ashx?id=2650759&use=l&cat=p&typeid=i","cat":289012},{"id":120295,"n":"Mascara Waterproof Maybelline  Cils Sensational Extra-noir","p":7.8,"img":"https://fd8-photos.leclercdrive.fr/image.ashx?id=2377781&use=l&cat=p&typeid=i","cat":287029},{"id":120302,"n":"Infusion Les 2 Marmottes Camomille - x30 - 30g","p":5.45,"u":"181,67 €/KG","img":"https://fd8-photos.leclercdrive.fr/image.ashx?id=2833567&use=l&cat=p&typeid=i","cat":293234},{"id":120331,"n":"Eau gazeuse minérale Salvetat Pauvre en sodium - 6x1,15L","p":2.8,"u":"0,41 €/L","img":"https://fd8-photos.leclercdrive.fr/image.ashx?id=2578693&use=l&cat=p&typeid=i","cat":284536},{"id":120348,"n":"Purée 4 mois Bio Village Pomme pruneaux bio - 4x100g","p":1.69,"u":"4,23 €/KG","img":"https://fd8-photos.leclercdrive.fr/image.ashx?id=2704837&use=l&cat=p&typeid=i","cat":312387},{"id":120349,"n":"Purée 4 mois Bio Village Pomme Abricot bio - 4x100g","p":1.89,"u":"4,73 €/KG","img":"https://fd8-photos.leclercdrive.fr/image.ashx?id=2704690&use=l&cat=p&typeid=i","cat":312387},{"id":120350,"n":"Purée 4 mois Bio Village Pomme coing bio - 4x100g","p":1.79,"u":"4,48 €/KG","img":"https://fd8-photos.leclercdrive.fr/image.ashx?id=2704840&use=l&cat=p&typeid=i","cat":312387},{"id":120403,"n":"Adoucissant L'Arbre Vert Souffle de pureté x53 - 800ml","p":2.69,"u":"3,36 €/L","img":"https://fd8-photos.leclercdrive.fr/image.ashx?id=3001386&use=l&cat=p&typeid=i","cat":284650},{"id":120407,"n":"Swiffer wet jet starter kit Balai spécial bois - 1 pièce","p":30.99,"img":"https://fd8-photos.leclercdrive.fr/image.ashx?id=2479979&use=l&cat=p&typeid=i","cat":325364},{"id":120421,"n":"Crème de coco Real Thai 200ml","p":1.85,"u":"9,25 €/L","img":"https://fd8-photos.leclercdrive.fr/image.ashx?id=2857944&use=l&cat=p&typeid=i","cat":288992},{"id":120422,"n":"Lait de coco uht Real Thai 200ml","p":1.66,"u":"8,30 €/L","img":"https://fd8-photos.leclercdrive.fr/image.ashx?id=2872249&use=l&cat=p&typeid=i","cat":288992},{"id":120426,"n":"Protège slip écolo Uni vert Normal - x30","p":2.12,"u":"0,07 €/P","img":"https://fd8-photos.leclercdrive.fr/image.ashx?id=2799787&use=l&cat=p&typeid=i","cat":284625},{"id":120428,"n":"Serviette ecolo Uni Vert Normal - x14","p":1.79,"u":"0,13 €/P","img":"https://fd8-photos.leclercdrive.fr/image.ashx?id=2831589&use=l&cat=p&typeid=i","cat":284624},{"id":120429,"n":"Serviette écolo Uni vert Super+ - x12","p":1.55,"u":"0,13 €/P","img":"https://fd8-photos.leclercdrive.fr/image.ashx?id=2820445&use=l&cat=p&typeid=i","cat":284624},{"id":120485,"n":"Mascara Volume L'Oréal Paris Millions de Cils Extra Black","p":12.67,"img":"https://fd8-photos.leclercdrive.fr/image.ashx?id=2419170&use=l&cat=p&typeid=i","cat":287029},{"id":120488,"n":"Riz parfumé Comptoir du Grain Basmati -1kg","p":2.48,"u":"2,48 €/KG","img":"https://fd8-photos.leclercdrive.fr/image.ashx?id=2923399&use=l&cat=p&typeid=i","cat":284428},{"id":120492,"n":"Céréales fourrées P'tit Déli Chocolat noisette - 450g","p":2.19,"u":"4,87 €/KG","img":"https://fd8-photos.leclercdrive.fr/image.ashx?id=2819636&use=l&cat=p&typeid=i","cat":309513},{"id":120505,"n":"Mascara Waterproof L'OréalParis Millions de Cils Noir","p":13.38,"u":"495,56 €/KG","img":"https://fd8-photos.leclercdrive.fr/image.ashx?id=2278076&use=l&cat=p&typeid=i","cat":287029},{"id":120512,"n":"Fond de Teint L'Oréal Paris Accord Parfait 4.N Beige","p":13.21,"img":"https://fd8-photos.leclercdrive.fr/image.ashx?id=2937352&use=l&cat=p&typeid=i","cat":287029},{"id":120517,"n":"Crayon khôl L'Oréal Paris Paradise 101 Midnight Black","p":5.2,"img":"https://fd8-photos.leclercdrive.fr/image.ashx?id=2340981&use=l&cat=p&typeid=i","cat":287029},{"id":120519,"n":"Correcteur anticerne Maybelline Instant Anti-Age 02 Beige Nu","p":8.49,"img":"https://fd8-photos.leclercdrive.fr/image.ashx?id=2423172&use=l&cat=p&typeid=i","cat":287029},{"id":120520,"n":"Mascara Maybelline  Cils Sensational Extra-noir","p":8.38,"img":"https://fd8-photos.leclercdrive.fr/image.ashx?id=2377784&use=l&cat=p&typeid=i","cat":287029},{"id":120564,"n":"Couches Baby Dry Pampers Taille 2 - x60","p":14.21,"u":"0,24 €/P","img":"https://fd8-photos.leclercdrive.fr/image.ashx?id=2266227&use=l&cat=p&typeid=i","cat":284737},{"id":120610,"n":"Anchois de cantabrique L'origine du goût - 29g","p":4.3,"u":"148,28 €/KG","img":"https://fd8-photos.leclercdrive.fr/image.ashx?id=1871656&use=l&cat=p&typeid=i","cat":285190},{"id":120659,"n":"Poivron Orange 1p","p":0.79,"img":"https://fd8-photos.leclercdrive.fr/image.ashx?id=1872154&use=l&cat=p&typeid=i","cat":284352},{"id":120660,"n":"Purée 4 mois Bio Village Fruits verger bio - 4x100g","p":1.89,"u":"4,73 €/KG","img":"https://fd8-photos.leclercdrive.fr/image.ashx?id=2704846&use=l&cat=p&typeid=i","cat":312387},{"id":120679,"n":"Petits pots bébé P'TIT SOUPER Petits pois pâtes 12M+ - 2x200g","p":1.68,"u":"4,20 €/KG","img":"https://fd8-photos.leclercdrive.fr/image.ashx?id=2526517&use=l&cat=p&typeid=i","cat":312239},{"id":120681,"n":"Petits pots bébé P'TIT SOUPER Légumes Pâtes 8M+ - 2x200g","p":1.9,"u":"4,75 €/KG","img":"https://fd8-photos.leclercdrive.fr/image.ashx?id=2526520&use=l&cat=p&typeid=i","cat":312239},{"id":120683,"n":"Petits pots bébé P'TITE RECETTE Bœuf bourguignon 12M+ - 2x200g","p":2.17,"u":"5,43 €/KG","img":"https://fd8-photos.leclercdrive.fr/image.ashx?id=2525714&use=l&cat=p&typeid=i","cat":312237},{"id":120686,"n":"Biphase micellaire So Bio Etic Bamboo bio - 500ml","p":6.93,"u":"13,86 €/L","img":"https://fd8-photos.leclercdrive.fr/image.ashx?id=2680221&use=l&cat=p&typeid=i","cat":284603},{"id":120688,"n":"Gel douche argan So Bio Etic Nutrition bio - 650ml","p":5.74,"u":"8,83 €/L","img":"https://fd8-photos.leclercdrive.fr/image.ashx?id=2891583&use=l&cat=p&typeid=i","cat":284594},{"id":120692,"n":"Pur jus d'orange Bio Village Bio - 2L","p":4.75,"u":"2,38 €/L","img":"https://fd8-photos.leclercdrive.fr/image.ashx?id=2751922&use=l&cat=p&typeid=i","cat":284521},{"id":120694,"n":"Jus de pomme bio Bio Village 1L","p":1.29,"u":"1,29 €/L","img":"https://fd8-photos.leclercdrive.fr/image.ashx?id=2958783&use=l&cat=p&typeid=i","cat":284522},{"id":120712,"n":"Praline amande fine concassée Le temps des cerises - 450g","p":5.75,"u":"12,78 €/KG","img":"https://fd8-photos.leclercdrive.fr/image.ashx?id=1873114&use=l&cat=p&typeid=i","cat":284504},{"id":120715,"n":"IGP Pâte Garofalo  Rigatoni - 500g","p":2.47,"u":"4,94 €/KG","img":"https://fd8-photos.leclercdrive.fr/image.ashx?id=3011890&use=l&cat=p&typeid=i","cat":284427},{"id":120731,"n":"IGP Pâtes conchiglioni Garofalo 500g","p":3.09,"u":"6,18 €/KG","img":"https://fd8-photos.leclercdrive.fr/image.ashx?id=3009161&use=l&cat=p&typeid=i","cat":284427},{"id":120741,"n":"Jus d'orange Bio Village Bio A base de concentré - 1L","p":2.19,"u":"2,19 €/L","img":"https://fd8-photos.leclercdrive.fr/image.ashx?id=2958777&use=l&cat=p&typeid=i","cat":284521},{"id":120744,"n":"Barre de céréales Nature Valley Sweet & Salty cacahuète x5-150g","p":2.79,"u":"18,60 €/KG","img":"https://fd8-photos.leclercdrive.fr/image.ashx?id=2737711&use=l&cat=p&typeid=i","cat":285869},{"id":120797,"n":"Cubes de filets de poulet Volandrie - 450g","p":5.09,"u":"11,31 €/KG","img":"https://fd8-photos.leclercdrive.fr/image.ashx?id=2647901&use=l&cat=p&typeid=i","cat":284336},{"id":120798,"n":"Filet de poulet jaune Volandrie Extra tendre - 300g","p":3.8,"u":"12,67 €/KG","img":"https://fd8-photos.leclercdrive.fr/image.ashx?id=2714894&use=l&cat=p&typeid=i","cat":284336},{"id":120799,"n":"Filet de poulet jaune Volandrie 300g","p":3.69,"u":"12,30 €/KG","img":"https://fd8-photos.leclercdrive.fr/image.ashx?id=2647910&use=l&cat=p&typeid=i","cat":284336},{"id":120800,"n":"Filet de poulet blanc Volandrie Extra tendre - 300g","p":3.8,"u":"12,67 €/KG","img":"https://fd8-photos.leclercdrive.fr/image.ashx?id=2647904&use=l&cat=p&typeid=i","cat":284336},{"id":120801,"n":"Filets poulet blanc Volandrie 300g","p":3.69,"u":"12,30 €/KG","img":"https://fd8-photos.leclercdrive.fr/image.ashx?id=2647907&use=l&cat=p&typeid=i","cat":284336},{"id":120827,"n":"Bonbon Surfizz XL Lutti 200g","p":1.76,"u":"8,80 €/KG","img":"https://fd8-photos.leclercdrive.fr/image.ashx?id=2964840&use=l&cat=p&typeid=i","cat":304250},{"id":120829,"n":"Poêle 28cm Easy Cook'n Clean Tous feux sauf induction","p":19.9,"img":"https://fd8-photos.leclercdrive.fr/image.ashx?id=2531859&use=l&cat=p&typeid=i","cat":298490},{"id":120853,"n":"Bonbons Lutti Scoubifizz Piquants Fruits - 180g","p":1.63,"u":"9,06 €/KG","img":"https://fd8-photos.leclercdrive.fr/image.ashx?id=2964837&use=l&cat=p&typeid=i","cat":304250},{"id":120856,"n":"Bonbon guimauve Lutti Koala - 185g","p":1.56,"u":"8,43 €/KG","img":"https://fd8-photos.leclercdrive.fr/image.ashx?id=2817443&use=l&cat=p&typeid=i","cat":304250},{"id":120857,"n":"Bonbons Carambar Mini Fête Assortiment - 326g","p":3.04,"u":"9,33 €/KG","img":"https://fd8-photos.leclercdrive.fr/image.ashx?id=2972035&use=l&cat=p&typeid=i","cat":304250},{"id":120869,"n":"Poudre d'amande Bio Village Doypack bio - 100g","p":2.5,"u":"25,00 €/KG","img":"https://fd8-photos.leclercdrive.fr/image.ashx?id=1873546&use=l&cat=p&typeid=i","cat":284504},{"id":120872,"n":"Pépites chocolat Bio Village Bio - 100g","p":2.22,"u":"22,20 €/KG","img":"https://fd8-photos.leclercdrive.fr/image.ashx?id=2590544&use=l&cat=p&typeid=i","cat":284504},{"id":120889,"n":"Chiffonnade de saucisson Autentico - 80g","p":3.19,"u":"39,88 €/KG","img":"https://fd8-photos.leclercdrive.fr/image.ashx?id=2917909&use=l&cat=p&typeid=i","cat":316007},{"id":120890,"n":"Chiffonnade de chorizo 80g","p":4.27,"u":"53,38 €/KG","img":"https://fd8-photos.leclercdrive.fr/image.ashx?id=2484389&use=l&cat=p&typeid=i","cat":316006},{"id":120891,"n":"Chiffonnade de Serrano 80g","p":3.52,"u":"44,00 €/KG","img":"https://fd8-photos.leclercdrive.fr/image.ashx?id=2484392&use=l&cat=p&typeid=i","cat":316007},{"id":120911,"n":"Crevettes 80/100 Equateur ASC L'Atelier Poissonnerie - 300g","p":3.75,"u":"12,50 €/KG","img":"https://fd8-photos.leclercdrive.fr/image.ashx?id=2714411&use=l&cat=p&typeid=i","cat":284343},{"id":120940,"n":"Solution micellaire Bioderma ABCDerm H2O - 1L","p":9.9,"u":"9,90 €/L","img":"https://fd8-photos.leclercdrive.fr/image.ashx?id=2956514&use=l&cat=p&typeid=i","cat":290425},{"id":121028,"n":"Crème mains réparatrice Mixa Zones Fragilisées - 50ml","p":5.09,"u":"101,80 €/L","img":"https://fd8-photos.leclercdrive.fr/image.ashx?id=2335919&use=l&cat=p&typeid=i","cat":325350},{"id":121053,"n":"Purée Lucien Georgelin Pomme abricot - 560g","p":3.28,"u":"5,86 €/KG","img":"https://fd8-photos.leclercdrive.fr/image.ashx?id=2126130&use=l&cat=p&typeid=i","cat":284508},{"id":121265,"n":"Chocolat en poudre Poulain 1848 Boîte - 450g","p":4.38,"u":"9,73 €/KG","img":"https://fd8-photos.leclercdrive.fr/image.ashx?id=2867122&use=l&cat=p&typeid=i","cat":293235},{"id":121274,"n":"Compotes Pom'Potes Gourdes  Pomme Fraise - 4x90g","p":2.04,"u":"5,67 €/KG","img":"https://fd8-photos.leclercdrive.fr/image.ashx?id=3010897&use=l&cat=p&typeid=i","cat":284508},{"id":121315,"n":"Haché Happy Family Charal 20x80g - 1,6kg","p":18.17,"u":"11,36 €/KG","img":"https://fd8-photos.leclercdrive.fr/image.ashx?id=2739776&use=l&cat=p&typeid=i","cat":319778},{"id":121356,"n":"Dentifrice Original Parodontax Complete protect - 75ml","p":5.3,"u":"70,67 €/L","img":"https://fd8-photos.leclercdrive.fr/image.ashx?id=2546749&use=l&cat=p&typeid=i","cat":284612},{"id":121358,"n":"Dentifrice Blancheur Parodontax Complete protect - 75ml","p":4.96,"u":"66,13 €/L","img":"https://fd8-photos.leclercdrive.fr/image.ashx?id=2896393&use=l&cat=p&typeid=i","cat":284612},{"id":121387,"n":"Lingettes Mots d'Enfants Toilettes bio - x60","p":2.17,"u":"0,04 €/P","img":"https://fd8-photos.leclercdrive.fr/image.ashx?id=2856579&use=l&cat=p&typeid=i","cat":284738},{"id":121388,"n":"Sacs poubelle 20L Elembal Poignées coulissantes - x20","p":2.05,"u":"0,10 €/P","img":"https://fd8-photos.leclercdrive.fr/image.ashx?id=2958753&use=l&cat=p&typeid=i","cat":285168},{"id":121412,"n":"Sérum Anti-rides L'Oréal Paris Revitalift Peau Neuve - 30ml","p":15.26,"u":"508,67 €/L","img":"https://fd8-photos.leclercdrive.fr/image.ashx?id=2879730&use=l&cat=p&typeid=i","cat":325345},{"id":121417,"n":"Couches écologiques Biolane Jumbo T3 - x52","p":16.98,"u":"0,33 €/P","img":"https://fd8-photos.leclercdrive.fr/image.ashx?id=2876521&use=l&cat=p&typeid=i","cat":284737},{"id":121436,"n":"Crème anti-âge L'Oréal Paris Revitalift SPF 25 - 50ml","p":15.58,"u":"311,60 €/L","img":"https://fd8-photos.leclercdrive.fr/image.ashx?id=2853230&use=l&cat=p&typeid=i","cat":325345},{"id":121438,"n":"Sérum repulpant L'Oréal Paris Revitalift Anti-rides - 30ml","p":13.98,"u":"466,00 €/L","img":"https://fd8-photos.leclercdrive.fr/image.ashx?id=2926584&use=l&cat=p&typeid=i","cat":325345},{"id":121440,"n":"Délice Soufflé Quenelles Cèpes Morilles Ecochard - 4x100g","p":3.76,"u":"9,40 €/KG","img":"https://fd8-photos.leclercdrive.fr/image.ashx?id=2842642&use=l&cat=p&typeid=i","cat":333682},{"id":121442,"n":"Délices soufflés Beaufort AOP Ecochard - 4x100g","p":3.68,"u":"9,20 €/KG","img":"https://fd8-photos.leclercdrive.fr/image.ashx?id=2842639&use=l&cat=p&typeid=i","cat":333682},{"id":121444,"n":"Délices soufflés Quenelles Emmental de Savoie - 4x100g","p":3.68,"u":"9,20 €/KG","img":"https://fd8-photos.leclercdrive.fr/image.ashx?id=2842645&use=l&cat=p&typeid=i","cat":333682},{"id":121447,"n":"Flanbolo Haribo Sachet bonbons - 200g","p":1.87,"u":"9,35 €/KG","img":"https://fd8-photos.leclercdrive.fr/image.ashx?id=2806117&use=l&cat=p&typeid=i","cat":304250},{"id":121551,"n":"Crêpière Tefal Easy Cook'n Clean 25cm","p":13.9,"img":"https://fd8-photos.leclercdrive.fr/image.ashx?id=1882055&use=l&cat=p&typeid=i","cat":298490},{"id":121578,"n":"Cahier 48 pages Seyes Esquisse Vert - 24x32cm","p":1.19,"img":"https://fd8-photos.leclercdrive.fr/image.ashx?id=1931784&use=l&cat=p&typeid=i","cat":284697},{"id":121579,"n":"Cahier 96 pages 5x5 Esquisse Bleu - 24x32cm","p":1.39,"img":"https://fd8-photos.leclercdrive.fr/image.ashx?id=1931724&use=l&cat=p&typeid=i","cat":284697},{"id":121580,"n":"Cahier 96 pages Seyes Esquisse Bleu - 17x22cm","p":0.79,"img":"https://fd8-photos.leclercdrive.fr/image.ashx?id=1931739&use=l&cat=p&typeid=i","cat":284697},{"id":121583,"n":"Cahier 96 pages 5x5 Esquisse Jaune - 24x32cm","p":1.39,"img":"https://fd8-photos.leclercdrive.fr/image.ashx?id=1931712&use=l&cat=p&typeid=i","cat":284697},{"id":121605,"n":"Cahier 96 pages Seyes Esquisse Bleu - 21x29.7cm","p":1.1,"img":"https://fd8-photos.leclercdrive.fr/image.ashx?id=1931661&use=l&cat=p&typeid=i","cat":284697},{"id":121613,"n":"Cahier 96 pages Seyes Esquisse Jaune - 17x22cm","p":0.79,"img":"https://fd8-photos.leclercdrive.fr/image.ashx?id=1931742&use=l&cat=p&typeid=i","cat":284697},{"id":121615,"n":"Cahier 96 pages Seyes Esquisse Jaune - 21x29.7cm","p":1.1,"img":"https://fd8-photos.leclercdrive.fr/image.ashx?id=1931670&use=l&cat=p&typeid=i","cat":284697},{"id":121689,"n":"Yaourt aux fruits Les délices mornantais - 4x125g","p":2.99,"u":"5,98 €/KG","img":"https://fd8-photos.leclercdrive.fr/image.ashx?id=1908655&use=l&cat=p&typeid=i","cat":284410},{"id":121699,"n":"Farine semi-complète Bio Bio Village - 1kg","p":1.45,"u":"1,45 €/KG","img":"https://fd8-photos.leclercdrive.fr/image.ashx?id=2460045&use=l&cat=p&typeid=i","cat":284503},{"id":121707,"n":"Sauce bolognaise pur boeuf Panzani - 200g","p":1.62,"u":"8,10 €/KG","img":"https://fd8-photos.leclercdrive.fr/image.ashx?id=2880682&use=l&cat=p&typeid=i","cat":287599},{"id":121708,"n":"Céréales fourrées P'tit Déli Chocolat noisette - 650g","p":3.08,"u":"4,74 €/KG","img":"https://fd8-photos.leclercdrive.fr/image.ashx?id=2840740&use=l&cat=p&typeid=i","cat":309513},{"id":121881,"n":"Poire Williams Barquette de 1kg","p":2.99,"u":"2,99 €/KG","img":"https://fd8-photos.leclercdrive.fr/image.ashx?id=1636644&use=l&cat=p&typeid=i","cat":284356},{"id":121888,"n":"Baume Lipikar La Roche Posay AP  M - 400ml","p":19.9,"u":"49,75 €/L","img":"https://fd8-photos.leclercdrive.fr/image.ashx?id=2497328&use=l&cat=p&typeid=i","cat":290421},{"id":121992,"n":"Secret de mousse La laitière Chocolat Lait et Blanc - 4x59 g","p":1.6,"u":"6,78 €/KG","img":"https://fd8-photos.leclercdrive.fr/image.ashx?id=2729782&use=l&cat=p&typeid=i","cat":284417},{"id":122035,"n":"Vinaigre de ménage 14° Briochin Ecocert - 1L","p":3.29,"u":"3,29 €/L","img":"https://fd8-photos.leclercdrive.fr/image.ashx?id=3000734&use=l&cat=p&typeid=i","cat":325365},{"id":122089,"n":"Mini lunettes bio Bio Village  Fraise - 156g","p":1.99,"u":"12,76 €/KG","img":"https://fd8-photos.leclercdrive.fr/image.ashx?id=2353381&use=l&cat=p&typeid=i","cat":284489},{"id":122092,"n":"Goûter bio Bio Village Fourrage cacao - 185g","p":2.06,"u":"11,14 €/KG","img":"https://fd8-photos.leclercdrive.fr/image.ashx?id=1879942&use=l&cat=p&typeid=i","cat":284488},{"id":122221,"n":"Concentré Sodastream Pepsi - 440ml","p":5.99,"u":"13,61 €/L","img":"https://fd8-photos.leclercdrive.fr/image.ashx?id=2665532&use=l&cat=p&typeid=i","cat":295020},{"id":122223,"n":"Concentré Sodastream 7UP - 440ml","p":5.99,"u":"13,61 €/L","img":"https://fd8-photos.leclercdrive.fr/image.ashx?id=2814211&use=l&cat=p&typeid=i","cat":295020},{"id":122224,"n":"Concentré Sodastream 7UP Free - 440ml","p":5.99,"u":"13,61 €/L","img":"https://fd8-photos.leclercdrive.fr/image.ashx?id=2665822&use=l&cat=p&typeid=i","cat":295020},{"id":122231,"n":"Jambon supérieur Bio Village découenné 4 Tranches bio - 140g","p":4.02,"u":"28,71 €/KG","img":"https://fd8-photos.leclercdrive.fr/image.ashx?id=1959610&use=l&cat=p&typeid=i","cat":316009},{"id":122344,"n":"Pots bébé soir bio Babybio Légumes riz - 8 mois - 2x200g","p":2.96,"u":"7,40 €/KG","img":"https://fd8-photos.leclercdrive.fr/image.ashx?id=2838314&use=l&cat=p&typeid=i","cat":312239},{"id":122346,"n":"Babybio Optima croissance 3 Bio 800g","p":17.22,"u":"21,53 €/KG","img":"https://fd8-photos.leclercdrive.fr/image.ashx?id=2944029&use=l&cat=p&typeid=i","cat":290219},{"id":122347,"n":"Lait Primea 2 Bio Babybio 800g","p":16.45,"u":"20,56 €/KG","img":"https://fd8-photos.leclercdrive.fr/image.ashx?id=2962824&use=l&cat=p&typeid=i","cat":284727},{"id":122348,"n":"Lait Primea 3 Bio Babybio 800g","p":15.22,"u":"19,03 €/KG","img":"https://fd8-photos.leclercdrive.fr/image.ashx?id=2944026&use=l&cat=p&typeid=i","cat":290219},{"id":122419,"n":"Skyr Siggi's  Nature 0% MG - 2x140g","p":2.19,"u":"7,82 €/KG","img":"https://fd8-photos.leclercdrive.fr/image.ashx?id=2372412&use=l&cat=p&typeid=i","cat":315000},{"id":122420,"n":"Skyr Siggi's  Vanille - 2x140g","p":2.12,"u":"7,57 €/KG","img":"https://fd8-photos.leclercdrive.fr/image.ashx?id=2646119&use=l&cat=p&typeid=i","cat":315000},{"id":122433,"n":"Allumettes Bio Village bio Fumées - 2x60g","p":1.59,"u":"13,25 €/KG","img":"https://fd8-photos.leclercdrive.fr/image.ashx?id=2747679&use=l&cat=p&typeid=i","cat":316011},{"id":122434,"n":"Allumettes nature Bio Village bio 2x60g","p":2.15,"u":"17,92 €/KG","img":"https://fd8-photos.leclercdrive.fr/image.ashx?id=2728294&use=l&cat=p&typeid=i","cat":316011},{"id":122435,"n":"Lardons supérieurs Bio Village bio Fumés - 2x60g","p":1.75,"u":"14,58 €/KG","img":"https://fd8-photos.leclercdrive.fr/image.ashx?id=2761983&use=l&cat=p&typeid=i","cat":316011},{"id":122528,"n":"Skyr Siggi's  Framboise - 2x140g","p":2.11,"u":"7,54 €/KG","img":"https://fd8-photos.leclercdrive.fr/image.ashx?id=2692095&use=l&cat=p&typeid=i","cat":315000},{"id":122529,"n":"Skyr Siggi's  Myrtille - 2x140g","p":2.17,"u":"7,75 €/KG","img":"https://fd8-photos.leclercdrive.fr/image.ashx?id=2692098&use=l&cat=p&typeid=i","cat":315000},{"id":122539,"n":"Débouche-évier Homeside 1 pièce","p":1.47,"img":"https://fd8-photos.leclercdrive.fr/image.ashx?id=2081104&use=l&cat=p&typeid=i","cat":284669},{"id":122605,"n":"Houmous onctueux Sud & Sol 170g","p":2.65,"u":"15,59 €/KG","img":"https://fd8-photos.leclercdrive.fr/image.ashx?id=2894962&use=l&cat=p&typeid=i","cat":315999},{"id":122676,"n":"Dentifrice Email Diamant Le Charbon - 75ml","p":3.57,"u":"47,60 €/L","img":"https://fd8-photos.leclercdrive.fr/image.ashx?id=2975960&use=l&cat=p&typeid=i","cat":284612},{"id":122790,"n":"Chips Tuiles Pringles Hot Spicy - 175g","p":1.73,"u":"9,89 €/KG","img":"https://fd8-photos.leclercdrive.fr/image.ashx?id=2902295&use=l&cat=p&typeid=i","cat":287899},{"id":122792,"n":"Chips Tuiles Pringles Crème et Oignon - 175g","p":1.7,"u":"9,71 €/KG","img":"https://fd8-photos.leclercdrive.fr/image.ashx?id=2902292&use=l&cat=p&typeid=i","cat":287899},{"id":122810,"n":"Kakis Panier du Primeur Barquette 1kg","p":2.99,"u":"2,99 €/KG","img":"https://fd8-photos.leclercdrive.fr/image.ashx?id=2402798&use=l&cat=p&typeid=i","cat":284356},{"id":122821,"n":"Amandes grillées Seeberger 150g","p":4.64,"u":"30,93 €/KG","img":"https://fd8-photos.leclercdrive.fr/image.ashx?id=2950597&use=l&cat=p&typeid=i","cat":284448},{"id":122895,"n":"Chips Tuiles Pringles Original - 175g","p":1.68,"u":"9,60 €/KG","img":"https://fd8-photos.leclercdrive.fr/image.ashx?id=2902298&use=l&cat=p&typeid=i","cat":287899},{"id":122903,"n":"Chlore permanent 5kg","p":29.9,"u":"5,98 €/KG","img":"https://fd8-photos.leclercdrive.fr/image.ashx?id=1919420&use=l&cat=p&typeid=i","cat":335918},{"id":122905,"n":"Shampooing antipelliculaire Vitanove cheveux normaux -250ml","p":1.66,"u":"6,64 €/L","img":"https://fd8-photos.leclercdrive.fr/image.ashx?id=1909525&use=l&cat=p&typeid=i","cat":284606},{"id":122906,"n":"Chlore multiactions 5kg","p":29.9,"u":"5,98 €/KG","img":"https://fd8-photos.leclercdrive.fr/image.ashx?id=1919423&use=l&cat=p&typeid=i","cat":335918},{"id":122907,"n":"Anti-algue concentré 5L","p":14.99,"u":"3,00 €/L","img":"https://fd8-photos.leclercdrive.fr/image.ashx?id=1919426&use=l&cat=p&typeid=i","cat":335918},{"id":122911,"n":"Chlore choc Granulés - 5kg","p":29.9,"u":"5,98 €/KG","img":"https://fd8-photos.leclercdrive.fr/image.ashx?id=1919438&use=l&cat=p&typeid=i","cat":335918},{"id":122913,"n":"Poudre PH moins 5kg","p":9.9,"u":"1,98 €/KG","img":"https://fd8-photos.leclercdrive.fr/image.ashx?id=1919432&use=l&cat=p&typeid=i","cat":335918},{"id":122915,"n":"Poudre PH Plus 5kg","p":9.9,"u":"1,98 €/KG","img":"https://fd8-photos.leclercdrive.fr/image.ashx?id=1919435&use=l&cat=p&typeid=i","cat":335918},{"id":122930,"n":"Tortillas Old El Paso sans gluten x6 - 216g","p":2.93,"u":"13,56 €/KG","img":"https://fd8-photos.leclercdrive.fr/image.ashx?id=2737666&use=l&cat=p&typeid=i","cat":288993},{"id":122931,"n":"Kit Fajita Old El Paso sans gluten doux - 462g","p":5.83,"u":"12,62 €/KG","img":"https://fd8-photos.leclercdrive.fr/image.ashx?id=2759508&use=l&cat=p&typeid=i","cat":288993},{"id":122973,"n":"Jambon de Paris Tradilège Découenné - 2 tranches - 80g","p":1.2,"u":"15,00 €/KG","img":"https://fd8-photos.leclercdrive.fr/image.ashx?id=2404175&use=l&cat=p&typeid=i","cat":316009},{"id":123029,"n":"Poisson pané Colin Findus Extra croustillant - x2 250g","p":2.94,"u":"11,76 €/KG","img":"https://fd8-photos.leclercdrive.fr/image.ashx?id=3014548&use=l&cat=p&typeid=i","cat":319788},{"id":123062,"n":"Jambon de Paris Tradilège A l'étouffé - 160g","p":1.69,"u":"10,56 €/KG","img":"https://fd8-photos.leclercdrive.fr/image.ashx?id=2951143&use=l&cat=p&typeid=i","cat":316009},{"id":123063,"n":"Jambon de Paris Tradilège Découenné dégraissé x6 - 240g","p":2.39,"u":"9,96 €/KG","img":"https://fd8-photos.leclercdrive.fr/image.ashx?id=2951146&use=l&cat=p&typeid=i","cat":316009},{"id":123065,"n":"Jambon de Paris Tradilège À l'étouffée x8 - 320g","p":3.13,"u":"9,78 €/KG","img":"https://fd8-photos.leclercdrive.fr/image.ashx?id=2404184&use=l&cat=p&typeid=i","cat":316009},{"id":123067,"n":"Jambon de Paris Tradilège Découenné dégraissé x10 - 400g","p":3.86,"u":"9,65 €/KG","img":"https://fd8-photos.leclercdrive.fr/image.ashx?id=2930787&use=l&cat=p&typeid=i","cat":316009},{"id":123070,"n":"Jambon de Paris Tradilège -25% de sel - 4 tranches - 140g","p":2.05,"u":"14,64 €/KG","img":"https://fd8-photos.leclercdrive.fr/image.ashx?id=2208609&use=l&cat=p&typeid=i","cat":316009},{"id":123071,"n":"Jambon de Paris Tradilège -25% de sel - 6 tranches - 210g","p":2.49,"u":"11,86 €/KG","img":"https://fd8-photos.leclercdrive.fr/image.ashx?id=2208612&use=l&cat=p&typeid=i","cat":316009},{"id":123074,"n":"Jambon supérieur Tradilège Découenné dégraissé x4 - 160g","p":2.21,"u":"13,81 €/KG","img":"https://fd8-photos.leclercdrive.fr/image.ashx?id=1914324&use=l&cat=p&typeid=i","cat":316009},{"id":123076,"n":"Jambon supérieur Tradilège Découenné dégraissé x6 - 240g","p":3.25,"u":"13,54 €/KG","img":"https://fd8-photos.leclercdrive.fr/image.ashx?id=1914327&use=l&cat=p&typeid=i","cat":316009},{"id":123103,"n":"Jambon supérieur Tradilège Sans couenne x8 - 320g","p":4.29,"u":"13,41 €/KG","img":"https://fd8-photos.leclercdrive.fr/image.ashx?id=2943692&use=l&cat=p&typeid=i","cat":316009},{"id":123105,"n":"Jambon supérieur Tradilège Avec couenne 4 tranches - 160g","p":2.06,"u":"12,88 €/KG","img":"https://fd8-photos.leclercdrive.fr/image.ashx?id=2925756&use=l&cat=p&typeid=i","cat":316009},{"id":123106,"n":"Jambon supérieur Tradilège Avec couenne 6 tranches - 240g","p":3.08,"u":"12,83 €/KG","img":"https://fd8-photos.leclercdrive.fr/image.ashx?id=2404193&use=l&cat=p&typeid=i","cat":316009},{"id":123107,"n":"Jambon supérieur Tradilège Avec couenne 8 tranches - 320g","p":4.09,"u":"12,78 €/KG","img":"https://fd8-photos.leclercdrive.fr/image.ashx?id=1914339&use=l&cat=p&typeid=i","cat":316009},{"id":123108,"n":"Jambon supérieur Tradilège Label rouge découenné x4 - 160g","p":2.59,"u":"16,19 €/KG","img":"https://fd8-photos.leclercdrive.fr/image.ashx?id=2943698&use=l&cat=p&typeid=i","cat":316009},{"id":123121,"n":"Oeufs Marque rèpere De Nos Régions - x20","p":4.29,"u":"0,21 €/P","img":"https://fd8-photos.leclercdrive.fr/image.ashx?id=2969809&use=l&cat=p&typeid=i","cat":284378},{"id":123132,"n":"Chiffonnade de Mortadelle 80g","p":5.88,"u":"73,50 €/KG","img":"https://fd8-photos.leclercdrive.fr/image.ashx?id=2484380&use=l&cat=p&typeid=i","cat":316009},{"id":123133,"n":"Chiffonnade de Speck 80g","p":3.23,"u":"40,38 €/KG","img":"https://fd8-photos.leclercdrive.fr/image.ashx?id=2484383&use=l&cat=p&typeid=i","cat":316007},{"id":123183,"n":"IGP Terres du Midi rosé Listel Cuvée St Louis - 75cl","p":4.77,"u":"6,36 €/L","img":"https://fd8-photos.leclercdrive.fr/image.ashx?id=2630382&use=l&cat=p&typeid=i","cat":289558},{"id":123186,"n":"IGP Pays d'Oc blancChardonnay Côtes des Roses -75cl","p":7.5,"u":"10,00 €/L","img":"https://fd8-photos.leclercdrive.fr/image.ashx?id=2981578&use=l&cat=p&typeid=i","cat":289557},{"id":123254,"n":"Rhum Blanc agricole Dillon  Martinique - 70cl","p":12.56,"u":"17,94 €/L","img":"https://fd8-photos.leclercdrive.fr/image.ashx?id=2650949&use=l&cat=p&typeid=i","cat":284550},{"id":123257,"n":"Capsules café Plantation Lungo forte n°7 - x16 - 105g","p":3.35,"u":"31,90 €/KG","img":"https://fd8-photos.leclercdrive.fr/image.ashx?id=2294564&use=l&cat=p&typeid=i","cat":293239},{"id":123283,"n":"Boxers coton stretch Dim Noir - Taille 2 - x3","p":24.95,"u":"8,32 €/P","img":"https://fd8-photos.leclercdrive.fr/image.ashx?id=2560675&use=l&cat=p&typeid=i","cat":291524},{"id":123360,"n":"Pétales Tables du Monde A la crevette ASC - 50g","p":0.65,"u":"13,00 €/KG","img":"https://fd8-photos.leclercdrive.fr/image.ashx?id=2920220&use=l&cat=p&typeid=i","cat":288992},{"id":123371,"n":"Déboucheur Syphon Spécial cheveux - 1L","p":2.35,"u":"2,35 €/L","img":"https://fd8-photos.leclercdrive.fr/image.ashx?id=2202473&use=l&cat=p&typeid=i","cat":284908},{"id":123375,"n":"Gel Toilette Intime Neutre Intima Natural 200ml","p":3.21,"u":"16,05 €/L","img":"https://fd8-photos.leclercdrive.fr/image.ashx?id=2959865&use=l&cat=p&typeid=i","cat":284627},{"id":123397,"n":"Bière sans alcool Tourtel Twist Framboise 0,0° - 6x27,5cl","p":4.15,"u":"2,52 €/L","img":"https://fd8-photos.leclercdrive.fr/image.ashx?id=2886705&use=l&cat=p&typeid=i","cat":334877},{"id":123407,"n":"Bière sans alcool Tourtel Twist Citron 0,0° - 6x27,5cl","p":3.85,"u":"2,33 €/L","img":"https://fd8-photos.leclercdrive.fr/image.ashx?id=2886702&use=l&cat=p&typeid=i","cat":334877},{"id":123416,"n":"Soda Coca-Cola Original Bouteille - Pack 6x1,75L","p":14.32,"u":"1,36 €/L","img":"https://fd8-photos.leclercdrive.fr/image.ashx?id=2878333&use=l&cat=p&typeid=i","cat":284530},{"id":123418,"n":"Bière blonde Leffe sans alcool 0,0% - 6x25cl","p":4.69,"u":"3,13 €/L","img":"https://fd8-photos.leclercdrive.fr/image.ashx?id=2548303&use=l&cat=p&typeid=i","cat":334877},{"id":123422,"n":"Soda Coca-Cola Sans Sucres Bouteille - 1,75L","p":1.73,"u":"0,99 €/L","img":"https://fd8-photos.leclercdrive.fr/image.ashx?id=2971748&use=l&cat=p&typeid=i","cat":284530},{"id":123432,"n":"Crème lavante L'arbre Vert Recharge - Amande douche -300ml","p":1.95,"u":"6,50 €/L","img":"https://fd8-photos.leclercdrive.fr/image.ashx?id=2886115&use=l&cat=p&typeid=i","cat":284597},{"id":123436,"n":"Boisson fruit shoot Teisseire Tropical - 6x20cl","p":2.66,"u":"2,22 €/L","img":"https://fd8-photos.leclercdrive.fr/image.ashx?id=2858204&use=l&cat=p&typeid=i","cat":295018},{"id":123437,"n":"Boisson Fruit shoot Teisseire Multivamine - 6x20cl","p":2.68,"u":"2,23 €/L","img":"https://fd8-photos.leclercdrive.fr/image.ashx?id=2858201&use=l&cat=p&typeid=i","cat":295018},{"id":123441,"n":"Mascara Maybelline  Colossal Go volume extrême Noir","p":8.75,"u":"380,43 €/L","img":"https://fd8-photos.leclercdrive.fr/image.ashx?id=2344162&use=l&cat=p&typeid=i","cat":287029},{"id":123443,"n":"Pâtes Spaghetti Plat Panzani 3 Minutes - 500G","p":1.38,"u":"2,76 €/KG","img":"https://fd8-photos.leclercdrive.fr/image.ashx?id=2896114&use=l&cat=p&typeid=i","cat":284427},{"id":123448,"n":"Biscuits cacao Kinder Cards Au lait et au cacao 2x5 - 128g","p":3.57,"u":"13,95 €/KG","img":"https://fd8-photos.leclercdrive.fr/image.ashx?id=2672608&use=l&cat=p&typeid=i","cat":284488},{"id":123487,"n":"Olives vertes Tokapi Dénoyautées - 100g","p":0.76,"u":"7,60 €/KG","img":"https://fd8-photos.leclercdrive.fr/image.ashx?id=2994357&use=l&cat=p&typeid=i","cat":284458},{"id":123491,"n":"Crêpe fourrée Whaou Chocolat - x8 - 256g","p":2.1,"u":"8,20 €/KG","img":"https://fd8-photos.leclercdrive.fr/image.ashx?id=2962863&use=l&cat=p&typeid=i","cat":284494},{"id":123492,"n":"Crêpes Whaou! Chocolat x15 - 480g","p":3.66,"u":"7,63 €/KG","img":"https://fd8-photos.leclercdrive.fr/image.ashx?id=2986449&use=l&cat=p&typeid=i","cat":284494},{"id":123503,"n":"Yaourt fjord fromage blanc Nature - 4x125g","p":2.07,"u":"4,14 €/KG","img":"https://fd8-photos.leclercdrive.fr/image.ashx?id=2956993&use=l&cat=p&typeid=i","cat":284409},{"id":123504,"n":"Yaourt fjord fromage blanc Nature - 8x125g","p":3.4,"u":"3,40 €/KG","img":"https://fd8-photos.leclercdrive.fr/image.ashx?id=2653222&use=l&cat=p&typeid=i","cat":284409},{"id":123523,"n":"Tubes Copains Copines Arc-en-ciel - 200g","p":1.13,"u":"5,65 €/KG","img":"https://fd8-photos.leclercdrive.fr/image.ashx?id=2589864&use=l&cat=p&typeid=i","cat":304250},{"id":123540,"n":"Eau minérale naturelle Volvic 6x50cl","p":2.15,"u":"0,72 €/L","img":"https://fd8-photos.leclercdrive.fr/image.ashx?id=2730247&use=l&cat=p&typeid=i","cat":284535},{"id":123545,"n":"Quiche lorraine Marie Pur beurre - 400g","p":3.34,"u":"8,35 €/KG","img":"https://fd8-photos.leclercdrive.fr/image.ashx?id=2318546&use=l&cat=p&typeid=i","cat":333680},{"id":123550,"n":"Yaourt aux fruits brassés Velouté fruix Danone - 16x125g","p":4.36,"u":"2,18 €/KG","img":"https://fd8-photos.leclercdrive.fr/image.ashx?id=2912923&use=l&cat=p&typeid=i","cat":284410},{"id":123551,"n":"Yaourt aux fruits brassés Velouté fruix Danone - 12x125g","p":3.9,"u":"2,60 €/KG","img":"https://fd8-photos.leclercdrive.fr/image.ashx?id=2912929&use=l&cat=p&typeid=i","cat":284410},{"id":123552,"n":"Yaourt fruits rouges brassés Velouté fruix Danone - 8x125g","p":2.69,"u":"2,69 €/KG","img":"https://fd8-photos.leclercdrive.fr/image.ashx?id=2912932&use=l&cat=p&typeid=i","cat":284410},{"id":123553,"n":"Yaourt aux fruits velouté fruix Danone brassé fraise - 4x125g","p":1.81,"u":"3,62 €/KG","img":"https://fd8-photos.leclercdrive.fr/image.ashx?id=2911855&use=l&cat=p&typeid=i","cat":284410},{"id":123554,"n":"Yaourt aux fruits velouté fruix Danone brassé framboise -4x125g","p":1.79,"u":"3,58 €/KG","img":"https://fd8-photos.leclercdrive.fr/image.ashx?id=2911858&use=l&cat=p&typeid=i","cat":284410},{"id":123555,"n":"Yaourt fruits jaunes brassés Velouté fruix Danone - 8x125g","p":2.7,"u":"2,70 €/KG","img":"https://fd8-photos.leclercdrive.fr/image.ashx?id=2912926&use=l&cat=p&typeid=i","cat":284410},{"id":123557,"n":"Kiwi Panier du Primeur Filière Mûrs à point - x6","p":3.99,"u":"0,67 €/P","img":"https://fd8-photos.leclercdrive.fr/image.ashx?id=2955047&use=l&cat=p&typeid=i","cat":284356},{"id":123558,"n":"Pomelo Bio Bio Village x1","p":0.99,"img":"https://fd8-photos.leclercdrive.fr/image.ashx?id=2231573&use=l&cat=p&typeid=i","cat":284356},{"id":123563,"n":"Filet de poulet blanc Maître Coq - 1kg","p":10.6,"u":"10,60 €/KG","img":"https://fd8-photos.leclercdrive.fr/image.ashx?id=2551132&use=l&cat=p&typeid=i","cat":284336},{"id":123603,"n":"Kit Distributeur Savon Mains Dettol Citron 250ml","p":6.88,"u":"Dont 0,02 € d'éco-part.","img":"https://fd8-photos.leclercdrive.fr/image.ashx?id=2975134&use=l&cat=p&typeid=i","cat":284597},{"id":123606,"n":"Lessive liquide blanc Epsil 25 lavages - 1.25L","p":2.54,"u":"2,03 €/L","img":"https://fd8-photos.leclercdrive.fr/image.ashx?id=2838933&use=l&cat=p&typeid=i","cat":284640},{"id":123622,"n":"Lait poudre Optima 2 Babybio  Bio 6 mois à 1an - 800g","p":18.17,"u":"22,71 €/KG","img":"https://fd8-photos.leclercdrive.fr/image.ashx?id=2988436&use=l&cat=p&typeid=i","cat":284727},{"id":123687,"n":"Lait de croissance Bio BabyBio 6x1L","p":13.43,"u":"2,24 €/L","img":"https://fd8-photos.leclercdrive.fr/image.ashx?id=2953875&use=l&cat=p&typeid=i","cat":284728},{"id":123688,"n":"Lait croissance Bio Babybio 6x25cl","p":5.58,"u":"3,72 €/L","img":"https://fd8-photos.leclercdrive.fr/image.ashx?id=2621390&use=l&cat=p&typeid=i","cat":284728},{"id":123695,"n":"Lait Primea 1 Bio BabyBio 800g","p":16.41,"u":"20,51 €/KG","img":"https://fd8-photos.leclercdrive.fr/image.ashx?id=2911327&use=l&cat=p&typeid=i","cat":284726},{"id":123703,"n":"Ravioles du Dauphiné IGP 5 plaques - 300g","p":3.84,"u":"12,80 €/KG","img":"https://fd8-photos.leclercdrive.fr/image.ashx?id=2833459&use=l&cat=p&typeid=i","cat":333682},{"id":123706,"n":"Ravioles du Dauphiné IGP 2x5 plaques - 600g","p":7.29,"u":"12,15 €/KG","img":"https://fd8-photos.leclercdrive.fr/image.ashx?id=2881365&use=l&cat=p&typeid=i","cat":333682},{"id":123710,"n":"Tomato Ketchup Zéro Heinz sans sucre ni sel - 425g","p":2.64,"u":"6,21 €/KG","img":"https://fd8-photos.leclercdrive.fr/image.ashx?id=2927723&use=l&cat=p&typeid=i","cat":284455},{"id":123960,"n":"Bière sans alcool Desperados Virgin - Agrumes 3x33cl","p":3.92,"u":"3,96 €/L","img":"https://fd8-photos.leclercdrive.fr/image.ashx?id=2977966&use=l&cat=p&typeid=i","cat":334877},{"id":124052,"n":"Nouilles de riz Table du monde 250g","p":1.99,"u":"7,96 €/KG","img":"https://fd8-photos.leclercdrive.fr/image.ashx?id=2679780&use=l&cat=p&typeid=i","cat":288992},{"id":124243,"n":"Pâté en croûte Maison Monterrat Apéri'Croq classique - 450g","p":3.5,"u":"7,78 €/KG","img":"https://fd8-photos.leclercdrive.fr/image.ashx?id=2277260&use=l&cat=p&typeid=i","cat":316003},{"id":124272,"n":"Thon nature entier Saupiquet MSC - 140g","p":2.58,"u":"18,43 €/KG","img":"https://fd8-photos.leclercdrive.fr/image.ashx?id=2731540&use=l&cat=p&typeid=i","cat":303867},{"id":124374,"n":"Eau aromatisée Volvic bio Pamplemousse romarin - 75cl","p":1.51,"u":"2,01 €/L","img":"https://fd8-photos.leclercdrive.fr/image.ashx?id=2462514&use=l&cat=p&typeid=i","cat":284537},{"id":124375,"n":"Eau infusée Bio Volvic Concombre menthe - 75cl","p":1.45,"u":"1,93 €/L","img":"https://fd8-photos.leclercdrive.fr/image.ashx?id=2462517&use=l&cat=p&typeid=i","cat":284537},{"id":124466,"n":"AOC Crémant d'Alsace brut Bio Rebmann - 75cl","p":6.99,"u":"9,32 €/L","img":"https://fd8-photos.leclercdrive.fr/image.ashx?id=2639912&use=l&cat=p&typeid=i","cat":284545},{"id":124478,"n":"IGP Méditérranée rosé Les Calandières - 75cl","p":4.22,"u":"5,63 €/L","img":"https://fd8-photos.leclercdrive.fr/image.ashx?id=2996608&use=l&cat=p&typeid=i","cat":289558},{"id":124496,"n":"Crème glacée Ben & Jerry's Choco Fudge Brownie - 408g","p":3.82,"u":"9,36 €/KG","img":"https://fd8-photos.leclercdrive.fr/image.ashx?id=2738050&use=l&cat=p&typeid=i","cat":284725},{"id":124498,"n":"Glace en Pot BEN & JERRY'S Cookie Dough - 465ml","p":3.67,"u":"9,04 €/KG","img":"https://fd8-photos.leclercdrive.fr/image.ashx?id=2738056&use=l&cat=p&typeid=i","cat":284725},{"id":124499,"n":"Glace en Pot BEN & JERRY'S Vanilla Pecan Blondie - 465ml","p":4.07,"u":"9,83 €/KG","img":"https://fd8-photos.leclercdrive.fr/image.ashx?id=2832548&use=l&cat=p&typeid=i","cat":284725},{"id":124500,"n":"Crème glacée Ben & Jerry's Peanut butter - 425g","p":3.67,"u":"8,64 €/KG","img":"https://fd8-photos.leclercdrive.fr/image.ashx?id=3001524&use=l&cat=p&typeid=i","cat":284725},{"id":124585,"n":"Black spiced \"The kraken\" 40° - 70cl","p":27.57,"u":"39,39 €/L","img":"https://fd8-photos.leclercdrive.fr/image.ashx?id=2550940&use=l&cat=p&typeid=i","cat":284550},{"id":124594,"n":"Capsules Nescafé Dolce Gusto Espresso - x16","p":4.51,"u":"51,25 €/KG","img":"https://fd8-photos.leclercdrive.fr/image.ashx?id=2952025&use=l&cat=p&typeid=i","cat":293239},{"id":124595,"n":"Nutella Biscuit pâte à tartiner Cacao Noisettes - 166g","p":1.9,"u":"11,45 €/KG","img":"https://fd8-photos.leclercdrive.fr/image.ashx?id=2922200&use=l&cat=p&typeid=i","cat":284488},{"id":124643,"n":"Shampooing Vitanove Renforcateur - 250ml","p":1.76,"u":"7,04 €/L","img":"https://fd8-photos.leclercdrive.fr/image.ashx?id=1899762&use=l&cat=p&typeid=i","cat":284606},{"id":124655,"n":"Bac sorbet Eskiss Mangue - 650g","p":2.49,"u":"3,83 €/KG","img":"https://fd8-photos.leclercdrive.fr/image.ashx?id=2982673&use=l&cat=p&typeid=i","cat":284263},{"id":124670,"n":"Pain de mie complet Jacquet Maxi - Sans sucre ajouté - 550g","p":1.6,"u":"2,91 €/KG","img":"https://fd8-photos.leclercdrive.fr/image.ashx?id=2935708&use=l&cat=p&typeid=i","cat":284477},{"id":124671,"n":"Pain de mie Sans croûte Jacquet Sans sucre ajouté - 475g","p":1.73,"u":"3,64 €/KG","img":"https://fd8-photos.leclercdrive.fr/image.ashx?id=2919754&use=l&cat=p&typeid=i","cat":284477},{"id":124694,"n":"Saucisson Mini Justin Bridou  Bâton de Berger nature - 160g","p":3.29,"u":"20,56 €/KG","img":"https://fd8-photos.leclercdrive.fr/image.ashx?id=2921786&use=l&cat=p&typeid=i","cat":316006},{"id":124696,"n":"Accras de morue MSC Table du Monde - 200g","p":2.29,"u":"11,45 €/KG","img":"https://fd8-photos.leclercdrive.fr/image.ashx?id=1959049&use=l&cat=p&typeid=i","cat":333673},{"id":124714,"n":"Combinés gratte éponges Spontex x3","p":2.66,"u":"0,89 €/P","img":"https://fd8-photos.leclercdrive.fr/image.ashx?id=2968895&use=l&cat=p&typeid=i","cat":284667},{"id":124723,"n":"Champignon Bonduelle Emincé - 3x115g","p":2.83,"u":"8,20 €/KG","img":"https://fd8-photos.leclercdrive.fr/image.ashx?id=2913121&use=l&cat=p&typeid=i","cat":312610},{"id":124743,"n":"Gratte éponge Spontex anti bactérien - x2","p":1.9,"u":"0,95 €/P","img":"https://fd8-photos.leclercdrive.fr/image.ashx?id=2973081&use=l&cat=p&typeid=i","cat":284667},{"id":124744,"n":"Gratte éponge Spontex x3","p":2.56,"u":"0,85 €/P","img":"https://fd8-photos.leclercdrive.fr/image.ashx?id=2973084&use=l&cat=p&typeid=i","cat":284667},{"id":124762,"n":"Biscuit Milka Chocolat pause - 3x260g","p":4.41,"pp":3.09,"u":"3,96 €/KG","img":"https://fd8-photos.leclercdrive.fr/image.ashx?id=2680377&use=l&cat=p&typeid=i","cat":284488},{"id":124764,"n":"Biscuit Moooo Milka Au chocolat - 3x200g","p":4.41,"pp":3.09,"u":"5,15 €/KG","img":"https://fd8-photos.leclercdrive.fr/image.ashx?id=2192578&use=l&cat=p&typeid=i","cat":284488},{"id":124787,"n":"Shampooing sec Batiste Volume - 200ml","p":4.66,"u":"23,30 €/L","img":"https://fd8-photos.leclercdrive.fr/image.ashx?id=2557979&use=l&cat=p&typeid=i","cat":289143},{"id":124791,"n":"Serviette Nana Maxi goodnight - x12","p":1.94,"u":"0,16 €/P","img":"https://fd8-photos.leclercdrive.fr/image.ashx?id=2806402&use=l&cat=p&typeid=i","cat":284624},{"id":124874,"n":"Crème glacée Ben & Jerry's  Caramel Brownie Party - 405g","p":3.91,"u":"9,65 €/KG","img":"https://fd8-photos.leclercdrive.fr/image.ashx?id=2773889&use=l&cat=p&typeid=i","cat":284725},{"id":124901,"n":"Pâte à tartiner Nutella 630g","p":4.82,"u":"7,65 €/KG","img":"https://fd8-photos.leclercdrive.fr/image.ashx?id=2968841&use=l&cat=p&typeid=i","cat":284481},{"id":124905,"n":"Sacs poubelle coulissants Eco+ 30 l - x20","p":1.23,"u":"0,06 €/P","img":"https://fd8-photos.leclercdrive.fr/image.ashx?id=1901701&use=l&cat=p&typeid=i","cat":285168},{"id":124906,"n":"Sacs poubelle Eco+ 50L Coulissants - x25","p":2.33,"u":"0,09 €/P","img":"https://fd8-photos.leclercdrive.fr/image.ashx?id=1916286&use=l&cat=p&typeid=i","cat":285168},{"id":124912,"n":"Insecticide Insectivor Anti-acariens puce- 400ml","p":4.99,"u":"12,48 €/L","img":"https://fd8-photos.leclercdrive.fr/image.ashx?id=1901710&use=l&cat=p&typeid=i","cat":298368},{"id":124913,"n":"Insecticide Insectivor Volant/rampant - 400ml","p":3.95,"u":"9,88 €/L","img":"https://fd8-photos.leclercdrive.fr/image.ashx?id=2933322&use=l&cat=p&typeid=i","cat":298368},{"id":124926,"n":"Sacs poubelle container Elembal 120L - x10","p":3.99,"u":"0,40 €/P","img":"https://fd8-photos.leclercdrive.fr/image.ashx?id=1901891&use=l&cat=p&typeid=i","cat":285168},{"id":124927,"n":"Sacs gravats Elembal 50L - X5","p":4.24,"u":"0,02 €/L","img":"https://fd8-photos.leclercdrive.fr/image.ashx?id=2793278&use=l&cat=p&typeid=i","cat":285168},{"id":124928,"n":"Sacs poubelle Elembal 240L - x10","p":4.56,"u":"0,46 €/P","img":"https://fd8-photos.leclercdrive.fr/image.ashx?id=1901894&use=l&cat=p&typeid=i","cat":285168},{"id":124929,"n":"Insecticide Insectivor Antivolant végétal - 400ml","p":2.71,"u":"6,78 €/L","img":"https://fd8-photos.leclercdrive.fr/image.ashx?id=2933325&use=l&cat=p&typeid=i","cat":298368},{"id":124930,"n":"Sacs poubelle Elembal Coulissants spécial tri 50L-x10","p":2.19,"u":"0,22 €/P","img":"https://fd8-photos.leclercdrive.fr/image.ashx?id=2958756&use=l&cat=p&typeid=i","cat":285168},{"id":124931,"n":"Coton maxi ovale Bio Bionaia x60","p":2.16,"u":"0,04 €/P","img":"https://fd8-photos.leclercdrive.fr/image.ashx?id=2658584&use=l&cat=p&typeid=i","cat":284636},{"id":124959,"n":"Shampooing sec Nateïs Pomme - 150ml","p":2.16,"u":"14,40 €/L","img":"https://fd8-photos.leclercdrive.fr/image.ashx?id=2843602&use=l&cat=p&typeid=i","cat":289143},{"id":124962,"n":"Sacs poubelle Elembal Salle de bain 5L - x40","p":1.26,"u":"0,03 €/P","img":"https://fd8-photos.leclercdrive.fr/image.ashx?id=2793284&use=l&cat=p&typeid=i","cat":285168},{"id":125218,"n":"Cacahuètes Eco  Grillées et salées - 250g","p":0.7,"u":"2,80 €/KG","img":"https://fd8-photos.leclercdrive.fr/image.ashx?id=2836801&use=l&cat=p&typeid=i","cat":284448},{"id":125227,"n":"Mini cookies P'tit Déli 160g","p":1.49,"u":"9,31 €/KG","img":"https://fd8-photos.leclercdrive.fr/image.ashx?id=2932426&use=l&cat=p&typeid=i","cat":325066},{"id":125235,"n":"Tartelette framboise P'tit Déli 150g","p":1.3,"u":"8,67 €/KG","img":"https://fd8-photos.leclercdrive.fr/image.ashx?id=2683922&use=l&cat=p&typeid=i","cat":284489},{"id":125238,"n":"Cookies P'tit Déli Chocolat noisette - 200g","p":1.69,"u":"8,45 €/KG","img":"https://fd8-photos.leclercdrive.fr/image.ashx?id=1943253&use=l&cat=p&typeid=i","cat":325066},{"id":125241,"n":"Amandes Bio Village Bio - 100g","p":2.09,"u":"20,90 €/KG","img":"https://fd8-photos.leclercdrive.fr/image.ashx?id=2664596&use=l&cat=p&typeid=i","cat":284448},{"id":125314,"n":"Farine de blé Jardin Bio Blanche - 1kg","p":2.18,"u":"2,18 €/KG","img":"https://fd8-photos.leclercdrive.fr/image.ashx?id=2638286&use=l&cat=p&typeid=i","cat":284503},{"id":125315,"n":"Farine bio Jardin Bio Semi-complète T80 - 1kg","p":2.18,"u":"2,18 €/KG","img":"https://fd8-photos.leclercdrive.fr/image.ashx?id=2944834&use=l&cat=p&typeid=i","cat":284503},{"id":125328,"n":"Ketchup Rustica Nature - 560g","p":1.25,"u":"2,23 €/KG","img":"https://fd8-photos.leclercdrive.fr/image.ashx?id=2870050&use=l&cat=p&typeid=i","cat":284455},{"id":125383,"n":"Comté fromage râpé Les Croisés 130g","p":1.95,"u":"15,00 €/KG","img":"https://fd8-photos.leclercdrive.fr/image.ashx?id=2897820&use=l&cat=p&typeid=i","cat":314035},{"id":125431,"n":"Granola Bio Bjorg Chocolat - 350g","p":3.96,"u":"11,31 €/KG","img":"https://fd8-photos.leclercdrive.fr/image.ashx?id=2906217&use=l&cat=p&typeid=i","cat":309512},{"id":125532,"n":"Chocolat noir Lindt Création Pistache éclat d'Amandes - 150g","p":3.18,"u":"21,20 €/KG","img":"https://fd8-photos.leclercdrive.fr/image.ashx?id=2961963&use=l&cat=p&typeid=i","cat":284956},{"id":125571,"n":"Yaourt bifidus Activia muesli Chocolat noisette - 170g","p":1.85,"img":"https://fd8-photos.leclercdrive.fr/image.ashx?id=2965891&use=l&cat=p&typeid=i","cat":315000},{"id":125638,"n":"AOP Petit reblochon Fermier La pointe percée - 240g","p":6.67,"u":"27,79 €/KG","img":"https://fd8-photos.leclercdrive.fr/image.ashx?id=2102767&use=l&cat=p&typeid=i","cat":314037},{"id":125723,"n":"Céréales fourées P'tit Déli Tout chocolat - 650g","p":2.89,"u":"4,45 €/KG","img":"https://fd8-photos.leclercdrive.fr/image.ashx?id=2878603&use=l&cat=p&typeid=i","cat":309513},{"id":125744,"n":"Carré blé aubergine poivron bio Céréal Bio - 200g","p":2.57,"u":"12,85 €/KG","img":"https://fd8-photos.leclercdrive.fr/image.ashx?id=2327854&use=l&cat=p&typeid=i","cat":284953},{"id":125870,"n":"Cacahuètes grillées Benenuts Non salées - 200g","p":1.97,"u":"9,85 €/KG","img":"https://fd8-photos.leclercdrive.fr/image.ashx?id=2431821&use=l&cat=p&typeid=i","cat":284448},{"id":125916,"n":"Fromages frais Pat'Patrouille Yoplait goûts fruits - 24x50g","p":3.35,"u":"2,79 €/KG","img":"https://fd8-photos.leclercdrive.fr/image.ashx?id=2733688&use=l&cat=p&typeid=i","cat":284414},{"id":125919,"n":"Boisson végétale Alpro Lait d'amande vanille - 1L","p":3.1,"u":"3,10 €/L","img":"https://fd8-photos.leclercdrive.fr/image.ashx?id=2981671&use=l&cat=p&typeid=i","cat":316067},{"id":125958,"n":"Chips Bret's Saveur vinaigre - 125g","p":1.19,"u":"9,52 €/KG","img":"https://fd8-photos.leclercdrive.fr/image.ashx?id=1925081&use=l&cat=p&typeid=i","cat":284447},{"id":125966,"n":"Chips Tyrrell's Sel et poivre - 150g","p":2.19,"u":"14,60 €/KG","img":"https://fd8-photos.leclercdrive.fr/image.ashx?id=2884777&use=l&cat=p&typeid=i","cat":284447},{"id":126018,"n":"Ambre solaire biphasée Autobronzant - 150ml","p":11.79,"u":"78,60 €/L","img":"https://fd8-photos.leclercdrive.fr/image.ashx?id=2482393&use=l&cat=p&typeid=i","cat":325355},{"id":126139,"n":"Chips  Sel de mer Tyrell's Saveur vinaigre - 150g","p":2.19,"u":"14,60 €/KG","img":"https://fd8-photos.leclercdrive.fr/image.ashx?id=2941865&use=l&cat=p&typeid=i","cat":284447},{"id":126140,"n":"Chips Tyrells Piment doux et poivron - 150g","p":2.19,"u":"14,60 €/KG","img":"https://fd8-photos.leclercdrive.fr/image.ashx?id=2225657&use=l&cat=p&typeid=i","cat":284447},{"id":126163,"n":"Galette St michel Au bon chocolat - 121g","p":1.18,"u":"9,75 €/KG","img":"https://fd8-photos.leclercdrive.fr/image.ashx?id=2949955&use=l&cat=p&typeid=i","cat":284487},{"id":126178,"n":"Riz long thaï Eco+ 1kg","p":1.61,"u":"1,61 €/KG","img":"https://fd8-photos.leclercdrive.fr/image.ashx?id=2799751&use=l&cat=p&typeid=i","cat":284428},{"id":126183,"n":"Biscuits Lotus Biscoff Fourré  Crème saveur speculoos - 150g","p":1.81,"u":"12,07 €/KG","img":"https://fd8-photos.leclercdrive.fr/image.ashx?id=2694968&use=l&cat=p&typeid=i","cat":284487},{"id":126186,"n":"Riz rond Eco+ 1kg","p":1.77,"u":"1,77 €/KG","img":"https://fd8-photos.leclercdrive.fr/image.ashx?id=2704594&use=l&cat=p&typeid=i","cat":284428},{"id":126187,"n":"Biscuits Lotus Biscoff Fourré Crème saveur chocolat 150g","p":1.79,"u":"11,93 €/KG","img":"https://fd8-photos.leclercdrive.fr/image.ashx?id=2859818&use=l&cat=p&typeid=i","cat":284487},{"id":126207,"n":"Galette St Michel 520g","p":3.36,"u":"6,46 €/KG","img":"https://fd8-photos.leclercdrive.fr/image.ashx?id=2936221&use=l&cat=p&typeid=i","cat":284487},{"id":126310,"n":"Crème dépilatoire Pure Veet Corps Peaux normales 200ml","p":4.7,"u":"23,50 €/L","img":"https://fd8-photos.leclercdrive.fr/image.ashx?id=3014437&use=l&cat=p&typeid=i","cat":325351},{"id":126314,"n":"Crème dépilatoire Pure Veet Corps Peaux sensibles 200ml","p":4.45,"u":"22,25 €/L","img":"https://fd8-photos.leclercdrive.fr/image.ashx?id=2965692&use=l&cat=p&typeid=i","cat":325351},{"id":126316,"n":"Cire Chaude au Sucre Pure Veet 100% d'Origine Naturelle 250ml","p":4.6,"u":"18,40 €/L","img":"https://fd8-photos.leclercdrive.fr/image.ashx?id=2990430&use=l&cat=p&typeid=i","cat":325351},{"id":126421,"n":"Biscuits Figolu LU Figue - 192g","p":1.44,"u":"7,50 €/KG","img":"https://fd8-photos.leclercdrive.fr/image.ashx?id=2967950&use=l&cat=p&typeid=i","cat":284489},{"id":126424,"n":"Biscuits Sprits sablés Delacre Chocolat au lait - 200g","p":1.7,"u":"8,50 €/KG","img":"https://fd8-photos.leclercdrive.fr/image.ashx?id=2855873&use=l&cat=p&typeid=i","cat":284488},{"id":126430,"n":"Dosettes café Senseo Milka x8","p":2.92,"u":"26,07 €/KG","img":"https://fd8-photos.leclercdrive.fr/image.ashx?id=2127012&use=l&cat=p&typeid=i","cat":293238},{"id":126474,"n":"Thon entier MSC Petit Navire A l'huile d'olive - 160g","p":3.4,"u":"21,25 €/KG","img":"https://fd8-photos.leclercdrive.fr/image.ashx?id=2523897&use=l&cat=p&typeid=i","cat":303867},{"id":126478,"n":"Morceaux Thon PETIT NAVIRE 160g Nature Démarche Responsable","p":1.99,"u":"17,77 €/KG","img":"https://fd8-photos.leclercdrive.fr/image.ashx?id=2549453&use=l&cat=p&typeid=i","cat":303867},{"id":126519,"n":"Bloc WC Bref Color Activ+  Marine toilettes - 50g x1","p":1.84,"u":"368,00 €/KG","img":"https://fd8-photos.leclercdrive.fr/image.ashx?id=2890112&use=l&cat=p&typeid=i","cat":284662},{"id":126540,"n":"Citron jaune Eco+  Filet 500g","p":0.99,"u":"1,98 €/KG","img":"https://fd8-photos.leclercdrive.fr/image.ashx?id=2619807&use=l&cat=p&typeid=i","cat":284356},{"id":126541,"n":"Clémentines Eco+ Filet 1kg","p":1.69,"u":"1,69 €/KG","img":"https://fd8-photos.leclercdrive.fr/image.ashx?id=2607987&use=l&cat=p&typeid=i","cat":284356},{"id":126548,"n":"Pomelo rose 1p","p":1.15,"img":"https://fd8-photos.leclercdrive.fr/image.ashx?id=1636262&use=l&cat=p&typeid=i","cat":284356},{"id":126570,"n":"Soda Sprite Original  Bouteille  - 1.25L","p":1.33,"u":"1,06 €/L","img":"https://fd8-photos.leclercdrive.fr/image.ashx?id=2796989&use=l&cat=p&typeid=i","cat":284531},{"id":126571,"n":"Gaufres de Liège Lotus 315g","p":1.94,"u":"6,16 €/KG","img":"https://fd8-photos.leclercdrive.fr/image.ashx?id=2694995&use=l&cat=p&typeid=i","cat":294777},{"id":126578,"n":"Poires Eco+ Barquette 1kg","p":2.49,"u":"2,49 €/KG","img":"https://fd8-photos.leclercdrive.fr/image.ashx?id=2909374&use=l&cat=p&typeid=i","cat":284356},{"id":126579,"n":"Pommes Bicolores Eco+ Sachet 2kg","p":2.99,"u":"1,50 €/KG","img":"https://fd8-photos.leclercdrive.fr/image.ashx?id=2537872&use=l&cat=p&typeid=i","cat":284356},{"id":126583,"n":"Kiwi vert Eco+ Barquette 1kg","p":3.99,"u":"3,99 €/KG","img":"https://fd8-photos.leclercdrive.fr/image.ashx?id=2922373&use=l&cat=p&typeid=i","cat":284356},{"id":126586,"n":"Tomate cerise Eco+ Barquette 250g","p":0.99,"u":"3,96 €/KG","img":"https://fd8-photos.leclercdrive.fr/image.ashx?id=2968067&use=l&cat=p&typeid=i","cat":284352},{"id":126589,"n":"Endives Eco+ Sachet 500g","p":1.49,"u":"2,98 €/KG","img":"https://fd8-photos.leclercdrive.fr/image.ashx?id=2922917&use=l&cat=p&typeid=i","cat":284352},{"id":126622,"n":"Mascara paradise primer white 01 White nu - x1","p":10.89,"img":"https://fd8-photos.leclercdrive.fr/image.ashx?id=2833738&use=l&cat=p&typeid=i","cat":287029},{"id":126643,"n":"Gaufres de liège Lotus Chocolat - 363g","p":3.01,"u":"8,29 €/KG","img":"https://fd8-photos.leclercdrive.fr/image.ashx?id=2859824&use=l&cat=p&typeid=i","cat":294777},{"id":126646,"n":"Gaufres de liège Lotus Chocolat au lait - 363g","p":2.98,"u":"8,21 €/KG","img":"https://fd8-photos.leclercdrive.fr/image.ashx?id=2859827&use=l&cat=p&typeid=i","cat":294777},{"id":126654,"n":"Fromage de Chèvre Saint Loup  Bûche Affinée - 180g","p":2.3,"u":"12,78 €/KG","img":"https://fd8-photos.leclercdrive.fr/image.ashx?id=2763322&use=l&cat=p&typeid=i","cat":314031},{"id":126659,"n":"Fromage fondu Eco+ 24 portions - 400g","p":2.45,"u":"6,13 €/KG","img":"https://fd8-photos.leclercdrive.fr/image.ashx?id=2415746&use=l&cat=p&typeid=i","cat":314030},{"id":126765,"n":"Mascara Maybelline New York Big Shot Daring Black nu - x1","p":8.0,"img":"https://fd8-photos.leclercdrive.fr/image.ashx?id=2344165&use=l&cat=p&typeid=i","cat":287029},{"id":126815,"n":"Sauté de poulet Le Gaulois Non OGM - 500g","p":6.96,"u":"13,92 €/KG","img":"https://fd8-photos.leclercdrive.fr/image.ashx?id=2317047&use=l&cat=p&typeid=i","cat":284336},{"id":126848,"n":"Batonnets Smicy Vanille - x12 - 456g","p":4.02,"u":"8,82 €/KG","img":"https://fd8-photos.leclercdrive.fr/image.ashx?id=2902552&use=l&cat=p&typeid=i","cat":284265},{"id":126907,"n":"Pesto verde Garofalo 175g","p":2.61,"u":"14,91 €/KG","img":"https://fd8-photos.leclercdrive.fr/image.ashx?id=2884651&use=l&cat=p&typeid=i","cat":287599},{"id":126958,"n":"Kiwi vert 1p","p":0.75,"img":"https://fd8-photos.leclercdrive.fr/image.ashx?id=2077670&use=l&cat=p&typeid=i","cat":284356},{"id":126961,"n":"Kiwi jaune 1p","p":0.95,"img":"https://fd8-photos.leclercdrive.fr/image.ashx?id=1633952&use=l&cat=p&typeid=i","cat":284356},{"id":126974,"n":"Café moulu bio Bio Village Mexique - 250g","p":4.95,"u":"19,80 €/KG","img":"https://fd8-photos.leclercdrive.fr/image.ashx?id=2468882&use=l&cat=p&typeid=i","cat":284750},{"id":126978,"n":"Artichaut blanc 1p","p":1.99,"img":"https://fd8-photos.leclercdrive.fr/image.ashx?id=1681565&use=l&cat=p&typeid=i","cat":284352},{"id":126990,"n":"Carottes Eco+ Sachet de 2kg","p":1.89,"u":"0,95 €/KG","img":"https://fd8-photos.leclercdrive.fr/image.ashx?id=2922376&use=l&cat=p&typeid=i","cat":284352},{"id":126993,"n":"Céleri  1 branche","p":1.99,"img":"https://fd8-photos.leclercdrive.fr/image.ashx?id=1631818&use=l&cat=p&typeid=i","cat":284352},{"id":127017,"n":"Butternut 1p","p":2.5,"img":"https://fd8-photos.leclercdrive.fr/image.ashx?id=1631577&use=l&cat=p&typeid=i","cat":284352},{"id":127019,"n":"Potimarron 1p","p":2.5,"img":"https://fd8-photos.leclercdrive.fr/image.ashx?id=1633196&use=l&cat=p&typeid=i","cat":284352},{"id":127021,"n":"Chou blanc 1p","p":1.85,"img":"https://fd8-photos.leclercdrive.fr/image.ashx?id=560849&use=l&cat=p&typeid=i","cat":284352},{"id":127215,"n":"Litière chats Tranquille Cristaux fins - 3.7L","p":5.65,"u":"1,53 €/L","img":"https://fd8-photos.leclercdrive.fr/image.ashx?id=1934850&use=l&cat=p&typeid=i","cat":284683},{"id":127236,"n":"Lot de 2 Taboulé Oriental 2x525g","p":4.4,"u":"4,19 €/KG","img":"https://fd8-photos.leclercdrive.fr/image.ashx?id=2335181&use=l&cat=p&typeid=i","cat":325094},{"id":127244,"n":"Filets de Canard Volandrie - 350g","p":6.44,"u":"18,40 €/KG","img":"https://fd8-photos.leclercdrive.fr/image.ashx?id=2903971&use=l&cat=p&typeid=i","cat":284339},{"id":127323,"n":"Shampoing nourrissant Fructis Hair Food banane - 350ml","p":3.48,"u":"9,94 €/L","img":"https://fd8-photos.leclercdrive.fr/image.ashx?id=2830597&use=l&cat=p&typeid=i","cat":284606},{"id":127327,"n":"Saucissons natures Galibier Mini bûchettes - 120g","p":3.95,"u":"32,92 €/KG","img":"https://fd8-photos.leclercdrive.fr/image.ashx?id=2902028&use=l&cat=p&typeid=i","cat":316006},{"id":127329,"n":"Saucisson au Comté Galibier Mini bûchettes - 120g","p":3.97,"u":"33,08 €/KG","img":"https://fd8-photos.leclercdrive.fr/image.ashx?id=2902031&use=l&cat=p&typeid=i","cat":316006},{"id":127366,"n":"Pommes de terre Findus Croustine - 420g","p":1.78,"u":"4,24 €/KG","img":"https://fd8-photos.leclercdrive.fr/image.ashx?id=3008755&use=l&cat=p&typeid=i","cat":319792},{"id":127389,"n":"Cire divine rituel douceur Nair huile argan et onagre - 400g","p":6.37,"u":"15,93 €/KG","img":"https://fd8-photos.leclercdrive.fr/image.ashx?id=2904790&use=l&cat=p&typeid=i","cat":325351},{"id":127430,"n":"Céréales fourrées P'tit Déli Chocolat au lait - 450g","p":2.58,"u":"5,73 €/KG","img":"https://fd8-photos.leclercdrive.fr/image.ashx?id=2824713&use=l&cat=p&typeid=i","cat":309513},{"id":127475,"n":"Lait bébé en poudre Blédilait croissance 1-3 ans 900g","p":10.99,"u":"12,21 €/KG","img":"https://fd8-photos.leclercdrive.fr/image.ashx?id=2848587&use=l&cat=p&typeid=i","cat":290219},{"id":127476,"n":"Piperade basquaise NRT 600g","p":3.7,"u":"6,17 €/KG","img":"https://fd8-photos.leclercdrive.fr/image.ashx?id=2771420&use=l&cat=p&typeid=i","cat":284441},{"id":127537,"n":"Nettoyant l'Arbre Vert spray vitre -740ml","p":2.27,"u":"3,07 €/L","img":"https://fd8-photos.leclercdrive.fr/image.ashx?id=2812867&use=l&cat=p&typeid=i","cat":325363},{"id":127556,"n":"Litière chats Tranquille Cristale charbon actif - 4L","p":5.99,"u":"1,50 €/L","img":"https://fd8-photos.leclercdrive.fr/image.ashx?id=2421874&use=l&cat=p&typeid=i","cat":284683},{"id":127644,"n":"Ardoise en pierre Maped","p":3.1,"img":"https://fd8-photos.leclercdrive.fr/image.ashx?id=2521383&use=l&cat=p&typeid=i","cat":334133},{"id":127700,"n":"Stylos Roller V5 Pilot x4","p":6.2,"img":"https://fd8-photos.leclercdrive.fr/image.ashx?id=2578058&use=l&cat=p&typeid=i","cat":284696},{"id":127701,"n":"Stylos Roller V BALL 05 Pilot x4","p":6.2,"img":"https://fd8-photos.leclercdrive.fr/image.ashx?id=2578061&use=l&cat=p&typeid=i","cat":284696},{"id":127704,"n":"Stylo roller V Ball Pilot Noir","p":3.2,"img":"https://fd8-photos.leclercdrive.fr/image.ashx?id=2578052&use=l&cat=p&typeid=i","cat":284696},{"id":127705,"n":"Marqueur indélébile Pilot Noir","p":3.0,"img":"https://fd8-photos.leclercdrive.fr/image.ashx?id=2559427&use=l&cat=p&typeid=i","cat":284696},{"id":128229,"n":"Ardoise blanche Maped Rouge","p":2.3,"img":"https://fd8-photos.leclercdrive.fr/image.ashx?id=1925885&use=l&cat=p&typeid=i","cat":334133},{"id":128230,"n":"Ardoise blanche Maped Bleu","p":2.3,"img":"https://fd8-photos.leclercdrive.fr/image.ashx?id=1922485&use=l&cat=p&typeid=i","cat":334133},{"id":128231,"n":"Ardoise blanche Maped Violet","p":2.3,"img":"https://fd8-photos.leclercdrive.fr/image.ashx?id=1925888&use=l&cat=p&typeid=i","cat":334133},{"id":128297,"n":"Surligneurs Grip Pastel Bic x4","p":2.85,"img":"https://fd8-photos.leclercdrive.fr/image.ashx?id=2780190&use=l&cat=p&typeid=i","cat":284696},{"id":128841,"n":"IGP Côtes des roses Vin rosé Languedoc Roussillon - 1.5L","p":19.04,"u":"12,69 €/L","img":"https://fd8-photos.leclercdrive.fr/image.ashx?id=2456279&use=l&cat=p&typeid=i","cat":289558},{"id":128863,"n":"IGP Ile de Beauté rosé HVE Domaine A.Tippana - 75cl","p":3.8,"u":"5,07 €/L","img":"https://fd8-photos.leclercdrive.fr/image.ashx?id=2662403&use=l&cat=p&typeid=i","cat":289558},{"id":128887,"n":"Soda Coca-Cola Verre - 6x250ml","p":5.82,"u":"3,88 €/L","img":"https://fd8-photos.leclercdrive.fr/image.ashx?id=2444465&use=l&cat=p&typeid=i","cat":284530},{"id":128900,"n":"Saucissons noisettes Galibier Mini bûchettes - 120g","p":3.97,"u":"33,08 €/KG","img":"https://fd8-photos.leclercdrive.fr/image.ashx?id=2900908&use=l&cat=p&typeid=i","cat":316006},{"id":128902,"n":"Diots de Savoie fumés  Henri Raffin x4 - 340g","p":3.63,"u":"10,68 €/KG","img":"https://fd8-photos.leclercdrive.fr/image.ashx?id=2677963&use=l&cat=p&typeid=i","cat":316012},{"id":128976,"n":"Sucre poudre Daddy 750g","p":1.69,"u":"2,25 €/KG","img":"https://fd8-photos.leclercdrive.fr/image.ashx?id=2944699&use=l&cat=p&typeid=i","cat":284502},{"id":129002,"n":"Crème douche Atoderm Bioderma Ultra-nourissante - 1L","p":11.99,"u":"11,99 €/L","img":"https://fd8-photos.leclercdrive.fr/image.ashx?id=2981205&use=l&cat=p&typeid=i","cat":301591},{"id":129003,"n":"Lait infantile 1er âge Babybio  Optima 1 Bio - 800g","p":18.36,"u":"22,95 €/KG","img":"https://fd8-photos.leclercdrive.fr/image.ashx?id=2988433&use=l&cat=p&typeid=i","cat":284726},{"id":129038,"n":"Lait nature Croissance Eveil Bio - 6x1L","p":12.22,"u":"2,04 €/L","img":"https://fd8-photos.leclercdrive.fr/image.ashx?id=1915623&use=l&cat=p&typeid=i","cat":284728},{"id":129048,"n":"Flocons 5 céréales bio  Terres et Céréales - 500g","p":1.98,"u":"3,96 €/KG","img":"https://fd8-photos.leclercdrive.fr/image.ashx?id=2432532&use=l&cat=p&typeid=i","cat":309512},{"id":129059,"n":"Epinards Jardin Bio Bio - 630g","p":3.95,"u":"6,27 €/KG","img":"https://fd8-photos.leclercdrive.fr/image.ashx?id=2918928&use=l&cat=p&typeid=i","cat":312612},{"id":129123,"n":"Gel Lubrifiant Perfect Gliss Durex Longue Durée 100ml","p":7.95,"u":"79,50 €/L","img":"https://fd8-photos.leclercdrive.fr/image.ashx?id=2960693&use=l&cat=p&typeid=i","cat":285160},{"id":129137,"n":"Ethylotest 0.5g/L  NF x1","p":0.92,"img":"https://fd8-photos.leclercdrive.fr/image.ashx?id=1916195&use=l&cat=p&typeid=i","cat":334880},{"id":129138,"n":"Ethylotest 0.2g/L  NF x1","p":0.92,"img":"https://fd8-photos.leclercdrive.fr/image.ashx?id=1916198&use=l&cat=p&typeid=i","cat":334880},{"id":129162,"n":"Boisson énergisante Monster Mango Loco - 50cl","p":1.55,"u":"3,10 €/L","img":"https://fd8-photos.leclercdrive.fr/image.ashx?id=2433443&use=l&cat=p&typeid=i","cat":284533},{"id":129189,"n":"Biscuit Lotus Biscoff  Original 375g (3x125g)","p":2.5,"u":"6,67 €/KG","img":"https://fd8-photos.leclercdrive.fr/image.ashx?id=2740271&use=l&cat=p&typeid=i","cat":284487},{"id":129235,"n":"Soda Coca-Cola sans sucres Bouteille - 6x1.75L","p":10.31,"u":"0,98 €/L","img":"https://fd8-photos.leclercdrive.fr/image.ashx?id=2878330&use=l&cat=p&typeid=i","cat":284530},{"id":129280,"n":"Sel équilibre Cérébos Réduit en Sodium - 350g","p":2.03,"u":"5,80 €/KG","img":"https://fd8-photos.leclercdrive.fr/image.ashx?id=2520132&use=l&cat=p&typeid=i","cat":284457},{"id":129306,"n":"Fleurs de Capre Florelli 270g","p":3.13,"u":"11,59 €/KG","img":"https://fd8-photos.leclercdrive.fr/image.ashx?id=2603450&use=l&cat=p&typeid=i","cat":289010},{"id":129325,"n":"Coupe La Basquaise  Chocolat x6 - 105g","p":3.64,"u":"34,67 €/KG","img":"https://fd8-photos.leclercdrive.fr/image.ashx?id=2644025&use=l&cat=p&typeid=i","cat":284487},{"id":129398,"n":"Tablette Chocolat Lait Nestlé  L'Atelier Noisettes 170g","p":3.46,"u":"20,35 €/KG","img":"https://fd8-photos.leclercdrive.fr/image.ashx?id=2663060&use=l&cat=p&typeid=i","cat":284497},{"id":129451,"n":"Thon miettes Petit Navire Tomate Herbes de Provence 160g","p":2.15,"u":"13,44 €/KG","img":"https://fd8-photos.leclercdrive.fr/image.ashx?id=2523909&use=l&cat=p&typeid=i","cat":303867},{"id":129476,"n":"Panés au Camembert Grand Fermage - x4 - 100g","p":2.5,"u":"25,00 €/KG","img":"https://fd8-photos.leclercdrive.fr/image.ashx?id=2645203&use=l&cat=p&typeid=i","cat":314027},{"id":129560,"n":"Filets cabillaud MSC 800g","p":11.98,"u":"14,98 €/KG","img":"https://fd8-photos.leclercdrive.fr/image.ashx?id=1983986&use=l&cat=p&typeid=i","cat":319786},{"id":129602,"n":"Lait demi-écrémé Grandlait Candia Bouteille - 6x25cl","p":4.08,"u":"2,72 €/L","img":"https://fd8-photos.leclercdrive.fr/image.ashx?id=2916189&use=l&cat=p&typeid=i","cat":284377},{"id":129620,"n":"Bière Ambrée 3 Monts 75cl","p":2.47,"u":"3,29 €/L","img":"https://fd8-photos.leclercdrive.fr/image.ashx?id=2548186&use=l&cat=p&typeid=i","cat":334852},{"id":129752,"n":"AOP Corse vin rosé Domaine Poli Médaillé - 75cl","p":6.24,"u":"8,32 €/L","img":"https://fd8-photos.leclercdrive.fr/image.ashx?id=1934931&use=l&cat=p&typeid=i","cat":289558},{"id":129779,"n":"Arrangé ananas Victoria 40%vol - 50cl","p":16.59,"u":"33,18 €/L","img":"https://fd8-photos.leclercdrive.fr/image.ashx?id=2321310&use=l&cat=p&typeid=i","cat":284551},{"id":129807,"n":"Biscuits Biarritz Delacre Noix de coco et Chocolat - 175g","p":3.03,"u":"17,31 €/KG","img":"https://fd8-photos.leclercdrive.fr/image.ashx?id=2867963&use=l&cat=p&typeid=i","cat":284490},{"id":129809,"n":"Bonbons Carambar Sucettes Caramel - 156g","p":2.0,"u":"12,82 €/KG","img":"https://fd8-photos.leclercdrive.fr/image.ashx?id=2580804&use=l&cat=p&typeid=i","cat":304252},{"id":129864,"n":"Crème glacée Ben and Jerry's  Half Baked - 406g","p":3.86,"u":"9,51 €/KG","img":"https://fd8-photos.leclercdrive.fr/image.ashx?id=3011941&use=l&cat=p&typeid=i","cat":284725},{"id":129934,"n":"Beignets Pasquier Chocolat noisette - x6 - 270g","p":2.17,"u":"8,04 €/KG","img":"https://fd8-photos.leclercdrive.fr/image.ashx?id=2986374&use=l&cat=p&typeid=i","cat":284495},{"id":129956,"n":"IGP Pays d'Oc rosé Grenache Gris de Gris 12% vol - 75cl","p":3.93,"u":"5,24 €/L","img":"https://fd8-photos.leclercdrive.fr/image.ashx?id=2986233&use=l&cat=p&typeid=i","cat":289558},{"id":129958,"n":"IGP Méditerrannée rosé Saint Sagnol 13% vol - 3L","p":12.2,"u":"4,07 €/L","img":"https://fd8-photos.leclercdrive.fr/image.ashx?id=2445106&use=l&cat=p&typeid=i","cat":289558},{"id":129991,"n":"Yaourt au lait entier Malo Citron - 4x125g","p":2.0,"u":"4,00 €/KG","img":"https://fd8-photos.leclercdrive.fr/image.ashx?id=2908618&use=l&cat=p&typeid=i","cat":286006},{"id":130284,"n":"Grissini artigianali Florelli Romarin - 300g","p":2.09,"u":"6,97 €/KG","img":"https://fd8-photos.leclercdrive.fr/image.ashx?id=2475855&use=l&cat=p&typeid=i","cat":297000},{"id":130285,"n":"Grissini artigianali Florelli Olives noires - 300g","p":1.99,"u":"6,63 €/KG","img":"https://fd8-photos.leclercdrive.fr/image.ashx?id=2475861&use=l&cat=p&typeid=i","cat":297000},{"id":130334,"n":"Lessive liquide bébé Epsil 25 lavages - 1.25L","p":3.88,"u":"3,10 €/L","img":"https://fd8-photos.leclercdrive.fr/image.ashx?id=2838939&use=l&cat=p&typeid=i","cat":284640},{"id":130347,"n":"Bâtonnets Trium Caramel Beurre Salé x4 - 288g","p":2.93,"u":"10,17 €/KG","img":"https://fd8-photos.leclercdrive.fr/image.ashx?id=2161082&use=l&cat=p&typeid=i","cat":284265},{"id":130357,"n":"Lait Sans Lactose Candia  Bouteille 1%MG - 6x1L","p":9.55,"u":"1,59 €/L","img":"https://fd8-photos.leclercdrive.fr/image.ashx?id=2481357&use=l&cat=p&typeid=i","cat":317169},{"id":130461,"n":"Bière blonde sans alcool 1664 0,0° - 6x25cl","p":3.78,"u":"2,52 €/L","img":"https://fd8-photos.leclercdrive.fr/image.ashx?id=2120656&use=l&cat=p&typeid=i","cat":334877},{"id":130507,"n":"Sauce apéritif Old El Paso Salsa épicée - 312g","p":2.8,"u":"8,97 €/KG","img":"https://fd8-photos.leclercdrive.fr/image.ashx?id=2737606&use=l&cat=p&typeid=i","cat":288993},{"id":130666,"n":"Blanc de poulet Fleury Michon -25% de sel x8 - 240g","p":3.1,"u":"12,92 €/KG","img":"https://fd8-photos.leclercdrive.fr/image.ashx?id=2886849&use=l&cat=p&typeid=i","cat":316010},{"id":130667,"n":"Rôti de porc Fleury Michon Sans nitrite - x4 - 160g","p":2.84,"u":"17,75 €/KG","img":"https://fd8-photos.leclercdrive.fr/image.ashx?id=2320977&use=l&cat=p&typeid=i","cat":316009},{"id":130722,"n":"20 pinces a linge renforcees 1 pièce","p":2.49,"img":"https://fd8-photos.leclercdrive.fr/image.ashx?id=1932474&use=l&cat=p&typeid=i","cat":335909},{"id":130744,"n":"Nouilles aux oeufs Suzi Wan 250g","p":1.73,"u":"6,92 €/KG","img":"https://fd8-photos.leclercdrive.fr/image.ashx?id=2892928&use=l&cat=p&typeid=i","cat":288992},{"id":130752,"n":"Maquereau Petit Navire 175g Vin blanc et aromates - 175g","p":2.15,"u":"12,29 €/KG","img":"https://fd8-photos.leclercdrive.fr/image.ashx?id=2989063&use=l&cat=p&typeid=i","cat":303868},{"id":130755,"n":"Maquereau Moutarde PETIT NAVIRE Moutarde sans arome ajouté 169g","p":2.04,"u":"12,07 €/KG","img":"https://fd8-photos.leclercdrive.fr/image.ashx?id=2989060&use=l&cat=p&typeid=i","cat":303868},{"id":130759,"n":"Barres Nakd Cacahuètes Raw   Barres de Fruits & Noix 4x35g","p":2.87,"u":"20,50 €/KG","img":"https://fd8-photos.leclercdrive.fr/image.ashx?id=3005251&use=l&cat=p&typeid=i","cat":285869},{"id":130776,"n":"Confiture  Bonne Maman Fraise framboise intenses 335g","p":2.47,"u":"7,37 €/KG","img":"https://fd8-photos.leclercdrive.fr/image.ashx?id=2396378&use=l&cat=p&typeid=i","cat":284480},{"id":130788,"n":"Tablette chocolat au lait Eco+ Ménage - 5x100g","p":3.49,"u":"6,98 €/KG","img":"https://fd8-photos.leclercdrive.fr/image.ashx?id=2746778&use=l&cat=p&typeid=i","cat":284497},{"id":130789,"n":"Préparation Gâteau alsa Moelleux Nature - 435g","p":2.19,"u":"5,03 €/KG","img":"https://fd8-photos.leclercdrive.fr/image.ashx?id=2996431&use=l&cat=p&typeid=i","cat":284505},{"id":130790,"n":"Préparation Gâteau alsa Moelleux Chocolat - 435g","p":2.19,"u":"5,03 €/KG","img":"https://fd8-photos.leclercdrive.fr/image.ashx?id=2996434&use=l&cat=p&typeid=i","cat":284505},{"id":130800,"n":"Plateau Raclette 3 fromages NRT 550g","p":10.95,"u":"19,91 €/KG","img":"https://fd8-photos.leclercdrive.fr/image.ashx?id=2321796&use=l&cat=p&typeid=i","cat":314037},{"id":130804,"n":"Préparation Gâteau alsa Fondant au Chocolat - 435g","p":2.53,"u":"7,91 €/KG","img":"https://fd8-photos.leclercdrive.fr/image.ashx?id=2996437&use=l&cat=p&typeid=i","cat":284505},{"id":130805,"n":"Nappage Sainte Lucie Chocolat - 200g","p":3.0,"u":"15,00 €/KG","img":"https://fd8-photos.leclercdrive.fr/image.ashx?id=2776121&use=l&cat=p&typeid=i","cat":284504},{"id":130811,"n":"Brosse à Dents Signal Système Blancheur Medium x1","p":2.85,"img":"https://fd8-photos.leclercdrive.fr/image.ashx?id=2832539&use=l&cat=p&typeid=i","cat":284614},{"id":130812,"n":"Brosse à Dents Signal Ultra Access Medium x1","p":3.0,"img":"https://fd8-photos.leclercdrive.fr/image.ashx?id=3009263&use=l&cat=p&typeid=i","cat":284614},{"id":130816,"n":"Dentifrice Zendium Protection complète - 75ml","p":3.03,"img":"https://fd8-photos.leclercdrive.fr/image.ashx?id=2927711&use=l&cat=p&typeid=i","cat":284612},{"id":130857,"n":"Truite fumée de france Ovive 100g","p":3.21,"u":"32,10 €/KG","img":"https://fd8-photos.leclercdrive.fr/image.ashx?id=2902061&use=l&cat=p&typeid=i","cat":285188},{"id":130905,"n":"Arôme La Pateliere Fleur d'oranger - 250ml","p":2.13,"u":"8,52 €/KG","img":"https://fd8-photos.leclercdrive.fr/image.ashx?id=2101606&use=l&cat=p&typeid=i","cat":284504},{"id":130907,"n":"Amandes effilées La Pateliere 125g","p":2.96,"u":"23,68 €/KG","img":"https://fd8-photos.leclercdrive.fr/image.ashx?id=2101642&use=l&cat=p&typeid=i","cat":284504},{"id":130908,"n":"Amandes en poudre La Patelière 125g","p":2.83,"u":"22,64 €/KG","img":"https://fd8-photos.leclercdrive.fr/image.ashx?id=2101645&use=l&cat=p&typeid=i","cat":284504},{"id":130909,"n":"Noix de coco La Patelière Rapées - 125g","p":1.59,"u":"12,72 €/KG","img":"https://fd8-photos.leclercdrive.fr/image.ashx?id=2101648&use=l&cat=p&typeid=i","cat":284504},{"id":130910,"n":"Arome La Pateliere Vanille - 250ml","p":2.81,"u":"11,24 €/L","img":"https://fd8-photos.leclercdrive.fr/image.ashx?id=2467264&use=l&cat=p&typeid=i","cat":284504},{"id":130914,"n":"Gelifiant végétal La Patelière Agar Agar - 5x4g","p":2.49,"u":"124,50 €/KG","img":"https://fd8-photos.leclercdrive.fr/image.ashx?id=2479796&use=l&cat=p&typeid=i","cat":284504},{"id":130915,"n":"Feuille gelatine La Patelière 12g","p":1.5,"u":"125,00 €/KG","img":"https://fd8-photos.leclercdrive.fr/image.ashx?id=2101639&use=l&cat=p&typeid=i","cat":284504},{"id":130916,"n":"Poudre à lever Bio Sainte Lucie 5x10g","p":1.94,"u":"38,80 €/KG","img":"https://fd8-photos.leclercdrive.fr/image.ashx?id=2774370&use=l&cat=p&typeid=i","cat":284504},{"id":130917,"n":"Lait en poudre Guigoz 1er âge - 0-6 mois - 800g","p":17.88,"u":"22,35 €/KG","img":"https://fd8-photos.leclercdrive.fr/image.ashx?id=2891313&use=l&cat=p&typeid=i","cat":284726},{"id":130918,"n":"Lait bébé poudre Guigoz Evolia  2ème âge - 6-12 mois - 800g","p":14.32,"u":"17,90 €/KG","img":"https://fd8-photos.leclercdrive.fr/image.ashx?id=2737111&use=l&cat=p&typeid=i","cat":284727},{"id":130919,"n":"Cereales Bio nuit Modilac 4mois 250g","p":4.28,"u":"17,12 €/KG","img":"https://fd8-photos.leclercdrive.fr/image.ashx?id=2766006&use=l&cat=p&typeid=i","cat":312225},{"id":130935,"n":"Dés fromage Petit Marché Chèvre - 120g","p":3.14,"u":"26,17 €/KG","img":"https://fd8-photos.leclercdrive.fr/image.ashx?id=2195332&use=l&cat=p&typeid=i","cat":314027},{"id":130937,"n":"Dés Fromage Méditerranéen Petit Marché 120g","p":2.72,"u":"22,67 €/KG","img":"https://fd8-photos.leclercdrive.fr/image.ashx?id=2263733&use=l&cat=p&typeid=i","cat":314027},{"id":130963,"n":"Serviettes hypoallergéniques  Love&Green Super - x12","p":3.09,"u":"0,26 €/P","img":"https://fd8-photos.leclercdrive.fr/image.ashx?id=2811362&use=l&cat=p&typeid=i","cat":284624},{"id":130965,"n":"Protège slips Love & Green Hypoallergéniques flexi - x28","p":2.89,"img":"https://fd8-photos.leclercdrive.fr/image.ashx?id=2811371&use=l&cat=p&typeid=i","cat":284625},{"id":130966,"n":"Protège slips Love & Green Hypoallergéniques larges- x28","p":2.95,"img":"https://fd8-photos.leclercdrive.fr/image.ashx?id=2811368&use=l&cat=p&typeid=i","cat":284625},{"id":131136,"n":"Brosse WC 1 pièce","p":2.45,"img":"https://fd8-photos.leclercdrive.fr/image.ashx?id=1937812&use=l&cat=p&typeid=i","cat":284669},{"id":131137,"n":"Ensemble WC 1 pièce","p":3.45,"img":"https://fd8-photos.leclercdrive.fr/image.ashx?id=1937815&use=l&cat=p&typeid=i","cat":284669},{"id":131144,"n":"Recharge adhésive 36 feuilles 2 rouleaux","p":2.59,"u":"1,30 €/P","img":"https://fd8-photos.leclercdrive.fr/image.ashx?id=1937818&use=l&cat=p&typeid=i","cat":284669},{"id":131148,"n":"Frange absorbante spéciale 1 pièce","p":2.95,"img":"https://fd8-photos.leclercdrive.fr/image.ashx?id=1937848&use=l&cat=p&typeid=i","cat":284669},{"id":131150,"n":"Manche rétractable 1 pièce","p":2.72,"img":"https://fd8-photos.leclercdrive.fr/image.ashx?id=1937809&use=l&cat=p&typeid=i","cat":284669},{"id":131153,"n":"Serviettes 40cm 3 plis Ardence Grises - x20","p":1.38,"u":"0,07 €/P","img":"https://fd8-photos.leclercdrive.fr/image.ashx?id=1937803&use=l&cat=p&typeid=i","cat":334134},{"id":131154,"n":"Set aéroport 1 pièce","p":8.79,"img":"https://fd8-photos.leclercdrive.fr/image.ashx?id=1937842&use=l&cat=p&typeid=i","cat":284669},{"id":131158,"n":"Brosse vaisselle design 1 pièce","p":3.9,"img":"https://fd8-photos.leclercdrive.fr/image.ashx?id=1937824&use=l&cat=p&typeid=i","cat":284669},{"id":131388,"n":"Capsules Starbucks by Nespresso  Colombia Int 7 - x10","p":3.17,"u":"55,61 €/KG","img":"https://fd8-photos.leclercdrive.fr/image.ashx?id=2868152&use=l&cat=p&typeid=i","cat":284749},{"id":131390,"n":"Capsules Starbucks by Nespresso  House Blend Int 8 - x10","p":3.16,"u":"55,44 €/KG","img":"https://fd8-photos.leclercdrive.fr/image.ashx?id=2868143&use=l&cat=p&typeid=i","cat":284749},{"id":131408,"n":"AOP Côtes du rhône Vin blanc E Guigal - 75cl","p":8.88,"u":"11,84 €/L","img":"https://fd8-photos.leclercdrive.fr/image.ashx?id=2432767&use=l&cat=p&typeid=i","cat":289557},{"id":131424,"n":"Capsules Starbucks by Nespresso  Blonde Espresso Int 6 - x10","p":3.16,"u":"59,62 €/KG","img":"https://fd8-photos.leclercdrive.fr/image.ashx?id=2868146&use=l&cat=p&typeid=i","cat":284749},{"id":131426,"n":"Capsules Starbucks by Nespresso  Espresso Roast Int 11 - x10","p":3.16,"u":"55,44 €/KG","img":"https://fd8-photos.leclercdrive.fr/image.ashx?id=2868149&use=l&cat=p&typeid=i","cat":284749},{"id":131431,"n":"Café Capsules by DOLCE GUSTO Starbucks Caramel Macchiato 2x6","p":4.27,"u":"33,62 €/KG","img":"https://fd8-photos.leclercdrive.fr/image.ashx?id=2966785&use=l&cat=p&typeid=i","cat":293239},{"id":131625,"n":"Thé glacé Fuze Tea  Menthe Citron vert - 1,25L","p":1.5,"u":"1,20 €/L","img":"https://fd8-photos.leclercdrive.fr/image.ashx?id=2940402&use=l&cat=p&typeid=i","cat":295019},{"id":131735,"n":"Nuggets de Poulet Père Dodu  L'Atelier - Poulet -200g","p":2.82,"u":"14,10 €/KG","img":"https://fd8-photos.leclercdrive.fr/image.ashx?id=2957215&use=l&cat=p&typeid=i","cat":333684},{"id":131786,"n":"Café Dolce Gusto Plantation Décaféiné N°5 - x16 - 106g","p":3.39,"u":"31,98 €/KG","img":"https://fd8-photos.leclercdrive.fr/image.ashx?id=2649741&use=l&cat=p&typeid=i","cat":293239},{"id":131790,"n":"Barres céréales Eco+ Chocolat & cacahuètes x6 - 126g","p":0.71,"u":"5,63 €/KG","img":"https://fd8-photos.leclercdrive.fr/image.ashx?id=2791209&use=l&cat=p&typeid=i","cat":285869},{"id":131802,"n":"Boules céréales miel P'tit Déli 400g","p":2.33,"u":"5,83 €/KG","img":"https://fd8-photos.leclercdrive.fr/image.ashx?id=2907090&use=l&cat=p&typeid=i","cat":309513},{"id":131806,"n":"Céréales fourrées P'tit Déli Chocolat au lait - 450g","p":2.45,"u":"5,44 €/KG","img":"https://fd8-photos.leclercdrive.fr/image.ashx?id=2835211&use=l&cat=p&typeid=i","cat":309513},{"id":131811,"n":"Chicorée café Eco+ Soluble - 200g","p":2.06,"u":"10,30 €/KG","img":"https://fd8-photos.leclercdrive.fr/image.ashx?id=2791200&use=l&cat=p&typeid=i","cat":284843},{"id":131820,"n":"Corn Flackes sucrés 400g","p":1.74,"u":"4,35 €/KG","img":"https://fd8-photos.leclercdrive.fr/image.ashx?id=2688764&use=l&cat=p&typeid=i","cat":309513},{"id":131821,"n":"Croissants Eco+ x10 - 400g","p":1.45,"u":"3,63 €/KG","img":"https://fd8-photos.leclercdrive.fr/image.ashx?id=2922914&use=l&cat=p&typeid=i","cat":296366},{"id":131822,"n":"Delicioso format familial x10 - 350g","p":2.52,"u":"7,20 €/KG","img":"https://fd8-photos.leclercdrive.fr/image.ashx?id=1942584&use=l&cat=p&typeid=i","cat":284495},{"id":131828,"n":"Miel de fleurs  Massif du Jura NRT - 375g","p":6.49,"u":"17,31 €/KG","img":"https://fd8-photos.leclercdrive.fr/image.ashx?id=2771417&use=l&cat=p&typeid=i","cat":287643},{"id":131832,"n":"Olives vertes dénoyautées 490g","p":2.52,"u":"5,14 €/KG","img":"https://fd8-photos.leclercdrive.fr/image.ashx?id=1942575&use=l&cat=p&typeid=i","cat":284458},{"id":131833,"n":"Olives vertes réduite en sel Dénoyautées - 160g","p":1.69,"u":"10,56 €/KG","img":"https://fd8-photos.leclercdrive.fr/image.ashx?id=1942587&use=l&cat=p&typeid=i","cat":284458},{"id":131834,"n":"Pain de mie Epi d'Or Extra moelleux - 500g","p":0.99,"u":"1,98 €/KG","img":"https://fd8-photos.leclercdrive.fr/image.ashx?id=2860781&use=l&cat=p&typeid=i","cat":284477},{"id":131837,"n":"Petit pain grillé Bio Village Bio - 225g","p":1.35,"u":"6,00 €/KG","img":"https://fd8-photos.leclercdrive.fr/image.ashx?id=2595125&use=l&cat=p&typeid=i","cat":284479},{"id":131853,"n":"Potage tomate vermicelle Eco + 66g","p":0.79,"u":"11,97 €/KG","img":"https://fd8-photos.leclercdrive.fr/image.ashx?id=2674017&use=l&cat=p&typeid=i","cat":284463},{"id":131888,"n":"AOP Côtes du Rhône Vin rouge Vieilles vignes - 75cl","p":4.89,"u":"6,52 €/L","img":"https://fd8-photos.leclercdrive.fr/image.ashx?id=2853284&use=l&cat=p&typeid=i","cat":289556},{"id":132007,"n":"Pain de mie nature Jacquet Maxi tranches - 825g","p":2.32,"u":"2,81 €/KG","img":"https://fd8-photos.leclercdrive.fr/image.ashx?id=2951539&use=l&cat=p&typeid=i","cat":284477},{"id":132008,"n":"Pain de mie complet Jacquet Maxi-tranches - 825g","p":2.47,"u":"2,99 €/KG","img":"https://fd8-photos.leclercdrive.fr/image.ashx?id=2991870&use=l&cat=p&typeid=i","cat":284477},{"id":132088,"n":"Sauce Barilla Tomates Cuisinées - 400g","p":1.71,"u":"4,28 €/KG","img":"https://fd8-photos.leclercdrive.fr/image.ashx?id=2832527&use=l&cat=p&typeid=i","cat":287599},{"id":132109,"n":"Batonnets de glace Nuii Mangue d'Inde et Noix de Coco  x4","p":4.44,"u":"15,52 €/KG","img":"https://fd8-photos.leclercdrive.fr/image.ashx?id=2506825&use=l&cat=p&typeid=i","cat":284265},{"id":132165,"n":"Sorbet Eskiss Citron jaune - 650g","p":2.41,"u":"3,71 €/KG","img":"https://fd8-photos.leclercdrive.fr/image.ashx?id=2982664&use=l&cat=p&typeid=i","cat":284263},{"id":132180,"n":"Petits pots bébé P'TITE RECETTE Tajine de poulet 12M+ - 2x200g","p":2.14,"u":"5,35 €/KG","img":"https://fd8-photos.leclercdrive.fr/image.ashx?id=2525720&use=l&cat=p&typeid=i","cat":312237},{"id":132192,"n":"Donut fourré choco St Michel x6 - 180g","p":1.94,"u":"10,78 €/KG","img":"https://fd8-photos.leclercdrive.fr/image.ashx?id=2949961&use=l&cat=p&typeid=i","cat":284495},{"id":132234,"n":"Flocons d'avoine Grainea 500g","p":0.84,"u":"1,68 €/KG","img":"https://fd8-photos.leclercdrive.fr/image.ashx?id=2919655&use=l&cat=p&typeid=i","cat":309512},{"id":132239,"n":"Barre de céréales Nature Valley Crunchy avoine miel x10 -420g","p":4.3,"u":"10,24 €/KG","img":"https://fd8-photos.leclercdrive.fr/image.ashx?id=2612814&use=l&cat=p&typeid=i","cat":285869},{"id":132243,"n":"Lessive liquide couleur Epsil 25 lavages - 1.25L","p":2.54,"u":"2,03 €/L","img":"https://fd8-photos.leclercdrive.fr/image.ashx?id=2933449&use=l&cat=p&typeid=i","cat":284640},{"id":132246,"n":"Huile d'olive vierge extra 75cl","p":7.65,"u":"10,20 €/L","img":"https://fd8-photos.leclercdrive.fr/image.ashx?id=1950872&use=l&cat=p&typeid=i","cat":284453},{"id":132285,"n":"Feta grecque AOP Les Croisés - Tranche - 150g","p":1.84,"u":"12,27 €/KG","img":"https://fd8-photos.leclercdrive.fr/image.ashx?id=2210750&use=l&cat=p&typeid=i","cat":314026},{"id":132290,"n":"Huile d'Olive Carapelli Extra Vierge Classico - 75cl","p":7.8,"u":"10,40 €/L","img":"https://fd8-photos.leclercdrive.fr/image.ashx?id=2737480&use=l&cat=p&typeid=i","cat":284453},{"id":132330,"n":"Ail semoule Eco + 54g","p":0.79,"u":"14,63 €/KG","img":"https://fd8-photos.leclercdrive.fr/image.ashx?id=2717249&use=l&cat=p&typeid=i","cat":298297},{"id":132334,"n":"Tortilla Pockets Old El Paso x8 - 223g","p":3.46,"u":"15,52 €/KG","img":"https://fd8-photos.leclercdrive.fr/image.ashx?id=2737675&use=l&cat=p&typeid=i","cat":288993},{"id":132348,"n":"Delir' Pik Haribo Sachet bonbons acidulés - 275g","p":1.9,"u":"6,91 €/KG","img":"https://fd8-photos.leclercdrive.fr/image.ashx?id=2984904&use=l&cat=p&typeid=i","cat":304250},{"id":132368,"n":"Repas bébé Blédichef 15 mois Pâtes sauce tomate jambon -250g","p":1.89,"u":"7,56 €/KG","img":"https://fd8-photos.leclercdrive.fr/image.ashx?id=2643743&use=l&cat=p&typeid=i","cat":312238},{"id":132369,"n":"Repas bébé Blédichef 24 mois  Pâtes légumes cabillaud - 250g","p":1.92,"u":"7,68 €/KG","img":"https://fd8-photos.leclercdrive.fr/image.ashx?id=2644725&use=l&cat=p&typeid=i","cat":312238},{"id":132392,"n":"Gratte éponge Spontex Longue durée - x3","p":2.26,"u":"0,75 €/P","img":"https://fd8-photos.leclercdrive.fr/image.ashx?id=2973072&use=l&cat=p&typeid=i","cat":284667},{"id":132393,"n":"Lait croissance Guigoz Optipro En poudre - dès 18 mois - 900g","p":10.49,"u":"11,66 €/KG","img":"https://fd8-photos.leclercdrive.fr/image.ashx?id=2517589&use=l&cat=p&typeid=i","cat":290219},{"id":132452,"n":"Gazon universel Beaux Jours 40m2 - 1kg","p":7.2,"u":"7,20 €/KG","img":"https://fd8-photos.leclercdrive.fr/image.ashx?id=1947456&use=l&cat=p&typeid=i","cat":335920},{"id":132486,"n":"Eau micellaire 100ml","p":1.49,"u":"14,90 €/L","img":"https://fd8-photos.leclercdrive.fr/image.ashx?id=1947543&use=l&cat=p&typeid=i","cat":284603},{"id":132487,"n":"Gel déboucheur Syphon Javel soude - 1L","p":1.36,"u":"1,36 €/L","img":"https://fd8-photos.leclercdrive.fr/image.ashx?id=2202476&use=l&cat=p&typeid=i","cat":284908},{"id":132581,"n":"Céréales soufflé P'tit Déli Au chocolat - 400g","p":2.37,"u":"5,93 €/KG","img":"https://fd8-photos.leclercdrive.fr/image.ashx?id=2811875&use=l&cat=p&typeid=i","cat":309513},{"id":132582,"n":"Céréales soufflé blé P'tit Déli Miel caramel - 400g","p":1.99,"u":"4,98 €/KG","img":"https://fd8-photos.leclercdrive.fr/image.ashx?id=2900178&use=l&cat=p&typeid=i","cat":309513},{"id":132585,"n":"Skyr Yoplait  Nature 0%Mg - 4x100g","p":2.07,"u":"5,18 €/KG","img":"https://fd8-photos.leclercdrive.fr/image.ashx?id=2884435&use=l&cat=p&typeid=i","cat":315000},{"id":132592,"n":"Chips Tyrrell's Truffe noire- 150g","p":3.06,"u":"20,40 €/KG","img":"https://fd8-photos.leclercdrive.fr/image.ashx?id=2736634&use=l&cat=p&typeid=i","cat":284447},{"id":132601,"n":"Fan of Pik Haribo  Sachet bonbons acidulés - 200g","p":1.85,"u":"9,25 €/KG","img":"https://fd8-photos.leclercdrive.fr/image.ashx?id=2789766&use=l&cat=p&typeid=i","cat":304250},{"id":132603,"n":"Fromage Abondance NRT AOP 250g","p":4.29,"u":"17,16 €/KG","img":"https://fd8-photos.leclercdrive.fr/image.ashx?id=2812602&use=l&cat=p&typeid=i","cat":314034},{"id":132612,"n":"Biscuits Le petit St Michel Coeur chocolat au lait - 132g","p":1.46,"u":"11,06 €/KG","img":"https://fd8-photos.leclercdrive.fr/image.ashx?id=2949967&use=l&cat=p&typeid=i","cat":284488},{"id":132621,"n":"Tablette de chocolat noir Lindt doux 85% - 100g","p":2.61,"u":"26,10 €/KG","img":"https://fd8-photos.leclercdrive.fr/image.ashx?id=2423777&use=l&cat=p&typeid=i","cat":284956},{"id":132625,"n":"Batônnets Trium Vanille Fruits rouge x4 - 286g","p":2.64,"u":"9,23 €/KG","img":"https://fd8-photos.leclercdrive.fr/image.ashx?id=2920782&use=l&cat=p&typeid=i","cat":284265},{"id":132629,"n":"Pétales de blé P'tit Déli Au chocolat - 400g","p":2.17,"u":"5,43 €/KG","img":"https://fd8-photos.leclercdrive.fr/image.ashx?id=2765846&use=l&cat=p&typeid=i","cat":309513},{"id":132634,"n":"Sérum physiologique 40x5ml","p":5.14,"u":"25,70 €/L","img":"https://fd8-photos.leclercdrive.fr/image.ashx?id=2908879&use=l&cat=p&typeid=i","cat":284741},{"id":132638,"n":"Batonnet Trium Vanille fruit exotique x4  294g","p":2.65,"u":"9,01 €/KG","img":"https://fd8-photos.leclercdrive.fr/image.ashx?id=2911699&use=l&cat=p&typeid=i","cat":284265},{"id":132644,"n":"Huile Cadum Bébé  Huile Merveilleuse - 100ml","p":3.22,"u":"32,20 €/L","img":"https://fd8-photos.leclercdrive.fr/image.ashx?id=2518352&use=l&cat=p&typeid=i","cat":284741},{"id":132780,"n":"AOP Champagne Lanson Brut Le Black Label - 12.5%vol 75cl","p":34.89,"u":"46,52 €/L","img":"https://fd8-photos.leclercdrive.fr/image.ashx?id=2914453&use=l&cat=p&typeid=i","cat":284542},{"id":132793,"n":"Rôti de veau farci Tendriade 770g","p":12.51,"u":"16,25 €/KG","img":"https://fd8-photos.leclercdrive.fr/image.ashx?id=2848923&use=l&cat=p&typeid=i","cat":284329},{"id":132795,"n":"Désinfectant Sanytol 150ml","p":3.73,"u":"24,87 €/L","img":"https://fd8-photos.leclercdrive.fr/image.ashx?id=2785412&use=l&cat=p&typeid=i","cat":285201},{"id":132808,"n":"Skyr Yoplait  Lit Fruits Rouges 0%Mg - 4x100g","p":2.32,"u":"5,80 €/KG","img":"https://fd8-photos.leclercdrive.fr/image.ashx?id=2884438&use=l&cat=p&typeid=i","cat":315000},{"id":132811,"n":"Skyr Yoplait  Sur Lit Myrtilles 0%MG - 4x100G","p":2.3,"u":"5,75 €/KG","img":"https://fd8-photos.leclercdrive.fr/image.ashx?id=2884441&use=l&cat=p&typeid=i","cat":315000},{"id":132812,"n":"Bière blonde Grimbergen Sans alcool 0,0° - 6x25cl","p":4.95,"u":"3,30 €/L","img":"https://fd8-photos.leclercdrive.fr/image.ashx?id=2334515&use=l&cat=p&typeid=i","cat":334877},{"id":132815,"n":"Skyr Yoplait  Sur Lit Citron 0%MG - 4x100g","p":2.27,"u":"5,68 €/KG","img":"https://fd8-photos.leclercdrive.fr/image.ashx?id=2317780&use=l&cat=p&typeid=i","cat":315000},{"id":132901,"n":"AOP Jurançon blanc moelleux Tradition Royale - 75cl","p":6.5,"u":"8,67 €/L","img":"https://fd8-photos.leclercdrive.fr/image.ashx?id=2996872&use=l&cat=p&typeid=i","cat":289557},{"id":132902,"n":"AOP Sud-Ouest Jurançon  Tradition royale - 75 cl","p":5.27,"u":"7,03 €/L","img":"https://fd8-photos.leclercdrive.fr/image.ashx?id=2996875&use=l&cat=p&typeid=i","cat":289557},{"id":132924,"n":"Crème mains Le Petit Olivier Karité - 75ml","p":2.92,"u":"38,93 €/L","img":"https://fd8-photos.leclercdrive.fr/image.ashx?id=1951721&use=l&cat=p&typeid=i","cat":325354},{"id":132953,"n":"Rigottes du Troyet X6 - 180g","p":5.79,"u":"32,17 €/KG","img":"https://fd8-photos.leclercdrive.fr/image.ashx?id=1978072&use=l&cat=p&typeid=i","cat":314031},{"id":132954,"n":"Rigottes du Troyet X4 - 120g","p":4.53,"u":"37,75 €/KG","img":"https://fd8-photos.leclercdrive.fr/image.ashx?id=2862605&use=l&cat=p&typeid=i","cat":314031},{"id":132956,"n":"Barquette apéro nature 125g","p":4.99,"u":"39,92 €/KG","img":"https://fd8-photos.leclercdrive.fr/image.ashx?id=2862611&use=l&cat=p&typeid=i","cat":314031},{"id":132958,"n":"Fromage la brique du Troyet 180g","p":3.99,"u":"22,17 €/KG","img":"https://fd8-photos.leclercdrive.fr/image.ashx?id=2854648&use=l&cat=p&typeid=i","cat":314031},{"id":133039,"n":"Lessive liquide noir Epsil 25 Lavages - 1.25L","p":2.54,"u":"2,03 €/L","img":"https://fd8-photos.leclercdrive.fr/image.ashx?id=2670350&use=l&cat=p&typeid=i","cat":284640},{"id":133044,"n":"Lessive laine & soie Epsil 25 lavages - 1.25L","p":2.54,"u":"2,03 €/L","img":"https://fd8-photos.leclercdrive.fr/image.ashx?id=2842319&use=l&cat=p&typeid=i","cat":284640},{"id":133067,"n":"Baume bio Osteo+  So Bio Etic Bien être articulaire - 75ml","p":7.12,"u":"94,93 €/L","img":"https://fd8-photos.leclercdrive.fr/image.ashx?id=2644788&use=l&cat=p&typeid=i","cat":284630},{"id":133104,"n":"Séchoir tourniquet Homeside 14 pinces","p":3.69,"img":"https://fd8-photos.leclercdrive.fr/image.ashx?id=2083984&use=l&cat=p&typeid=i","cat":335909},{"id":133115,"n":"Sauce Mayomix Heinz Mix mayonnaise & ketchup - 425g","p":2.76,"u":"6,49 €/KG","img":"https://fd8-photos.leclercdrive.fr/image.ashx?id=2926936&use=l&cat=p&typeid=i","cat":318431},{"id":133121,"n":"Poisson Pané Colin Alaska Findus Céréales graines - 250g","p":3.38,"u":"13,52 €/KG","img":"https://fd8-photos.leclercdrive.fr/image.ashx?id=3008764&use=l&cat=p&typeid=i","cat":319788},{"id":133179,"n":"Yaourt protéiné Hipro Vanille 0%mg - 2x160g","p":2.18,"u":"6,81 €/KG","img":"https://fd8-photos.leclercdrive.fr/image.ashx?id=2807414&use=l&cat=p&typeid=i","cat":315000},{"id":133188,"n":"Douche crème bio So Bio Etic Surgras à l'huile de coco-650ml","p":5.66,"u":"8,71 €/L","img":"https://fd8-photos.leclercdrive.fr/image.ashx?id=2891580&use=l&cat=p&typeid=i","cat":284594},{"id":133270,"n":"Mini rollers correcteur UHU 6m x 5mm pastel - x2","p":3.66,"u":"1,83 €/P","img":"https://fd8-photos.leclercdrive.fr/image.ashx?id=2205932&use=l&cat=p&typeid=i","cat":334133},{"id":133370,"n":"Brosse à Dents Switch Signal Tête Remplaçables Souple x 1","p":7.51,"img":"https://fd8-photos.leclercdrive.fr/image.ashx?id=2453790&use=l&cat=p&typeid=i","cat":284614},{"id":133426,"n":"Capsules Nescafé Dolce Gusto Marrakech Tea - x16","p":4.48,"u":"53,98 €/KG","img":"https://fd8-photos.leclercdrive.fr/image.ashx?id=2467510&use=l&cat=p&typeid=i","cat":293239},{"id":133464,"n":"Shampooing Bio So Bio Etic Hibiscus Acide laurique - 250ml","p":4.28,"u":"17,12 €/L","img":"https://fd8-photos.leclercdrive.fr/image.ashx?id=2784959&use=l&cat=p&typeid=i","cat":284606},{"id":133475,"n":"Lait corps nourrit So Bio Etic Surgras Karité bio - 200ml","p":5.96,"u":"29,80 €/L","img":"https://fd8-photos.leclercdrive.fr/image.ashx?id=2997010&use=l&cat=p&typeid=i","cat":325349},{"id":133533,"n":"Masque Color-Vive Elsève 2x310ml","p":9.82,"u":"15,84 €/L","img":"https://fd8-photos.leclercdrive.fr/image.ashx?id=2396159&use=l&cat=p&typeid=i","cat":284608},{"id":133650,"n":"DOC Prosecco Treviso Mionetto - 75cl","p":6.94,"u":"9,25 €/L","img":"https://fd8-photos.leclercdrive.fr/image.ashx?id=3011911&use=l&cat=p&typeid=i","cat":289461},{"id":133694,"n":"Pinces à linge Bi-matière - x24","p":3.19,"img":"https://fd8-photos.leclercdrive.fr/image.ashx?id=2764483&use=l&cat=p&typeid=i","cat":335909},{"id":133748,"n":"Soda Coca-Cola - SANS SUCRES Bouteille - 6x25cl","p":5.26,"u":"3,51 €/L","img":"https://fd8-photos.leclercdrive.fr/image.ashx?id=2312308&use=l&cat=p&typeid=i","cat":284530},{"id":133768,"n":"Poêle Easy Cook'n Clean Tefal Ø32cm - 1 pièce","p":22.9,"img":"https://fd8-photos.leclercdrive.fr/image.ashx?id=2531862&use=l&cat=p&typeid=i","cat":298490},{"id":134047,"n":"Barres de céréales Lion Chocolat caramel - 12x25g","p":3.91,"u":"13,03 €/KG","img":"https://fd8-photos.leclercdrive.fr/image.ashx?id=2846787&use=l&cat=p&typeid=i","cat":285869},{"id":134117,"n":"Foie gras de canard entier  Maison Montfort - 320g","p":30.99,"u":"96,84 €/KG","img":"https://fd8-photos.leclercdrive.fr/image.ashx?id=2730997&use=l&cat=p&typeid=i","cat":316008},{"id":134121,"n":"Poivre noir moulu Eco+ 44g","p":0.55,"u":"12,50 €/KG","img":"https://fd8-photos.leclercdrive.fr/image.ashx?id=2717246&use=l&cat=p&typeid=i","cat":284457},{"id":134124,"n":"Velouté PurSoup' Liebig Poireaux pomme de terre - 1L","p":2.16,"u":"2,16 €/L","img":"https://fd8-photos.leclercdrive.fr/image.ashx?id=2864324&use=l&cat=p&typeid=i","cat":284462},{"id":134131,"n":"Soupe liquide brique Liebig  Velouté de Tomates - 1L","p":2.14,"u":"2,14 €/L","img":"https://fd8-photos.leclercdrive.fr/image.ashx?id=2759439&use=l&cat=p&typeid=i","cat":284462},{"id":134136,"n":"Rhum Spiced Clan Caribbean 35% vol - 70cl","p":13.77,"u":"19,67 €/L","img":"https://fd8-photos.leclercdrive.fr/image.ashx?id=2516044&use=l&cat=p&typeid=i","cat":284550},{"id":134144,"n":"Don Papa Masskara Base de rhum 40% vol 70cl","p":31.89,"u":"45,56 €/L","img":"https://fd8-photos.leclercdrive.fr/image.ashx?id=2858255&use=l&cat=p&typeid=i","cat":284551},{"id":134146,"n":"Biscuits Nustikao Fourrés pâte à tartiner - 200g","p":1.67,"u":"8,35 €/KG","img":"https://fd8-photos.leclercdrive.fr/image.ashx?id=2473999&use=l&cat=p&typeid=i","cat":284488},{"id":134152,"n":"Biscuits Kinder Happy Hippo Au lait et au cacao - 103,5g","p":1.66,"u":"15,96 €/KG","img":"https://fd8-photos.leclercdrive.fr/image.ashx?id=2454499&use=l&cat=p&typeid=i","cat":284488},{"id":134162,"n":"Fromage frais nature Eco+ 9%mg - 6x60g","p":0.93,"u":"2,58 €/KG","img":"https://fd8-photos.leclercdrive.fr/image.ashx?id=2722372&use=l&cat=p&typeid=i","cat":284409},{"id":134165,"n":"Yaourt à la Grecque Délisse Stracciatella - 4x150g","p":2.39,"u":"3,98 €/KG","img":"https://fd8-photos.leclercdrive.fr/image.ashx?id=2753487&use=l&cat=p&typeid=i","cat":314999},{"id":134171,"n":"Nissin soba sachet chili 111g","p":1.53,"u":"13,78 €/KG","img":"https://fd8-photos.leclercdrive.fr/image.ashx?id=2433518&use=l&cat=p&typeid=i","cat":288992},{"id":134172,"n":"Nissin soba sachet teriyaki 110g","p":1.6,"u":"14,55 €/KG","img":"https://fd8-photos.leclercdrive.fr/image.ashx?id=2433521&use=l&cat=p&typeid=i","cat":288992},{"id":134178,"n":"Sauce Sriracha Chilli Hot 215ml","p":3.19,"u":"14,84 €/L","img":"https://fd8-photos.leclercdrive.fr/image.ashx?id=2834062&use=l&cat=p&typeid=i","cat":288992},{"id":134218,"n":"Lardons fumés Tradilège Sans nitrite - 2x75g","p":1.57,"u":"10,47 €/KG","img":"https://fd8-photos.leclercdrive.fr/image.ashx?id=2965828&use=l&cat=p&typeid=i","cat":316011},{"id":134220,"n":"Allumettes nature Tradilège Sans nitrite - 2x75g","p":1.64,"u":"10,93 €/KG","img":"https://fd8-photos.leclercdrive.fr/image.ashx?id=2816669&use=l&cat=p&typeid=i","cat":316011},{"id":134223,"n":"Allumettes fumées Tradilège Sans nitrite - 2x75g","p":1.63,"u":"10,87 €/KG","img":"https://fd8-photos.leclercdrive.fr/image.ashx?id=2965825&use=l&cat=p&typeid=i","cat":316011},{"id":134249,"n":"Blé express cuisiné Ebly  Tomate et basilic - 220g","p":1.89,"u":"8,59 €/KG","img":"https://fd8-photos.leclercdrive.fr/image.ashx?id=1963877&use=l&cat=p&typeid=i","cat":287600},{"id":134257,"n":"Corn Flakes Grainéa Nature - 500g","p":2.08,"u":"4,16 €/KG","img":"https://fd8-photos.leclercdrive.fr/image.ashx?id=2939088&use=l&cat=p&typeid=i","cat":309513},{"id":134316,"n":"Goûters P'tit Déli Croc' Goût Vanille - 300g","p":1.08,"u":"3,27 €/KG","img":"https://fd8-photos.leclercdrive.fr/image.ashx?id=2708901&use=l&cat=p&typeid=i","cat":284489},{"id":134317,"n":"Biscuit Croc Break P'tit Déli Goût Chocolat - 300g","p":1.15,"u":"3,83 €/KG","img":"https://fd8-photos.leclercdrive.fr/image.ashx?id=2390431&use=l&cat=p&typeid=i","cat":284488},{"id":134318,"n":"Biscuits P'tit déli Pirates Chocolat - 2x300g","p":2.17,"u":"3,62 €/KG","img":"https://fd8-photos.leclercdrive.fr/image.ashx?id=2718614&use=l&cat=p&typeid=i","cat":284488},{"id":134331,"n":"Muesli croustillant Grainéa Chocolat noir - 500g","p":2.29,"u":"4,58 €/KG","img":"https://fd8-photos.leclercdrive.fr/image.ashx?id=2925991&use=l&cat=p&typeid=i","cat":309512},{"id":134333,"n":"Muesli croustillant Grainéa Noix - 500g","p":2.02,"u":"4,04 €/KG","img":"https://fd8-photos.leclercdrive.fr/image.ashx?id=2917662&use=l&cat=p&typeid=i","cat":309512},{"id":134336,"n":"Muesli croustillant Grainéa  Aux fruits - 500g","p":1.87,"u":"3,74 €/KG","img":"https://fd8-photos.leclercdrive.fr/image.ashx?id=2931796&use=l&cat=p&typeid=i","cat":309512},{"id":134352,"n":"Muesli croustillant Grainéa  Fraise - 500g","p":2.27,"u":"4,54 €/KG","img":"https://fd8-photos.leclercdrive.fr/image.ashx?id=2873670&use=l&cat=p&typeid=i","cat":309512},{"id":134353,"n":"Muesli croustillant Grainéa Chocolat lait - 500g","p":2.27,"u":"4,54 €/KG","img":"https://fd8-photos.leclercdrive.fr/image.ashx?id=2925994&use=l&cat=p&typeid=i","cat":309512},{"id":134398,"n":"Saucisson Fuet d'Olot 150g","p":3.17,"u":"21,13 €/KG","img":"https://fd8-photos.leclercdrive.fr/image.ashx?id=1971722&use=l&cat=p&typeid=i","cat":316006},{"id":134405,"n":"Moules de Bouchot L'Atelier Poissonnerie - 1,4kg","p":7.95,"u":"5,68 €/KG","img":"https://fd8-photos.leclercdrive.fr/image.ashx?id=2956475&use=l&cat=p&typeid=i","cat":284343},{"id":134410,"n":"Cranberries 250 g","p":3.84,"u":"15,36 €/KG","img":"https://fd8-photos.leclercdrive.fr/image.ashx?id=1963901&use=l&cat=p&typeid=i","cat":284357},{"id":134458,"n":"Fromage Camembert NRT AOP  de Normandie  - 250g","p":3.39,"u":"13,56 €/KG","img":"https://fd8-photos.leclercdrive.fr/image.ashx?id=1962719&use=l&cat=p&typeid=i","cat":314033},{"id":134534,"n":"Café en grains L'OR Absolu N° 7 1kg","p":19.05,"u":"19,05 €/KG","img":"https://fd8-photos.leclercdrive.fr/image.ashx?id=2716837&use=l&cat=p&typeid=i","cat":293237},{"id":134576,"n":"Bicarbonate de soude Biovie 500g","p":2.49,"u":"4,98 €/KG","img":"https://fd8-photos.leclercdrive.fr/image.ashx?id=2990706&use=l&cat=p&typeid=i","cat":325365},{"id":134577,"n":"Vinaigre ménager Biovie 12° - 1L","p":1.99,"u":"1,99 €/L","img":"https://fd8-photos.leclercdrive.fr/image.ashx?id=2967857&use=l&cat=p&typeid=i","cat":325365},{"id":134579,"n":"Vinaigre ménager Biovie 12° -  senteur framboise - 1L","p":2.26,"u":"2,26 €/L","img":"https://fd8-photos.leclercdrive.fr/image.ashx?id=2990712&use=l&cat=p&typeid=i","cat":325365},{"id":134631,"n":"Pommes de terre pour four purée potage Panier du Primeur - 2kg","p":2.29,"u":"1,15 €/KG","img":"https://fd8-photos.leclercdrive.fr/image.ashx?id=2959641&use=l&cat=p&typeid=i","cat":284352},{"id":134676,"n":"Friandises chien Pedigree  Schmackos multi mix x20 - 144g","p":2.19,"u":"15,21 €/KG","img":"https://fd8-photos.leclercdrive.fr/image.ashx?id=2338579&use=l&cat=p&typeid=i","cat":294527},{"id":134677,"n":"Friandise petit chien Pedigree  Os à mâcher x4 - 160g","p":2.43,"u":"15,19 €/KG","img":"https://fd8-photos.leclercdrive.fr/image.ashx?id=2997253&use=l&cat=p&typeid=i","cat":294527},{"id":134688,"n":"Compote Charles & Alice Pommes Pruneaux - 4x100g","p":1.8,"u":"4,50 €/KG","img":"https://fd8-photos.leclercdrive.fr/image.ashx?id=2757335&use=l&cat=p&typeid=i","cat":284416},{"id":134734,"n":"Boule crème chocolat Jacquot orange framboise vanille - 1kg","p":8.33,"u":"8,33 €/KG","img":"https://fd8-photos.leclercdrive.fr/image.ashx?id=2666584&use=l&cat=p&typeid=i","cat":327595},{"id":134735,"n":"Doonuts nappés Saint michel 360g","p":3.17,"u":"8,81 €/KG","img":"https://fd8-photos.leclercdrive.fr/image.ashx?id=2986275&use=l&cat=p&typeid=i","cat":284495},{"id":134742,"n":"Chili con carne Paul et Louise 400g","p":2.26,"u":"5,65 €/KG","img":"https://fd8-photos.leclercdrive.fr/image.ashx?id=3008485&use=l&cat=p&typeid=i","cat":325094},{"id":134745,"n":"Yaourt nature ECO+ 12x125g","p":1.69,"u":"1,13 €/KG","img":"https://fd8-photos.leclercdrive.fr/image.ashx?id=2791194&use=l&cat=p&typeid=i","cat":284409},{"id":134751,"n":"Boisson végétale Bio Village Riz coco bio - 1l","p":1.89,"u":"1,89 €/L","img":"https://fd8-photos.leclercdrive.fr/image.ashx?id=2352243&use=l&cat=p&typeid=i","cat":316067},{"id":134754,"n":"Café moulu Bio Village Guatémala Bio - 250g","p":4.9,"u":"19,60 €/KG","img":"https://fd8-photos.leclercdrive.fr/image.ashx?id=2468879&use=l&cat=p&typeid=i","cat":284750},{"id":134758,"n":"Compote Allégée en sucres Eco+ Coupelle pomme banane - 4x100g","p":0.58,"u":"1,45 €/KG","img":"https://fd8-photos.leclercdrive.fr/image.ashx?id=1965671&use=l&cat=p&typeid=i","cat":284508},{"id":134769,"n":"Galette de maïs Bio Village Chocolat au lait Bio - 100g","p":1.95,"u":"19,50 €/KG","img":"https://fd8-photos.leclercdrive.fr/image.ashx?id=2510636&use=l&cat=p&typeid=i","cat":318651},{"id":134770,"n":"Compote bio Bio Village Gourdes multivariétés - 12x90g","p":6.35,"u":"5,88 €/KG","img":"https://fd8-photos.leclercdrive.fr/image.ashx?id=1965920&use=l&cat=p&typeid=i","cat":284508},{"id":134773,"n":"Pur jus de citron vert - 25 cl vert - 25 cl","p":1.77,"u":"7,08 €/L","img":"https://fd8-photos.leclercdrive.fr/image.ashx?id=2140944&use=l&cat=p&typeid=i","cat":288383},{"id":134774,"n":"Pur jus de citron jaune - 50 cl jaune - 50 cl","p":2.39,"u":"4,78 €/L","img":"https://fd8-photos.leclercdrive.fr/image.ashx?id=3010449&use=l&cat=p&typeid=i","cat":288383},{"id":134775,"n":"Lait de coco Bio Village Bio - 200ml","p":1.29,"u":"6,45 €/L","img":"https://fd8-photos.leclercdrive.fr/image.ashx?id=1965929&use=l&cat=p&typeid=i","cat":288992},{"id":134777,"n":"Macaronis Bio Village Bio - 500g","p":1.19,"u":"2,38 €/KG","img":"https://fd8-photos.leclercdrive.fr/image.ashx?id=2624923&use=l&cat=p&typeid=i","cat":284429},{"id":134782,"n":"Palet breton Bio Village Bio - 125g","p":1.53,"u":"12,24 €/KG","img":"https://fd8-photos.leclercdrive.fr/image.ashx?id=2496425&use=l&cat=p&typeid=i","cat":284487},{"id":134787,"n":"Ravioli bœuf Bio village Bio 700g","p":3.7,"u":"5,29 €/KG","img":"https://fd8-photos.leclercdrive.fr/image.ashx?id=2717255&use=l&cat=p&typeid=i","cat":284442},{"id":134788,"n":"Spaghetti complets Bio Village Bio - 500g","p":0.89,"u":"1,78 €/KG","img":"https://fd8-photos.leclercdrive.fr/image.ashx?id=2503308&use=l&cat=p&typeid=i","cat":284429},{"id":134792,"n":"Thon blanc Pêche océan MSC Entier nature - France - 112g","p":2.75,"u":"24,55 €/KG","img":"https://fd8-photos.leclercdrive.fr/image.ashx?id=2942235&use=l&cat=p&typeid=i","cat":303867},{"id":134793,"n":"Toasts fins nature Epi d'Or 100g","p":1.65,"u":"16,50 €/KG","img":"https://fd8-photos.leclercdrive.fr/image.ashx?id=1965779&use=l&cat=p&typeid=i","cat":285454},{"id":134794,"n":"Toasts fins sésame Epi d'Or 100g","p":1.65,"u":"16,50 €/KG","img":"https://fd8-photos.leclercdrive.fr/image.ashx?id=1965782&use=l&cat=p&typeid=i","cat":285454},{"id":134796,"n":"Tomates entières pelées Eco+ 240g","p":0.55,"u":"2,29 €/KG","img":"https://fd8-photos.leclercdrive.fr/image.ashx?id=2762501&use=l&cat=p&typeid=i","cat":312608},{"id":134797,"n":"Tuiles goût barbecue Tokapi 170g","p":1.39,"u":"8,18 €/KG","img":"https://fd8-photos.leclercdrive.fr/image.ashx?id=2632891&use=l&cat=p&typeid=i","cat":287899},{"id":134815,"n":"Pur jus 4 agrumes Eco +  1L","p":1.43,"u":"1,43 €/L","img":"https://fd8-photos.leclercdrive.fr/image.ashx?id=2762943&use=l&cat=p&typeid=i","cat":284917},{"id":134816,"n":"Jus d'orange ABC Eco + Brique - 1L","p":1.3,"u":"1,30 €/L","img":"https://fd8-photos.leclercdrive.fr/image.ashx?id=2595049&use=l&cat=p&typeid=i","cat":284521},{"id":134829,"n":"Bière forte 7.9% Millbrau 50CL","p":0.85,"u":"1,70 €/L","img":"https://fd8-photos.leclercdrive.fr/image.ashx?id=2955578&use=l&cat=p&typeid=i","cat":334853},{"id":134856,"n":"Eau de javel Eco + 2L","p":0.63,"u":"0,32 €/L","img":"https://fd8-photos.leclercdrive.fr/image.ashx?id=3007609&use=l&cat=p&typeid=i","cat":284661},{"id":134857,"n":"Désodorisant fraîcheur Uni Vert Plantes - 200ml","p":1.95,"u":"9,75 €/L","img":"https://fd8-photos.leclercdrive.fr/image.ashx?id=2573953&use=l&cat=p&typeid=i","cat":311626},{"id":134859,"n":"Bougie végétale Insectivor Anti-moustique - 1 pièce","p":3.99,"img":"https://fd8-photos.leclercdrive.fr/image.ashx?id=1965767&use=l&cat=p&typeid=i","cat":298368},{"id":134860,"n":"Maxi carré bébé Mots d'Enfants Coton bio - x80","p":2.6,"u":"0,03 €/P","img":"https://fd8-photos.leclercdrive.fr/image.ashx?id=3014296&use=l&cat=p&typeid=i","cat":284739},{"id":134861,"n":"Maxi carré bébé Mots d'Enfants Coton bio écru - x40","p":1.37,"u":"0,03 €/P","img":"https://fd8-photos.leclercdrive.fr/image.ashx?id=3014299&use=l&cat=p&typeid=i","cat":284739},{"id":134989,"n":"Amora Cornichons Extra-Fins Bocal Croq'Vert 370g","p":2.8,"u":"7,57 €/KG","img":"https://fd8-photos.leclercdrive.fr/image.ashx?id=2670911&use=l&cat=p&typeid=i","cat":284458},{"id":135081,"n":"Joker Pur Jus Engagé  Multifruits - 1,5L","p":3.45,"u":"2,30 €/L","img":"https://fd8-photos.leclercdrive.fr/image.ashx?id=3008137&use=l&cat=p&typeid=i","cat":284917},{"id":135124,"n":"Papier cadeau Disney Mickey - 5mx70cm","p":1.8,"img":"https://fd8-photos.leclercdrive.fr/image.ashx?id=1973916&use=l&cat=p&typeid=i","cat":335914},{"id":135136,"n":"Coeur fondant chocolat Equador 2x90g","p":2.13,"u":"11,83 €/KG","img":"https://fd8-photos.leclercdrive.fr/image.ashx?id=1979707&use=l&cat=p&typeid=i","cat":284419},{"id":135179,"n":"Sauce béchamel Bridélice 50cl","p":2.65,"u":"5,30 €/L","img":"https://fd8-photos.leclercdrive.fr/image.ashx?id=2904718&use=l&cat=p&typeid=i","cat":284382},{"id":135191,"n":"Yaourt aromatisé sucré Eco+ Pack 12x125g","p":1.86,"u":"1,24 €/KG","img":"https://fd8-photos.leclercdrive.fr/image.ashx?id=2759774&use=l&cat=p&typeid=i","cat":286006},{"id":135201,"n":"Matière grasse bio St Hubert Doux 55%MG - 230g","p":2.08,"u":"9,04 €/KG","img":"https://fd8-photos.leclercdrive.fr/image.ashx?id=2886097&use=l&cat=p&typeid=i","cat":315229},{"id":135203,"n":"Yaourt nature Eco+ 4x125g","p":0.58,"u":"1,16 €/KG","img":"https://fd8-photos.leclercdrive.fr/image.ashx?id=2671789&use=l&cat=p&typeid=i","cat":284409},{"id":135246,"n":"Crème fraiche Eco+ Légère - 15% MG - 50cl","p":1.35,"u":"2,70 €/L","img":"https://fd8-photos.leclercdrive.fr/image.ashx?id=2891869&use=l&cat=p&typeid=i","cat":284381},{"id":135247,"n":"Fromage fondu Eco+ 17%mg - x10 - 200g","p":1.08,"u":"5,40 €/KG","img":"https://fd8-photos.leclercdrive.fr/image.ashx?id=2652290&use=l&cat=p&typeid=i","cat":314028},{"id":135274,"n":"Pomme de terre pour frites Panier du Primeur - 2kg","p":2.29,"u":"1,15 €/KG","img":"https://fd8-photos.leclercdrive.fr/image.ashx?id=2959737&use=l&cat=p&typeid=i","cat":284352},{"id":135278,"n":"Fromage blanc aromatisé Eco+ 2.8%MG - 12x60g","p":1.79,"u":"2,49 €/KG","img":"https://fd8-photos.leclercdrive.fr/image.ashx?id=2794817&use=l&cat=p&typeid=i","cat":284409},{"id":135279,"n":"Ail violet Panier du Primeur x3","p":2.99,"u":"1,00 €/P","img":"https://fd8-photos.leclercdrive.fr/image.ashx?id=2960520&use=l&cat=p&typeid=i","cat":284352},{"id":135282,"n":"Oignons sauciers Filière Panier du Primeur Filet 500g","p":1.49,"u":"2,98 €/KG","img":"https://fd8-photos.leclercdrive.fr/image.ashx?id=2966370&use=l&cat=p&typeid=i","cat":284352},{"id":135295,"n":"Tranchette de gouda Eco+ 28%mg - 300g","p":2.53,"u":"8,43 €/KG","img":"https://fd8-photos.leclercdrive.fr/image.ashx?id=1974470&use=l&cat=p&typeid=i","cat":314028},{"id":135296,"n":"Fromage mi-chèvre Eco+ 23%mg - 180g","p":1.65,"u":"9,17 €/KG","img":"https://fd8-photos.leclercdrive.fr/image.ashx?id=2744356&use=l&cat=p&typeid=i","cat":314031},{"id":135301,"n":"Hauts de cuisse Eco+ Poulet blanc - 1kg","p":4.49,"u":"4,49 €/KG","img":"https://fd8-photos.leclercdrive.fr/image.ashx?id=1974527&use=l&cat=p&typeid=i","cat":284336},{"id":135343,"n":"Râpé 3 fromages Les Croisés  Format familial - 350g","p":3.12,"u":"8,91 €/KG","img":"https://fd8-photos.leclercdrive.fr/image.ashx?id=2959734&use=l&cat=p&typeid=i","cat":314035},{"id":135425,"n":"Kit French tacos Old El Paso doux - 385g","p":5.8,"u":"15,06 €/KG","img":"https://fd8-photos.leclercdrive.fr/image.ashx?id=2759718&use=l&cat=p&typeid=i","cat":288993},{"id":135429,"n":"Pommes Dauphine Findus 540g","p":3.28,"u":"6,07 €/KG","img":"https://fd8-photos.leclercdrive.fr/image.ashx?id=2009954&use=l&cat=p&typeid=i","cat":319792},{"id":135444,"n":"Croco Baby -30% de sucre Haribo Sachet bonbons - 165g","p":1.85,"u":"11,21 €/KG","img":"https://fd8-photos.leclercdrive.fr/image.ashx?id=2806111&use=l&cat=p&typeid=i","cat":304250},{"id":135454,"n":"Brioche tranchée Harrys Nature sans additif Maxi - 680g","p":3.29,"u":"4,84 €/KG","img":"https://fd8-photos.leclercdrive.fr/image.ashx?id=2503022&use=l&cat=p&typeid=i","cat":284478},{"id":135456,"n":"Brioche tranchée Harrys Nature / Sans additifs - 485 g","p":2.39,"u":"4,93 €/KG","img":"https://fd8-photos.leclercdrive.fr/image.ashx?id=2503019&use=l&cat=p&typeid=i","cat":284478},{"id":135458,"n":"Brioche tranchée nature Harrys Allégée en sucre - 485g","p":3.03,"u":"6,25 €/KG","img":"https://fd8-photos.leclercdrive.fr/image.ashx?id=2503031&use=l&cat=p&typeid=i","cat":284478},{"id":135459,"n":"Brioche Tranchée Harrys Pépites de chocolat - 485g","p":2.93,"u":"6,04 €/KG","img":"https://fd8-photos.leclercdrive.fr/image.ashx?id=2503028&use=l&cat=p&typeid=i","cat":284478},{"id":135475,"n":"Fromage Persillée Saint Agur  250g","p":4.64,"u":"18,56 €/KG","img":"https://fd8-photos.leclercdrive.fr/image.ashx?id=2276759&use=l&cat=p&typeid=i","cat":314032},{"id":135476,"n":"Fromage à Tartiner Tartare  Ail et Fines Herbes - 150g","p":1.88,"u":"12,53 €/KG","img":"https://fd8-photos.leclercdrive.fr/image.ashx?id=2243365&use=l&cat=p&typeid=i","cat":314029},{"id":135481,"n":"Barres céréales Nesquik Chocolat - 12x25g","p":3.85,"u":"12,83 €/KG","img":"https://fd8-photos.leclercdrive.fr/image.ashx?id=2843225&use=l&cat=p&typeid=i","cat":285869},{"id":135599,"n":"Sel de déneigement Esco Sac 12.5kg","p":6.5,"u":"0,52 €/KG","img":"https://fd8-photos.leclercdrive.fr/image.ashx?id=1986024&use=l&cat=p&typeid=i","cat":335920},{"id":135617,"n":"Champagne G.H. Mumm  brut - 75cl","p":34.3,"pp":31.3,"u":"41,73 €/L","img":"https://fd8-photos.leclercdrive.fr/image.ashx?id=2988315&use=l&cat=p&typeid=i","cat":284542},{"id":135729,"n":"Louche trendy HOMESIDE 1 pièce","p":3.9,"img":"https://fd8-photos.leclercdrive.fr/image.ashx?id=2017608&use=l&cat=p&typeid=i","cat":334135},{"id":135731,"n":"Cuillère trendy HOMESIDE 1 pièce","p":3.9,"img":"https://fd8-photos.leclercdrive.fr/image.ashx?id=2017599&use=l&cat=p&typeid=i","cat":334135},{"id":135758,"n":"Jambon Supérieur VPF Tradilège A l'étouffée Découennéx10 -400g","p":5.09,"u":"12,73 €/KG","img":"https://fd8-photos.leclercdrive.fr/image.ashx?id=1986838&use=l&cat=p&typeid=i","cat":316009},{"id":136362,"n":"AOC Côtes du Rhône rouge Réserve de Bonpas - 75cl","p":4.95,"u":"6,60 €/L","img":"https://fd8-photos.leclercdrive.fr/image.ashx?id=2991202&use=l&cat=p&typeid=i","cat":289556},{"id":136445,"n":"Gateau marbré Savane Chocolat - 310g","p":2.58,"u":"8,32 €/KG","img":"https://fd8-photos.leclercdrive.fr/image.ashx?id=2870719&use=l&cat=p&typeid=i","cat":294776},{"id":136457,"n":"Pain grillé original Pasquier 415g","p":2.02,"u":"4,87 €/KG","img":"https://fd8-photos.leclercdrive.fr/image.ashx?id=2943957&use=l&cat=p&typeid=i","cat":284479},{"id":136579,"n":"Soupe liquide brique Liebig  Velouté de 12 légumes - 1L","p":2.05,"u":"2,05 €/L","img":"https://fd8-photos.leclercdrive.fr/image.ashx?id=2172645&use=l&cat=p&typeid=i","cat":284462},{"id":136598,"n":"Compote Bio Village Gourdes Pomme bio - 12x90g","p":5.25,"u":"4,86 €/KG","img":"https://fd8-photos.leclercdrive.fr/image.ashx?id=2330517&use=l&cat=p&typeid=i","cat":284508},{"id":136599,"n":"Eau gazeuse aromatisée Salvetat citron - 6x50cl","p":3.23,"u":"1,08 €/L","img":"https://fd8-photos.leclercdrive.fr/image.ashx?id=2259472&use=l&cat=p&typeid=i","cat":284536},{"id":136627,"n":"Pad Thai Céréal Bio  Bio repas express - 220g","p":2.52,"u":"11,45 €/KG","img":"https://fd8-photos.leclercdrive.fr/image.ashx?id=2574089&use=l&cat=p&typeid=i","cat":288992},{"id":136638,"n":"Biscuit cacao céréales Gerblé   - 160g","p":2.55,"u":"15,94 €/KG","img":"https://fd8-photos.leclercdrive.fr/image.ashx?id=2810798&use=l&cat=p&typeid=i","cat":318651},{"id":136645,"n":"Blé gourmand l'Original Ebly Cuisson 10min - 1kg","p":2.61,"u":"2,61 €/KG","img":"https://fd8-photos.leclercdrive.fr/image.ashx?id=2286278&use=l&cat=p&typeid=i","cat":284429},{"id":136659,"n":"Pâtes fraîches Spaetzle Stoeffler - 300g","p":2.73,"u":"9,10 €/KG","img":"https://fd8-photos.leclercdrive.fr/image.ashx?id=2767522&use=l&cat=p&typeid=i","cat":333682},{"id":136668,"n":"Champignons de Paris bruns Panier du Primeur - 250g","p":1.79,"u":"7,16 €/KG","img":"https://fd8-photos.leclercdrive.fr/image.ashx?id=2600255&use=l&cat=p&typeid=i","cat":284352},{"id":136670,"n":"Oignons jaunes Eco+ 1.5 Kg","p":1.69,"u":"1,13 €/KG","img":"https://fd8-photos.leclercdrive.fr/image.ashx?id=2772572&use=l&cat=p&typeid=i","cat":284352},{"id":136671,"n":"Pommes bicolores Panier Primeur HVE - Sachet 1.5kg","p":2.99,"u":"1,99 €/KG","img":"https://fd8-photos.leclercdrive.fr/image.ashx?id=2928279&use=l&cat=p&typeid=i","cat":284356},{"id":136692,"n":"Orangettes Révillon Chocolat - 185g","p":6.95,"u":"37,57 €/KG","img":"https://fd8-photos.leclercdrive.fr/image.ashx?id=2966971&use=l&cat=p&typeid=i","cat":327601},{"id":136767,"n":"Boite de chocolat Côte d'Or Bouchée au lait - 197g","p":5.82,"u":"29,54 €/KG","img":"https://fd8-photos.leclercdrive.fr/image.ashx?id=2792942&use=l&cat=p&typeid=i","cat":327595},{"id":136772,"n":"Werthers original ss chocolat 42g","p":2.36,"u":"56,19 €/KG","img":"https://fd8-photos.leclercdrive.fr/image.ashx?id=2660176&use=l&cat=p&typeid=i","cat":304252},{"id":136775,"n":"Fleur de maïs Maïzena 700g","p":2.45,"pp":1.71,"u":"2,44 €/KG","img":"https://fd8-photos.leclercdrive.fr/image.ashx?id=2328361&use=l&cat=p&typeid=i","cat":288382},{"id":136808,"n":"Biscuit pistache abricot Gerblé  - 160g","p":2.65,"u":"16,56 €/KG","img":"https://fd8-photos.leclercdrive.fr/image.ashx?id=2812711&use=l&cat=p&typeid=i","cat":318651},{"id":136813,"n":"Biscuits Bruges Delacre Boîte Assortiment - 200g","p":2.93,"u":"14,65 €/KG","img":"https://fd8-photos.leclercdrive.fr/image.ashx?id=2867966&use=l&cat=p&typeid=i","cat":284490},{"id":136907,"n":"Mini Roc Côte d'Or Chocolat au lait - 195g","p":7.49,"u":"38,41 €/KG","img":"https://fd8-photos.leclercdrive.fr/image.ashx?id=2488088&use=l&cat=p&typeid=i","cat":327595},{"id":136910,"n":"Mini Roc Côte d'Or Chocolat au noir - 195g","p":7.25,"u":"37,18 €/KG","img":"https://fd8-photos.leclercdrive.fr/image.ashx?id=2244136&use=l&cat=p&typeid=i","cat":327595},{"id":136925,"n":"Mini bouchée truffé Côte d'Or Chocolat noir - 158g","p":5.01,"u":"31,71 €/KG","img":"https://fd8-photos.leclercdrive.fr/image.ashx?id=2922173&use=l&cat=p&typeid=i","cat":327600},{"id":136933,"n":"Kit fajita Old El Paso Tomate poivrons - 500g","p":4.83,"u":"9,66 €/KG","img":"https://fd8-photos.leclercdrive.fr/image.ashx?id=2759715&use=l&cat=p&typeid=i","cat":288993},{"id":137070,"n":"Petits pois Bio Village Bio - 420g","p":2.35,"u":"5,60 €/KG","img":"https://fd8-photos.leclercdrive.fr/image.ashx?id=3002707&use=l&cat=p&typeid=i","cat":312607},{"id":137160,"n":"IGP Clémentines fines de Corse Nos régions ont du Talent - 1kg","p":5.5,"u":"5,50 €/KG","img":"https://fd8-photos.leclercdrive.fr/image.ashx?id=2934847&use=l&cat=p&typeid=i","cat":284356},{"id":137228,"n":"Sucre en poudre Saint Louis 650g","p":1.51,"u":"2,32 €/KG","img":"https://fd8-photos.leclercdrive.fr/image.ashx?id=2659936&use=l&cat=p&typeid=i","cat":284502},{"id":137244,"n":"Huile d'Olive vierge  Cauvin Extra Bio - 75cl","p":10.04,"u":"13,39 €/L","img":"https://fd8-photos.leclercdrive.fr/image.ashx?id=2498356&use=l&cat=p&typeid=i","cat":284453},{"id":137289,"n":"Yaourt à boire Ptit Yop Aromatisé Framboise - 6x180g","p":2.78,"u":"2,57 €/KG","img":"https://fd8-photos.leclercdrive.fr/image.ashx?id=2951797&use=l&cat=p&typeid=i","cat":284415},{"id":137305,"n":"Lessive concentrée Biovie Peaux sensibles 40 lavages - 2L","p":7.6,"u":"3,80 €/L","img":"https://fd8-photos.leclercdrive.fr/image.ashx?id=2849995&use=l&cat=p&typeid=i","cat":284640},{"id":137306,"n":"Lessive concentrée Biovie Lavandin - 40 lavages - 2L","p":7.39,"u":"3,70 €/L","img":"https://fd8-photos.leclercdrive.fr/image.ashx?id=2050891&use=l&cat=p&typeid=i","cat":284640},{"id":137325,"n":"Lait bébé Candia Baby  croissance 3ème âge - 6x25cl","p":3.79,"u":"2,53 €/L","img":"https://fd8-photos.leclercdrive.fr/image.ashx?id=2963346&use=l&cat=p&typeid=i","cat":284728},{"id":137382,"n":"Spray retouche L'Oréal Paris Magic Retouch Châtain Clair","p":8.32,"u":"11,09 €/L","img":"https://fd8-photos.leclercdrive.fr/image.ashx?id=2597196&use=l&cat=p&typeid=i","cat":288899},{"id":137384,"n":"Déodorant bille Men Expert Efficacité 48h - 50ml","p":2.56,"u":"51,20 €/L","img":"https://fd8-photos.leclercdrive.fr/image.ashx?id=2300512&use=l&cat=p&typeid=i","cat":284618},{"id":137388,"n":"Gel Douche Bio Sans Savon Cadum Huile d'Amandes Douces - 500ml","p":2.14,"u":"4,28 €/L","img":"https://fd8-photos.leclercdrive.fr/image.ashx?id=2575627&use=l&cat=p&typeid=i","cat":284594},{"id":137395,"n":"Huile extraordinaire Elseve Jojoba 100ml","p":10.65,"u":"106,50 €/L","img":"https://fd8-photos.leclercdrive.fr/image.ashx?id=2870674&use=l&cat=p&typeid=i","cat":284608},{"id":137413,"n":"Pommes Duchesse Findus 720g","p":3.08,"u":"4,28 €/KG","img":"https://fd8-photos.leclercdrive.fr/image.ashx?id=2888512&use=l&cat=p&typeid=i","cat":319792},{"id":137414,"n":"Pommes Étoile 720g","p":3.66,"u":"5,08 €/KG","img":"https://fd8-photos.leclercdrive.fr/image.ashx?id=2023134&use=l&cat=p&typeid=i","cat":319792},{"id":137436,"n":"Masque Protection Couleur Elsève Color-Vive - 310ml","p":5.02,"u":"16,19 €/L","img":"https://fd8-photos.leclercdrive.fr/image.ashx?id=2865875&use=l&cat=p&typeid=i","cat":284608},{"id":137437,"n":"gateau Savane Brossard Chocolat - 310g","p":2.63,"u":"8,48 €/KG","img":"https://fd8-photos.leclercdrive.fr/image.ashx?id=2976836&use=l&cat=p&typeid=i","cat":294776},{"id":137440,"n":"Maïs Bonduelle Sans Sucres Ajoutés 3x140g","p":2.14,"u":"5,10 €/KG","img":"https://fd8-photos.leclercdrive.fr/image.ashx?id=2996524&use=l&cat=p&typeid=i","cat":312611},{"id":137515,"n":"Mini Roc Côte d'Or Praline - 195g","p":7.49,"u":"38,41 €/KG","img":"https://fd8-photos.leclercdrive.fr/image.ashx?id=2924791&use=l&cat=p&typeid=i","cat":327595},{"id":137525,"n":"Galak Chocolat Noël  Moulage Renne - 88g","p":2.69,"u":"30,57 €/KG","img":"https://fd8-photos.leclercdrive.fr/image.ashx?id=2570604&use=l&cat=p&typeid=i","cat":327592},{"id":137567,"n":"Père Noel Smarties Vert - 85g","p":2.77,"u":"32,59 €/KG","img":"https://fd8-photos.leclercdrive.fr/image.ashx?id=1985745&use=l&cat=p&typeid=i","cat":284958},{"id":137578,"n":"Jambon foué Paul Predault A l'os - 4 tranches - 240g","p":3.03,"u":"12,63 €/KG","img":"https://fd8-photos.leclercdrive.fr/image.ashx?id=1987839&use=l&cat=p&typeid=i","cat":316009},{"id":137669,"n":"Croquette chiens Mix  Fido Volaille/légumes - 2.5kg","p":5.89,"u":"2,36 €/KG","img":"https://fd8-photos.leclercdrive.fr/image.ashx?id=2973309&use=l&cat=p&typeid=i","cat":284672},{"id":137680,"n":"Croquette pour chien  Fido Croq' Mix boeuf et légumes 3kg","p":6.3,"u":"2,10 €/KG","img":"https://fd8-photos.leclercdrive.fr/image.ashx?id=2973306&use=l&cat=p&typeid=i","cat":284672},{"id":137682,"n":"Croquette pour chiens Fido Mix Poulet Légumes - 12 kg","p":22.12,"u":"1,84 €/KG","img":"https://fd8-photos.leclercdrive.fr/image.ashx?id=2973300&use=l&cat=p&typeid=i","cat":284672},{"id":137686,"n":"Croquette pour chiens Fido Boeuf & légumes - 7kg","p":14.38,"u":"2,05 €/KG","img":"https://fd8-photos.leclercdrive.fr/image.ashx?id=2973297&use=l&cat=p&typeid=i","cat":284672},{"id":137700,"n":"Compote Douceur du Verger Coupelle fruits rouges -16x100g","p":4.21,"u":"2,63 €/KG","img":"https://fd8-photos.leclercdrive.fr/image.ashx?id=2663560&use=l&cat=p&typeid=i","cat":284508},{"id":137702,"n":"Compote Douceur du Verger Coupelle fruits jaunes -16x100g","p":3.97,"u":"2,48 €/KG","img":"https://fd8-photos.leclercdrive.fr/image.ashx?id=2834890&use=l&cat=p&typeid=i","cat":284508},{"id":137703,"n":"Compote Douceur du Verger Coupelle pomme - 16x100g","p":3.55,"u":"2,22 €/KG","img":"https://fd8-photos.leclercdrive.fr/image.ashx?id=2991452&use=l&cat=p&typeid=i","cat":284508},{"id":137713,"n":"Préparation Flan Entremets alsa Chocolat - 192g","p":1.96,"u":"8,45 €/KG","img":"https://fd8-photos.leclercdrive.fr/image.ashx?id=2842546&use=l&cat=p&typeid=i","cat":284505},{"id":137733,"n":"Gnocchi à Poeler Turini 700g","p":1.99,"u":"2,84 €/KG","img":"https://fd8-photos.leclercdrive.fr/image.ashx?id=2606840&use=l&cat=p&typeid=i","cat":333682},{"id":137741,"n":"Dosettes à l'ancienne Folliet  x48 - 336g","p":7.86,"u":"23,39 €/KG","img":"https://fd8-photos.leclercdrive.fr/image.ashx?id=2015645&use=l&cat=p&typeid=i","cat":293238},{"id":137742,"n":"Café en grain Folliet  À l'ancienne - 500g","p":10.99,"u":"21,98 €/KG","img":"https://fd8-photos.leclercdrive.fr/image.ashx?id=2666893&use=l&cat=p&typeid=i","cat":293237},{"id":137747,"n":"Café en grain Folliet Idéal - 1kg","p":15.6,"u":"15,60 €/KG","img":"https://fd8-photos.leclercdrive.fr/image.ashx?id=2118288&use=l&cat=p&typeid=i","cat":293237},{"id":137750,"n":"Café moulu Folliet Colombie Bio - 250g","p":5.93,"u":"23,72 €/KG","img":"https://fd8-photos.leclercdrive.fr/image.ashx?id=2015639&use=l&cat=p&typeid=i","cat":284750},{"id":137752,"n":"Café moulu Folliet Guatemala Bio - 250g","p":5.62,"u":"22,48 €/KG","img":"https://fd8-photos.leclercdrive.fr/image.ashx?id=2015642&use=l&cat=p&typeid=i","cat":284750},{"id":137757,"n":"Tarte aux poireaux Marie Gratinée à l'Emmental - 400g","p":3.33,"u":"8,33 €/KG","img":"https://fd8-photos.leclercdrive.fr/image.ashx?id=2996680&use=l&cat=p&typeid=i","cat":284257},{"id":137769,"n":"Soupe liquide brique Liebig  Poireaux Pomme de Terre 2x30cl","p":1.97,"u":"3,28 €/L","img":"https://fd8-photos.leclercdrive.fr/image.ashx?id=2864327&use=l&cat=p&typeid=i","cat":284462},{"id":137777,"n":"Haricots verts Bonduelle Extra Fins 440g","p":1.91,"u":"4,34 €/KG","img":"https://fd8-photos.leclercdrive.fr/image.ashx?id=2943927&use=l&cat=p&typeid=i","cat":312606},{"id":137855,"n":"Litière chats Tous Mes Amis Agglomérante végétale - 7L","p":5.68,"u":"0,81 €/L","img":"https://fd8-photos.leclercdrive.fr/image.ashx?id=2055226&use=l&cat=p&typeid=i","cat":284683},{"id":137860,"n":"Riz long blanchi Eco+ 1kg","p":1.22,"u":"1,22 €/KG","img":"https://fd8-photos.leclercdrive.fr/image.ashx?id=2076622&use=l&cat=p&typeid=i","cat":284428},{"id":137861,"n":"Thé noir bio Bio Village English Breakfast x20 - 36g","p":1.25,"u":"34,72 €/KG","img":"https://fd8-photos.leclercdrive.fr/image.ashx?id=1987003&use=l&cat=p&typeid=i","cat":293233},{"id":137862,"n":"Riz long étuvé Eco+ 1kg","p":1.35,"u":"1,35 €/KG","img":"https://fd8-photos.leclercdrive.fr/image.ashx?id=2076625&use=l&cat=p&typeid=i","cat":284428},{"id":137864,"n":"Riz long étuvé Eco+ 4x125g","p":0.87,"u":"1,74 €/KG","img":"https://fd8-photos.leclercdrive.fr/image.ashx?id=1991126&use=l&cat=p&typeid=i","cat":284428},{"id":137865,"n":"Compote SSA Douceur du Verger Gourdes Pomme Poire - 4x90g","p":1.23,"u":"3,42 €/KG","img":"https://fd8-photos.leclercdrive.fr/image.ashx?id=2837069&use=l&cat=p&typeid=i","cat":284508},{"id":137883,"n":"Rillettes thon Ronde des Mers 220g","p":2.64,"u":"12,00 €/KG","img":"https://fd8-photos.leclercdrive.fr/image.ashx?id=2436693&use=l&cat=p&typeid=i","cat":284451},{"id":137892,"n":"Biscottes bio Bio Village sans sel ni sucres ajoutés 100g","p":2.09,"u":"6,97 €/KG","img":"https://fd8-photos.leclercdrive.fr/image.ashx?id=1987015&use=l&cat=p&typeid=i","cat":284479},{"id":137897,"n":"Bretzels bio Bio Village 150g","p":1.99,"u":"13,27 €/KG","img":"https://fd8-photos.leclercdrive.fr/image.ashx?id=2390663&use=l&cat=p&typeid=i","cat":297000},{"id":137900,"n":"Barres de céréales Grainéa Chocolat noir x6 - 126g","p":1.39,"u":"11,03 €/KG","img":"https://fd8-photos.leclercdrive.fr/image.ashx?id=2721370&use=l&cat=p&typeid=i","cat":285869},{"id":137904,"n":"Barre de céréales Grainea 126g","p":1.39,"u":"11,03 €/KG","img":"https://fd8-photos.leclercdrive.fr/image.ashx?id=2912863&use=l&cat=p&typeid=i","cat":285869},{"id":137907,"n":"Compote Douceur du Verger Coupelle pomme mangue - 4x100g","p":1.45,"u":"3,63 €/KG","img":"https://fd8-photos.leclercdrive.fr/image.ashx?id=2663548&use=l&cat=p&typeid=i","cat":284508},{"id":137910,"n":"Compote Douceur du Verger Gourdes multivariétés - 20x90g","p":6.09,"u":"3,38 €/KG","img":"https://fd8-photos.leclercdrive.fr/image.ashx?id=2805045&use=l&cat=p&typeid=i","cat":284508},{"id":137955,"n":"Maïs ultra croquant D'Aucy 3x140g","p":2.19,"u":"5,21 €/KG","img":"https://fd8-photos.leclercdrive.fr/image.ashx?id=2429215&use=l&cat=p&typeid=i","cat":312611},{"id":137957,"n":"Maïs ultra croquant D'Aucy 285g","p":1.06,"u":"3,72 €/KG","img":"https://fd8-photos.leclercdrive.fr/image.ashx?id=2380454&use=l&cat=p&typeid=i","cat":312611},{"id":137958,"n":"Cocktail Venezzio Spritz Orange Sans alcool - 4x20cl","p":3.95,"u":"4,94 €/L","img":"https://fd8-photos.leclercdrive.fr/image.ashx?id=2896528&use=l&cat=p&typeid=i","cat":284913},{"id":137971,"n":"Carottes rapées à la Ciboulette Pierre Martinet - 510g","p":2.0,"u":"3,92 €/KG","img":"https://fd8-photos.leclercdrive.fr/image.ashx?id=2990532&use=l&cat=p&typeid=i","cat":333657},{"id":137988,"n":"Préparation Tablier Blanc Frangipane - 200g","p":2.67,"u":"13,35 €/KG","img":"https://fd8-photos.leclercdrive.fr/image.ashx?id=1990237&use=l&cat=p&typeid=i","cat":284504},{"id":138076,"n":"Foie gras de canard Delpeyrat Entier du Sud-ouest - 180 g","p":23.5,"pp":15.51,"u":"86,17 €/KG","img":"https://fd8-photos.leclercdrive.fr/image.ashx?id=2905279&use=l&cat=p&typeid=i","cat":316008},{"id":138087,"n":"Foie gras Maison Montfort Entier - Label Rouge - 250g","p":27.42,"u":"109,68 €/KG","img":"https://fd8-photos.leclercdrive.fr/image.ashx?id=2731018&use=l&cat=p&typeid=i","cat":316008},{"id":138159,"n":"Chargeur Basic' Foxter avec 2 accumulateurs","p":10.5,"u":"Dont 0,10 € d'éco-part.","img":"https://fd8-photos.leclercdrive.fr/image.ashx?id=2039000&use=l&cat=p&typeid=i","cat":300572},{"id":138160,"n":"Piles rechargeables Foxter RTU R14 3000mAh","p":7.99,"img":"https://fd8-photos.leclercdrive.fr/image.ashx?id=2034163&use=l&cat=p&typeid=i","cat":300572},{"id":138164,"n":"Piles rechargeables Foxter R20 300mAh chargé - x1","p":7.99,"img":"https://fd8-photos.leclercdrive.fr/image.ashx?id=2034166&use=l&cat=p&typeid=i","cat":300572},{"id":138199,"n":"Repas bébé Blédichef 15 mois  Colombo de riz poisson - 250g","p":1.88,"u":"7,52 €/KG","img":"https://fd8-photos.leclercdrive.fr/image.ashx?id=2951599&use=l&cat=p&typeid=i","cat":312238},{"id":138537,"n":"Coloration Casting Crème Gloss  400 Châtain Craquant","p":8.61,"img":"https://fd8-photos.leclercdrive.fr/image.ashx?id=2869080&use=l&cat=p&typeid=i","cat":288899},{"id":138595,"n":"200 Crochets métal or ou argent Coloris aléatoire - 1 pièce","p":1.0,"img":"https://fd8-photos.leclercdrive.fr/image.ashx?id=1993625&use=l&cat=p&typeid=i","cat":335913},{"id":138598,"n":"Guirlande 20 Led multicolores 1 pièce","p":1.9,"img":"https://fd8-photos.leclercdrive.fr/image.ashx?id=1993631&use=l&cat=p&typeid=i","cat":335913},{"id":138649,"n":"Guirlande 50 Led blanc chaud 1 pièce","p":2.29,"img":"https://fd8-photos.leclercdrive.fr/image.ashx?id=1993763&use=l&cat=p&typeid=i","cat":335913},{"id":138664,"n":"Guirlande 120 Led blanc chaud 1 pièce","p":7.9,"u":"Dont 0,10 € d'éco-part.","img":"https://fd8-photos.leclercdrive.fr/image.ashx?id=1993783&use=l&cat=p&typeid=i","cat":335913},{"id":138669,"n":"Masque reconstructeur Elsève Dream Long Cheveu Abîmé - 310ml","p":5.29,"u":"17,06 €/L","img":"https://fd8-photos.leclercdrive.fr/image.ashx?id=2278139&use=l&cat=p&typeid=i","cat":284608},{"id":139453,"n":"KitKat Chocolat Noël Moulage Père Noël - 85g","p":3.04,"u":"35,76 €/KG","img":"https://fd8-photos.leclercdrive.fr/image.ashx?id=2901575&use=l&cat=p&typeid=i","cat":327592},{"id":139905,"n":"Oeufs au sol Eco+ x10","p":1.78,"u":"0,18 €/P","img":"https://fd8-photos.leclercdrive.fr/image.ashx?id=2708856&use=l&cat=p&typeid=i","cat":284378},{"id":141162,"n":"Fond de veau Maggi 110g","p":2.54,"u":"23,09 €/KG","img":"https://fd8-photos.leclercdrive.fr/image.ashx?id=2917546&use=l&cat=p&typeid=i","cat":288379},{"id":141605,"n":"Roller Puressentiel Articulation&muscle (14 huiles)","p":9.2,"u":"122,67 €/L","img":"https://fd8-photos.leclercdrive.fr/image.ashx?id=2988535&use=l&cat=p&typeid=i","cat":298633},{"id":141630,"n":"Eau oxygénée Lab. Gilbert Eau stabilisée 10 vol. - 250ml","p":2.49,"u":"9,96 €/L","img":"https://fd8-photos.leclercdrive.fr/image.ashx?id=2057194&use=l&cat=p&typeid=i","cat":291163},{"id":141632,"n":"Xémose crème Uriage Relipidante Anti-irritations - 400ml","p":14.95,"u":"37,38 €/L","img":"https://fd8-photos.leclercdrive.fr/image.ashx?id=2966740&use=l&cat=p&typeid=i","cat":290421},{"id":141636,"n":"Dentifrice Bi-Fluor‚ Fluocaril Dentifrice Blancheur - 2x75ml","p":6.49,"pp":4.87,"u":"32,47 €/L","img":"https://fd8-photos.leclercdrive.fr/image.ashx?id=2770614&use=l&cat=p&typeid=i","cat":290419},{"id":141638,"n":"Huile essentielle Puressentiel Eucalyptus radié Bio - 10 ml","p":4.29,"u":"429,00 €/L","img":"https://fd8-photos.leclercdrive.fr/image.ashx?id=2003626&use=l&cat=p&typeid=i","cat":298633},{"id":141649,"n":"Vitamine C Nutrisanté 500mg 24 comprimés effervescents","p":3.5,"u":"0,15 €/P","img":"https://fd8-photos.leclercdrive.fr/image.ashx?id=2963328&use=l&cat=p&typeid=i","cat":301264},{"id":141650,"n":"Inhaleur Puressentiel 19 huiles essentielles - 1ml","p":3.99,"img":"https://fd8-photos.leclercdrive.fr/image.ashx?id=2538755&use=l&cat=p&typeid=i","cat":301256},{"id":141651,"n":"Lingettes quotidiennes Hydralin Le paquet de 10 lingettes","p":2.49,"u":"0,25 €/P","img":"https://fd8-photos.leclercdrive.fr/image.ashx?id=2003527&use=l&cat=p&typeid=i","cat":328622},{"id":141659,"n":"Baume intensif Atoderm Bioderma 500ml","p":16.2,"u":"32,40 €/L","img":"https://fd8-photos.leclercdrive.fr/image.ashx?id=2979938&use=l&cat=p&typeid=i","cat":290421},{"id":141666,"n":"Rectangles de coton Gilbert Le lot de 180 rectangles","p":3.59,"u":"0,02 €/P","img":"https://fd8-photos.leclercdrive.fr/image.ashx?id=2944131&use=l&cat=p&typeid=i","cat":291163},{"id":141667,"n":"Arkorelax Sommeil Fort 8h La boîte de 30 comprimés","p":14.32,"u":"0,48 €/P","img":"https://fd8-photos.leclercdrive.fr/image.ashx?id=2780475&use=l&cat=p&typeid=i","cat":301265},{"id":141668,"n":"Sommeil fort Arkopharma La boîte de 15 comprimés","p":9.2,"u":"0,61 €/P","img":"https://fd8-photos.leclercdrive.fr/image.ashx?id=2551324&use=l&cat=p&typeid=i","cat":301265},{"id":141669,"n":"Baume Atoderm Bioderma 500ml","p":16.99,"u":"33,98 €/L","img":"https://fd8-photos.leclercdrive.fr/image.ashx?id=2981115&use=l&cat=p&typeid=i","cat":290421},{"id":141672,"n":"D-stress 80 comprimés","p":11.49,"u":"0,14 €/P","img":"https://fd8-photos.leclercdrive.fr/image.ashx?id=2003608&use=l&cat=p&typeid=i","cat":301265},{"id":141674,"n":"Menthe poivrée bio Puressentiel Huile essentielle - 10 ml","p":4.9,"u":"490,00 €/L","img":"https://fd8-photos.leclercdrive.fr/image.ashx?id=2988544&use=l&cat=p&typeid=i","cat":298633},{"id":141676,"n":"Lavande vraie bio Puressentiel Huile essentielle - 10 ml","p":5.59,"u":"559,00 €/L","img":"https://fd8-photos.leclercdrive.fr/image.ashx?id=2988540&use=l&cat=p&typeid=i","cat":298633},{"id":141678,"n":"Huile essentielle Puressentiel Arbre à the Bio - 10 ml","p":4.9,"u":"490,00 €/L","img":"https://fd8-photos.leclercdrive.fr/image.ashx?id=2003620&use=l&cat=p&typeid=i","cat":298633},{"id":141684,"n":"Huile essentielle Puressentiel Citron Bio - 10 ml","p":3.8,"u":"380,00 €/L","img":"https://fd8-photos.leclercdrive.fr/image.ashx?id=2003623&use=l&cat=p&typeid=i","cat":298633},{"id":141692,"n":"Azinc Arkopharma La boîte de 120 gélules","p":10.5,"u":"0,09 €/P","img":"https://fd8-photos.leclercdrive.fr/image.ashx?id=2986506&use=l&cat=p&typeid=i","cat":301264},{"id":141693,"n":"Dentifrice Bi-Fluor‚ Fluocaril Dents sensibles 2x75ml","p":7.29,"pp":5.47,"u":"36,47 €/L","img":"https://fd8-photos.leclercdrive.fr/image.ashx?id=2206985&use=l&cat=p&typeid=i","cat":290419},{"id":141694,"n":"Vitamine C Nutrisanté  24 comprimés à croquer 500mg","p":3.5,"u":"0,15 €/P","img":"https://fd8-photos.leclercdrive.fr/image.ashx?id=2963325&use=l&cat=p&typeid=i","cat":301264},{"id":141697,"n":"Ultrabiotique Nutrisanté La boîte de 30 gélules","p":10.95,"u":"912,50 €/KG","img":"https://fd8-photos.leclercdrive.fr/image.ashx?id=2003713&use=l&cat=p&typeid=i","cat":301268},{"id":141702,"n":"Pâte argile verte Cattier Prête à l'emploi - 400g","p":6.5,"u":"16,25 €/KG","img":"https://fd8-photos.leclercdrive.fr/image.ashx?id=2775953&use=l&cat=p&typeid=i","cat":291165},{"id":141703,"n":"Huile lavante Uriage Flacon pompe - 1L","p":9.99,"u":"9,99 €/L","img":"https://fd8-photos.leclercdrive.fr/image.ashx?id=2768234&use=l&cat=p&typeid=i","cat":301591},{"id":141705,"n":"D-stress booster La boîte de 20 sticks","p":12.59,"u":"0,63 €/P","img":"https://fd8-photos.leclercdrive.fr/image.ashx?id=2652263&use=l&cat=p&typeid=i","cat":301265},{"id":141709,"n":"Huile Grenade Weleda Régénératrice - 100ml","p":19.9,"u":"199,00 €/L","img":"https://fd8-photos.leclercdrive.fr/image.ashx?id=2505124&use=l&cat=p&typeid=i","cat":290422},{"id":141710,"n":"Soin ultra-hydratant Saforelle Le flacon de 250ml","p":6.95,"u":"27,80 €/L","img":"https://fd8-photos.leclercdrive.fr/image.ashx?id=2003779&use=l&cat=p&typeid=i","cat":301348},{"id":141711,"n":"Huile de massage Arnica Weleda Le flacon de 100ml","p":9.99,"u":"99,90 €/L","img":"https://fd8-photos.leclercdrive.fr/image.ashx?id=2924056&use=l&cat=p&typeid=i","cat":290422},{"id":141712,"n":"Huile de massage Arnica Weleda Le flacon de 200ml","p":13.49,"u":"67,45 €/L","img":"https://fd8-photos.leclercdrive.fr/image.ashx?id=2990754&use=l&cat=p&typeid=i","cat":290422},{"id":141713,"n":"Vaseline Laboratoires Gilbert Flacon - 100ml","p":2.6,"u":"26,00 €/L","img":"https://fd8-photos.leclercdrive.fr/image.ashx?id=2057191&use=l&cat=p&typeid=i","cat":290405},{"id":141721,"n":"Alcool modifié 70% Gilbert 250ml","p":2.0,"u":"8,00 €/L","img":"https://fd8-photos.leclercdrive.fr/image.ashx?id=2087421&use=l&cat=p&typeid=i","cat":291163},{"id":141722,"n":"Bain de Bouche Parodontax Le flacon de 500ml","p":4.9,"u":"9,80 €/L","img":"https://fd8-photos.leclercdrive.fr/image.ashx?id=2536948&use=l&cat=p&typeid=i","cat":284613},{"id":141723,"n":"Soin lavant doux Saforelle Eco recharge 400ml","p":7.9,"u":"19,75 €/L","img":"https://fd8-photos.leclercdrive.fr/image.ashx?id=2003617&use=l&cat=p&typeid=i","cat":301348},{"id":141724,"n":"Soin lavant doux Saforelle Le flacon de 100ml","p":3.0,"u":"30,00 €/L","img":"https://fd8-photos.leclercdrive.fr/image.ashx?id=2003563&use=l&cat=p&typeid=i","cat":301348},{"id":141725,"n":"Soin lavant doux Saforelle Le flacon de 250ml","p":6.6,"u":"26,40 €/L","img":"https://fd8-photos.leclercdrive.fr/image.ashx?id=2003560&use=l&cat=p&typeid=i","cat":301348},{"id":141726,"n":"Soin Quotidien Hydralin Le flacon de 200ml","p":6.39,"u":"31,95 €/L","img":"https://fd8-photos.leclercdrive.fr/image.ashx?id=2905435&use=l&cat=p&typeid=i","cat":301348},{"id":141728,"n":"Hygiène du nez Sterimar 100ml","p":4.9,"u":"49,00 €/L","img":"https://fd8-photos.leclercdrive.fr/image.ashx?id=2733784&use=l&cat=p&typeid=i","cat":301256},{"id":141730,"n":"Nez bouché Sterimar Hypertonique - 100ml","p":5.8,"u":"58,00 €/L","img":"https://fd8-photos.leclercdrive.fr/image.ashx?id=2733787&use=l&cat=p&typeid=i","cat":301256},{"id":141737,"n":"Huile de soin Bi Oil 200ml","p":25.9,"u":"129,50 €/L","img":"https://fd8-photos.leclercdrive.fr/image.ashx?id=2944969&use=l&cat=p&typeid=i","cat":291159},{"id":141741,"n":"Soin lavant doux duo Saforelle Le lot de 2x250ml","p":11.88,"u":"23,76 €/L","img":"https://fd8-photos.leclercdrive.fr/image.ashx?id=2583407&use=l&cat=p&typeid=i","cat":301348},{"id":141746,"n":"Dentifrice blancheur Parodontax Le lot de 2x75ml","p":6.99,"u":"46,60 €/L","img":"https://fd8-photos.leclercdrive.fr/image.ashx?id=2536966&use=l&cat=p&typeid=i","cat":290419},{"id":141747,"n":"Bicarbonate de sodium Gilbert BoÏte - 250g","p":1.8,"u":"7,20 €/KG","img":"https://fd8-photos.leclercdrive.fr/image.ashx?id=2087415&use=l&cat=p&typeid=i","cat":291163},{"id":141757,"n":"Gel vaginal Mucogyne Le tube de 40ml","p":8.7,"u":"217,50 €/L","img":"https://fd8-photos.leclercdrive.fr/image.ashx?id=2913298&use=l&cat=p&typeid=i","cat":328622},{"id":141758,"n":"Gel dentifrice Gum Paroex 75ml","p":2.7,"u":"36,00 €/L","img":"https://fd8-photos.leclercdrive.fr/image.ashx?id=2827833&use=l&cat=p&typeid=i","cat":290419},{"id":141762,"n":"Baume du tigre rouge Le pot de 30g","p":9.09,"u":"303,00 €/KG","img":"https://fd8-photos.leclercdrive.fr/image.ashx?id=2489971&use=l&cat=p&typeid=i","cat":290421},{"id":141763,"n":"Stick lèvres Neutrogena Le lot de 3","p":6.99,"u":"2,33 €/P","img":"https://fd8-photos.leclercdrive.fr/image.ashx?id=2989315&use=l&cat=p&typeid=i","cat":291172},{"id":141764,"n":"Densitium Bi-sérum SVR 2 x 15ml","p":39.8,"img":"https://fd8-photos.leclercdrive.fr/image.ashx?id=2359474&use=l&cat=p&typeid=i","cat":291168},{"id":141769,"n":"Papier d'Arménie à la Rose Le carnet","p":3.3,"img":"https://fd8-photos.leclercdrive.fr/image.ashx?id=2057041&use=l&cat=p&typeid=i","cat":298633},{"id":141773,"n":"Rescue nuit spray Fleurs de Bach - 20ml","p":13.9,"u":"695,00 €/L","img":"https://fd8-photos.leclercdrive.fr/image.ashx?id=2003809&use=l&cat=p&typeid=i","cat":298633},{"id":141774,"n":"Rescue gouttes Fleurs de Bach - 20ml","p":13.9,"u":"695,00 €/L","img":"https://fd8-photos.leclercdrive.fr/image.ashx?id=2506639&use=l&cat=p&typeid=i","cat":298633},{"id":141775,"n":"Rescue spray Fleurs de Bach - 20ml","p":12.9,"u":"645,00 €/L","img":"https://fd8-photos.leclercdrive.fr/image.ashx?id=2003803&use=l&cat=p&typeid=i","cat":298633},{"id":142197,"n":"Poche à décorer Homeside Avec douilles - 1 pièce","p":2.9,"img":"https://fd8-photos.leclercdrive.fr/image.ashx?id=2017539&use=l&cat=p&typeid=i","cat":334135},{"id":142199,"n":"Spatule pâtisserie Homeside 1 pièce","p":1.9,"img":"https://fd8-photos.leclercdrive.fr/image.ashx?id=2017542&use=l&cat=p&typeid=i","cat":334135},{"id":142200,"n":"Planche à découper Homeside 1 pièce","p":4.0,"img":"https://fd8-photos.leclercdrive.fr/image.ashx?id=2017593&use=l&cat=p&typeid=i","cat":334135},{"id":142202,"n":"Tire Bouchon Homeside Limonadier - 1 pièce","p":1.69,"img":"https://fd8-photos.leclercdrive.fr/image.ashx?id=2017518&use=l&cat=p&typeid=i","cat":334135},{"id":142204,"n":"Allume gaz Homeside 1 pièce","p":3.99,"img":"https://fd8-photos.leclercdrive.fr/image.ashx?id=2017554&use=l&cat=p&typeid=i","cat":334135},{"id":142205,"n":"Mini piques brochettes Homeside 1 pièce","p":0.64,"img":"https://fd8-photos.leclercdrive.fr/image.ashx?id=2017503&use=l&cat=p&typeid=i","cat":334135},{"id":142206,"n":"Piques brochettes Homeside 25cm - 1 pièce","p":0.62,"img":"https://fd8-photos.leclercdrive.fr/image.ashx?id=2017500&use=l&cat=p&typeid=i","cat":334135},{"id":142207,"n":"Casse noix/crustacés Homeside 1 pièce","p":4.49,"img":"https://fd8-photos.leclercdrive.fr/image.ashx?id=2017569&use=l&cat=p&typeid=i","cat":334135},{"id":142210,"n":"Couteau à huîtres Homeside 1 pièce","p":2.1,"img":"https://fd8-photos.leclercdrive.fr/image.ashx?id=2017581&use=l&cat=p&typeid=i","cat":334135},{"id":142213,"n":"Gant de cuisine Homeside 1 pièce","p":5.5,"img":"https://fd8-photos.leclercdrive.fr/image.ashx?id=2017566&use=l&cat=p&typeid=i","cat":334135},{"id":142219,"n":"Cure-dents Homeside x2 boîtes","p":1.0,"u":"0,50 €/P","img":"https://fd8-photos.leclercdrive.fr/image.ashx?id=2026331&use=l&cat=p&typeid=i","cat":334135},{"id":142220,"n":"Cuillère à glace Homeside 1 pièce","p":3.99,"img":"https://fd8-photos.leclercdrive.fr/image.ashx?id=2017530&use=l&cat=p&typeid=i","cat":334135},{"id":142222,"n":"Râpe  Homeside 1 pièce","p":2.59,"img":"https://fd8-photos.leclercdrive.fr/image.ashx?id=2017614&use=l&cat=p&typeid=i","cat":334135},{"id":142224,"n":"Thermomètre intérieur Homeside 1 pièce","p":2.89,"img":"https://fd8-photos.leclercdrive.fr/image.ashx?id=2017563&use=l&cat=p&typeid=i","cat":334135},{"id":142228,"n":"Pailles en papier Homeside x24","p":1.05,"u":"0,04 €/P","img":"https://fd8-photos.leclercdrive.fr/image.ashx?id=2017620&use=l&cat=p&typeid=i","cat":334135},{"id":142229,"n":"Cuillère à infusion Homeside 1 pièce","p":1.49,"img":"https://fd8-photos.leclercdrive.fr/image.ashx?id=2017515&use=l&cat=p&typeid=i","cat":334135},{"id":142230,"n":"Filtre à café Homeside 1 pièce","p":2.5,"img":"https://fd8-photos.leclercdrive.fr/image.ashx?id=2017512&use=l&cat=p&typeid=i","cat":334135},{"id":142232,"n":"Caissettes à gâteaux Homeside 1 pièce","p":2.9,"img":"https://fd8-photos.leclercdrive.fr/image.ashx?id=2017524&use=l&cat=p&typeid=i","cat":334135},{"id":142429,"n":"Papier cadeau Maena Pomme de pin - 2x0.7m","p":1.25,"img":"https://fd8-photos.leclercdrive.fr/image.ashx?id=2817181&use=l&cat=p&typeid=i","cat":335914},{"id":142434,"n":"Papier cadeau Maena Sapins rouges - 2x0.7m","p":1.25,"img":"https://fd8-photos.leclercdrive.fr/image.ashx?id=2817184&use=l&cat=p&typeid=i","cat":335914},{"id":142444,"n":"Champagne brut Lanson Le Black - 75cl","p":38.51,"u":"51,35 €/L","img":"https://fd8-photos.leclercdrive.fr/image.ashx?id=2919757&use=l&cat=p&typeid=i","cat":284542},{"id":142478,"n":"12 Mini feuilletés aux escargots Romanzini - 160g","p":2.47,"u":"15,44 €/KG","img":"https://fd8-photos.leclercdrive.fr/image.ashx?id=2808778&use=l&cat=p&typeid=i","cat":316003},{"id":142772,"n":"Vinaigre Elise & Félicie Pulpe de mangue - 250ml","p":6.14,"u":"24,56 €/L","img":"https://fd8-photos.leclercdrive.fr/image.ashx?id=2030627&use=l&cat=p&typeid=i","cat":298543},{"id":142773,"n":"Vinaigre Elise & Felicie Pulpe de framboise - 250ml","p":7.36,"u":"29,44 €/L","img":"https://fd8-photos.leclercdrive.fr/image.ashx?id=2030630&use=l&cat=p&typeid=i","cat":298543},{"id":142775,"n":"Vinaigre Elise & Félicie Pulpe de citron - 250ml","p":6.47,"u":"25,88 €/L","img":"https://fd8-photos.leclercdrive.fr/image.ashx?id=2030633&use=l&cat=p&typeid=i","cat":298543},{"id":142776,"n":"Vinaigre Elise & Félicie Pulpe d'oignon rouge - 250ml","p":6.18,"u":"24,72 €/L","img":"https://fd8-photos.leclercdrive.fr/image.ashx?id=2030636&use=l&cat=p&typeid=i","cat":298543},{"id":142777,"n":"Huile d'olive AOP Elise & Felicie - 500ml","p":11.65,"u":"23,30 €/L","img":"https://fd8-photos.leclercdrive.fr/image.ashx?id=2030639&use=l&cat=p&typeid=i","cat":284453},{"id":142779,"n":"Huile de noix Elise & Félicie 250 ml","p":8.99,"u":"35,96 €/L","img":"https://fd8-photos.leclercdrive.fr/image.ashx?id=2030642&use=l&cat=p&typeid=i","cat":284453},{"id":142781,"n":"Huile de truffe Elise & Felicie 250ml","p":9.11,"u":"36,44 €/L","img":"https://fd8-photos.leclercdrive.fr/image.ashx?id=2030645&use=l&cat=p&typeid=i","cat":284453},{"id":142853,"n":"Blanc de poulet Fleury Michon Halal - x8 - 240g","p":3.93,"u":"16,38 €/KG","img":"https://fd8-photos.leclercdrive.fr/image.ashx?id=2886720&use=l&cat=p&typeid=i","cat":316013},{"id":142999,"n":"Cassolette saint jacques Tipiak Royale - 2x110g","p":7.79,"u":"35,41 €/KG","img":"https://fd8-photos.leclercdrive.fr/image.ashx?id=2798096&use=l&cat=p&typeid=i","cat":319775},{"id":143001,"n":"Dosettes café Plantation CLassique - x60 - 416g","p":6.09,"u":"14,64 €/KG","img":"https://fd8-photos.leclercdrive.fr/image.ashx?id=2824289&use=l&cat=p&typeid=i","cat":293238},{"id":143037,"n":"Toast apéro Pasquier Campagne - 100g","p":1.64,"u":"16,40 €/KG","img":"https://fd8-photos.leclercdrive.fr/image.ashx?id=2600674&use=l&cat=p&typeid=i","cat":285454},{"id":143210,"n":"Pain d'épices Maison Montfort Pur miel - 150g","p":4.6,"u":"30,67 €/KG","img":"https://fd8-photos.leclercdrive.fr/image.ashx?id=2770389&use=l&cat=p&typeid=i","cat":316008},{"id":143237,"n":"Piles Eco+ AAA/LR3 - x8","p":1.27,"img":"https://fd8-photos.leclercdrive.fr/image.ashx?id=2036221&use=l&cat=p&typeid=i","cat":300572},{"id":143238,"n":"Piles Eco+ AA/LR06 - x8","p":1.27,"img":"https://fd8-photos.leclercdrive.fr/image.ashx?id=2036224&use=l&cat=p&typeid=i","cat":300572},{"id":143344,"n":"Biscottes Eco+ 90 tranches - 750g","p":2.08,"u":"2,77 €/KG","img":"https://fd8-photos.leclercdrive.fr/image.ashx?id=2662580&use=l&cat=p&typeid=i","cat":284479},{"id":143345,"n":"Biscottes Epi d'Or x108 - 900g","p":2.52,"u":"2,80 €/KG","img":"https://fd8-photos.leclercdrive.fr/image.ashx?id=2532847&use=l&cat=p&typeid=i","cat":284479},{"id":143347,"n":"Boisson instantanée cacao Tablette d'Or - 400g","p":1.95,"u":"4,88 €/KG","img":"https://fd8-photos.leclercdrive.fr/image.ashx?id=2038717&use=l&cat=p&typeid=i","cat":293235},{"id":143477,"n":"Dessert liégeois Viennois  Café - 4x100g","p":1.58,"u":"3,95 €/KG","img":"https://fd8-photos.leclercdrive.fr/image.ashx?id=2692110&use=l&cat=p&typeid=i","cat":285042},{"id":143478,"n":"Dessert liégeois Viennois  Chocolat - 4x100g","p":1.58,"u":"3,95 €/KG","img":"https://fd8-photos.leclercdrive.fr/image.ashx?id=2849689&use=l&cat=p&typeid=i","cat":285042},{"id":143504,"n":"Capsules L'Origine du Goût Guatemala Décaféiné - x10 - 52g","p":2.59,"u":"49,81 €/KG","img":"https://fd8-photos.leclercdrive.fr/image.ashx?id=2841762&use=l&cat=p&typeid=i","cat":284749},{"id":143528,"n":"Dessert liégeois Viennois  Panaché Chocolat Café - 8x100g","p":2.88,"u":"3,60 €/KG","img":"https://fd8-photos.leclercdrive.fr/image.ashx?id=2675298&use=l&cat=p&typeid=i","cat":285042},{"id":143584,"n":"Fleur de sel et poivre noir  Delpeyrat - 25g","p":2.5,"u":"100,00 €/KG","img":"https://fd8-photos.leclercdrive.fr/image.ashx?id=2029634&use=l&cat=p&typeid=i","cat":284457},{"id":143602,"n":"Barres de céréales Grainéa Chocolat lait, noisette x6-126g","p":1.63,"u":"12,94 €/KG","img":"https://fd8-photos.leclercdrive.fr/image.ashx?id=2912875&use=l&cat=p&typeid=i","cat":285869},{"id":143603,"n":"Barre de céréales Grainéa Fruits rouges x6 - 126g","p":1.4,"u":"11,11 €/KG","img":"https://fd8-photos.leclercdrive.fr/image.ashx?id=2912869&use=l&cat=p&typeid=i","cat":285869},{"id":143605,"n":"Barre de céréales Chocolat au lait & coco - 126g","p":1.7,"u":"13,49 €/KG","img":"https://fd8-photos.leclercdrive.fr/image.ashx?id=2912872&use=l&cat=p&typeid=i","cat":285869},{"id":143723,"n":"Givre de sel Delpeyrat et piment d'espelette - 25g","p":2.5,"u":"100,00 €/KG","img":"https://fd8-photos.leclercdrive.fr/image.ashx?id=2812675&use=l&cat=p&typeid=i","cat":305149},{"id":143741,"n":"Bloc foie gras canard Larnaudie 50% morceaux - 450g","p":52.6,"u":"116,89 €/KG","img":"https://fd8-photos.leclercdrive.fr/image.ashx?id=2915772&use=l&cat=p&typeid=i","cat":316008},{"id":143744,"n":"Chutney d'abricot Labeyrie 50g","p":1.75,"u":"35,00 €/KG","img":"https://fd8-photos.leclercdrive.fr/image.ashx?id=2185208&use=l&cat=p&typeid=i","cat":316008},{"id":143807,"n":"Foie gras canard Larnaudie Origine france entier - 220g","p":33.82,"u":"153,73 €/KG","img":"https://fd8-photos.leclercdrive.fr/image.ashx?id=2916779&use=l&cat=p&typeid=i","cat":316008},{"id":143812,"n":"Tomates farcies Marie Riz à la tomate - 360g","p":3.79,"u":"10,53 €/KG","img":"https://fd8-photos.leclercdrive.fr/image.ashx?id=2317483&use=l&cat=p&typeid=i","cat":333665},{"id":144144,"n":"Foie gras de canard Delpeyrat Sud-Ouest Terroir - Bocal 180g","p":23.5,"pp":15.51,"u":"86,17 €/KG","img":"https://fd8-photos.leclercdrive.fr/image.ashx?id=2905282&use=l&cat=p&typeid=i","cat":316008},{"id":144188,"n":"Bloc foie gras Delpeyrat Sud-ouest 30% morceaux 300g","p":23.5,"pp":15.51,"u":"51,70 €/KG","img":"https://fd8-photos.leclercdrive.fr/image.ashx?id=2905288&use=l&cat=p&typeid=i","cat":316008},{"id":144367,"n":"Copeaux savon Marseille  UNI VERT - 750g","p":3.9,"u":"5,20 €/KG","img":"https://fd8-photos.leclercdrive.fr/image.ashx?id=2574470&use=l&cat=p&typeid=i","cat":325365},{"id":144422,"n":"Lot toast ronds Jacquet Nature - 2x250g","p":2.71,"u":"5,42 €/KG","img":"https://fd8-photos.leclercdrive.fr/image.ashx?id=2741343&use=l&cat=p&typeid=i","cat":285454},{"id":144423,"n":"Lot toast ronds Jacquet Foie gras - 500g","p":2.77,"u":"5,54 €/KG","img":"https://fd8-photos.leclercdrive.fr/image.ashx?id=2741346&use=l&cat=p&typeid=i","cat":285454},{"id":144475,"n":"Compote Charles & Alice Pommes - 8x100g","p":2.71,"u":"3,39 €/KG","img":"https://fd8-photos.leclercdrive.fr/image.ashx?id=2757689&use=l&cat=p&typeid=i","cat":284416},{"id":144715,"n":"Mini-beurre Paysan Breton Doux x20 - 82%MG - 200g","p":2.99,"pp":2.09,"u":"10,45 €/KG","img":"https://fd8-photos.leclercdrive.fr/image.ashx?id=2774568&use=l&cat=p&typeid=i","cat":284379},{"id":144773,"n":"Yaourt ferments lactiques Alsa 4 sachets - 8g","p":2.76,"u":"345,00 €/KG","img":"https://fd8-photos.leclercdrive.fr/image.ashx?id=2813875&use=l&cat=p&typeid=i","cat":284505},{"id":144781,"n":"Pizza XXL Turini Boeuf Cheddar - 530g","p":4.19,"u":"7,91 €/KG","img":"https://fd8-photos.leclercdrive.fr/image.ashx?id=2905934&use=l&cat=p&typeid=i","cat":333679},{"id":144799,"n":"Préparation de figues 350g","p":4.89,"u":"13,97 €/KG","img":"https://fd8-photos.leclercdrive.fr/image.ashx?id=2099213&use=l&cat=p&typeid=i","cat":284480},{"id":144834,"n":"Dosettes café Plantation  Corsé - x60 - 417g","p":5.79,"u":"13,88 €/KG","img":"https://fd8-photos.leclercdrive.fr/image.ashx?id=2824292&use=l&cat=p&typeid=i","cat":293238},{"id":144845,"n":"Lait Empresuré chocolat Laiterie de Saint Malo 4x125g","p":2.09,"u":"4,18 €/KG","img":"https://fd8-photos.leclercdrive.fr/image.ashx?id=2908612&use=l&cat=p&typeid=i","cat":285041},{"id":144846,"n":"Dessert gourmand Mamie Nova Tiramisu cappuccino - 2x85g","p":2.24,"u":"13,18 €/KG","img":"https://fd8-photos.leclercdrive.fr/image.ashx?id=2921316&use=l&cat=p&typeid=i","cat":284419},{"id":144929,"n":"Yaourt brassé Perle de Lait Citron - 8x125g","p":3.67,"u":"3,67 €/KG","img":"https://fd8-photos.leclercdrive.fr/image.ashx?id=2990550&use=l&cat=p&typeid=i","cat":286006},{"id":145056,"n":"Duo raclette Le Montagnon Lait cru et morbier - 2x200g","p":9.6,"u":"24,00 €/KG","img":"https://fd8-photos.leclercdrive.fr/image.ashx?id=2595251&use=l&cat=p&typeid=i","cat":314036},{"id":145109,"n":"Rasoir 3 lames Gillette Fusion 5 - 1 pièce","p":13.51,"img":"https://fd8-photos.leclercdrive.fr/image.ashx?id=2542621&use=l&cat=p&typeid=i","cat":284616},{"id":145115,"n":"Anti-moustiques Labo Marie Rose Répulsif & apaisant 6h - 100ml","p":5.85,"u":"58,50 €/L","img":"https://fd8-photos.leclercdrive.fr/image.ashx?id=2666743&use=l&cat=p&typeid=i","cat":299654},{"id":145117,"n":"Coupe-ongles Mercurochrome 1 pièce","p":5.42,"img":"https://fd8-photos.leclercdrive.fr/image.ashx?id=2665616&use=l&cat=p&typeid=i","cat":325354},{"id":145121,"n":"Préservatifs Classic Intimy Lubrifiés - x28","p":10.63,"u":"0,38 €/P","img":"https://fd8-photos.leclercdrive.fr/image.ashx?id=2927324&use=l&cat=p&typeid=i","cat":284631},{"id":145130,"n":"Rasoir Gillette Skinguard Sensitive aloé vera - 1 pièce","p":14.37,"img":"https://fd8-photos.leclercdrive.fr/image.ashx?id=2569914&use=l&cat=p&typeid=i","cat":284616},{"id":145209,"n":"Pomme de terre grenailles bio Bio Village - 750g","p":1.99,"u":"2,65 €/KG","img":"https://fd8-photos.leclercdrive.fr/image.ashx?id=2960574&use=l&cat=p&typeid=i","cat":284352},{"id":145232,"n":"Anti-moustiques 7h Marie-Rose aux huiles essentielles - 100ml","p":7.61,"u":"76,10 €/L","img":"https://fd8-photos.leclercdrive.fr/image.ashx?id=2921534&use=l&cat=p&typeid=i","cat":299654},{"id":145255,"n":"Ciseaux à ongles Mercurochrome 1 pièce","p":3.8,"img":"https://fd8-photos.leclercdrive.fr/image.ashx?id=2788493&use=l&cat=p&typeid=i","cat":325354},{"id":145269,"n":"Feuilletés Tomate Mozzarella Côté Table - 2x130g","p":2.89,"u":"11,12 €/KG","img":"https://fd8-photos.leclercdrive.fr/image.ashx?id=2036278&use=l&cat=p&typeid=i","cat":333671},{"id":145349,"n":"Purée Douceur du Verger Pomme banane - x4 - 400g","p":1.41,"u":"3,53 €/KG","img":"https://fd8-photos.leclercdrive.fr/image.ashx?id=2036728&use=l&cat=p&typeid=i","cat":284416},{"id":145355,"n":"Purée Douceur du Verger Pomme fraise - x4 - 400g","p":1.3,"u":"3,25 €/KG","img":"https://fd8-photos.leclercdrive.fr/image.ashx?id=2036806&use=l&cat=p&typeid=i","cat":284416},{"id":145359,"n":"Grana Padano Bio Village Rapé Bio - 40g","p":1.27,"u":"31,75 €/KG","img":"https://fd8-photos.leclercdrive.fr/image.ashx?id=2036815&use=l&cat=p&typeid=i","cat":314035},{"id":145366,"n":"Rapé 3 fromages Bio Village Bio - 200g","p":2.59,"u":"12,95 €/KG","img":"https://fd8-photos.leclercdrive.fr/image.ashx?id=2036821&use=l&cat=p&typeid=i","cat":314035},{"id":145409,"n":"Noisettes Bio Village Bio Décortiquées - 125g","p":2.36,"u":"18,88 €/KG","img":"https://fd8-photos.leclercdrive.fr/image.ashx?id=2036865&use=l&cat=p&typeid=i","cat":284357},{"id":145410,"n":"Amandes grillées Couleurs Vives Décortiquées - non salé - 250g","p":3.47,"u":"13,88 €/KG","img":"https://fd8-photos.leclercdrive.fr/image.ashx?id=2542929&use=l&cat=p&typeid=i","cat":284357},{"id":145411,"n":"Filet de cabillaud Pêche Océan MSC - x4 - 400g","p":7.89,"u":"19,73 €/KG","img":"https://fd8-photos.leclercdrive.fr/image.ashx?id=2930129&use=l&cat=p&typeid=i","cat":319786},{"id":145491,"n":"Peau chamoisée multiusage Tech9 Taille S - 30x45cm - 1 pièce","p":5.45,"img":"https://fd8-photos.leclercdrive.fr/image.ashx?id=2068417&use=l&cat=p&typeid=i","cat":298252},{"id":145500,"n":"Chips extra croquante Vico 150g","p":1.1,"u":"7,33 €/KG","img":"https://fd8-photos.leclercdrive.fr/image.ashx?id=2917822&use=l&cat=p&typeid=i","cat":284447},{"id":145513,"n":"Fond de veau Kubor Maggi Dégraissé - 100g","p":2.65,"u":"26,50 €/KG","img":"https://fd8-photos.leclercdrive.fr/image.ashx?id=2917540&use=l&cat=p&typeid=i","cat":288379},{"id":145516,"n":"Gourde bébé bio Bio Village Pomme poire vanille - 4x90g","p":2.79,"u":"7,75 €/KG","img":"https://fd8-photos.leclercdrive.fr/image.ashx?id=2704867&use=l&cat=p&typeid=i","cat":312393},{"id":145556,"n":"Crêpes Whaou Chocolat cracky - x15 - 480g","p":4.06,"u":"8,46 €/KG","img":"https://fd8-photos.leclercdrive.fr/image.ashx?id=2971032&use=l&cat=p&typeid=i","cat":284494},{"id":145559,"n":"Fond de volaille Maggi 110g","p":2.95,"u":"26,82 €/KG","img":"https://fd8-photos.leclercdrive.fr/image.ashx?id=2917549&use=l&cat=p&typeid=i","cat":288379},{"id":145560,"n":"Frites rustique Pom'lisse 600g","p":1.99,"u":"3,32 €/KG","img":"https://fd8-photos.leclercdrive.fr/image.ashx?id=2770690&use=l&cat=p&typeid=i","cat":319791},{"id":145563,"n":"Sirop d'érable bio Bio Village 250g","p":4.15,"u":"16,60 €/KG","img":"https://fd8-photos.leclercdrive.fr/image.ashx?id=2037860&use=l&cat=p&typeid=i","cat":287643},{"id":145583,"n":"Eau nettoyante Mots d'Enfants bébé bio - 750ml","p":3.99,"u":"5,32 €/L","img":"https://fd8-photos.leclercdrive.fr/image.ashx?id=3014251&use=l&cat=p&typeid=i","cat":284741},{"id":145598,"n":"Gourde bébé bio Bio Village Pomme Banane Myrtille - 4x90g","p":2.79,"u":"7,75 €/KG","img":"https://fd8-photos.leclercdrive.fr/image.ashx?id=2878759&use=l&cat=p&typeid=i","cat":312393},{"id":145674,"n":"Gélifiant Confiture Alsa x5 - 188g","p":3.67,"u":"19,52 €/KG","img":"https://fd8-photos.leclercdrive.fr/image.ashx?id=2746151&use=l&cat=p&typeid=i","cat":284504},{"id":145678,"n":"Désodorisant recharge Febreze Rosé du matin - x1 - 20ml","p":4.15,"u":"207,50 €/L","img":"https://fd8-photos.leclercdrive.fr/image.ashx?id=2145094&use=l&cat=p&typeid=i","cat":311629},{"id":145881,"n":"Coulis de tomate NRT De Provence - 400g","p":1.31,"u":"3,28 €/KG","img":"https://fd8-photos.leclercdrive.fr/image.ashx?id=2840001&use=l&cat=p&typeid=i","cat":288384},{"id":145883,"n":"Sauce Provencale NRT Aux tomates - 400g","p":1.92,"u":"4,80 €/KG","img":"https://fd8-photos.leclercdrive.fr/image.ashx?id=2840004&use=l&cat=p&typeid=i","cat":288384},{"id":145901,"n":"Film fraîcheur Albal Découpe Facile - 20m","p":1.91,"img":"https://fd8-photos.leclercdrive.fr/image.ashx?id=2551456&use=l&cat=p&typeid=i","cat":334134},{"id":146060,"n":"Gazpacho L'Original Alvalle 1L","p":3.56,"u":"3,56 €/L","img":"https://fd8-photos.leclercdrive.fr/image.ashx?id=2672047&use=l&cat=p&typeid=i","cat":284355},{"id":146329,"n":"Yaourts Bio Village Bio - Au jus de citron - 4x125g","p":1.84,"u":"3,68 €/KG","img":"https://fd8-photos.leclercdrive.fr/image.ashx?id=2765849&use=l&cat=p&typeid=i","cat":286006},{"id":146330,"n":"Yaourts brassés Bio Village Fruits rouges bio - 8x125g","p":3.35,"u":"3,35 €/KG","img":"https://fd8-photos.leclercdrive.fr/image.ashx?id=2706670&use=l&cat=p&typeid=i","cat":284410},{"id":146366,"n":"Quiche Lorraine Marie Pur beurre - 400g","p":3.55,"u":"8,88 €/KG","img":"https://fd8-photos.leclercdrive.fr/image.ashx?id=2996674&use=l&cat=p&typeid=i","cat":284257},{"id":146397,"n":"Infusion Les 2 Marmottes Fée Nuit - 50g","p":5.04,"u":"100,80 €/KG","img":"https://fd8-photos.leclercdrive.fr/image.ashx?id=2833603&use=l&cat=p&typeid=i","cat":293234},{"id":146404,"n":"Recharges chlorophylle 4x1kg","p":13.99,"u":"3,50 €/KG","img":"https://fd8-photos.leclercdrive.fr/image.ashx?id=2042691&use=l&cat=p&typeid=i","cat":300576},{"id":146412,"n":"Infusion bio Jardin Bio Digestion légère x20 - 30g","p":2.62,"u":"87,33 €/KG","img":"https://fd8-photos.leclercdrive.fr/image.ashx?id=2792603&use=l&cat=p&typeid=i","cat":293234},{"id":146413,"n":"Infusion bio Jardin Bio Détente sommeil x20 - 30g","p":2.43,"u":"81,00 €/KG","img":"https://fd8-photos.leclercdrive.fr/image.ashx?id=3011449&use=l&cat=p&typeid=i","cat":293234},{"id":146415,"n":"Infusion Jardin Bio Bio digestion - x20 - 30g","p":2.49,"u":"83,00 €/KG","img":"https://fd8-photos.leclercdrive.fr/image.ashx?id=2792615&use=l&cat=p&typeid=i","cat":293234},{"id":146417,"n":"Infusion Jardin Bio Bio Thym citron - 30g - x20","p":2.58,"u":"86,00 €/KG","img":"https://fd8-photos.leclercdrive.fr/image.ashx?id=2792621&use=l&cat=p&typeid=i","cat":293234},{"id":146418,"n":"Infusion Jardin Bio Bio ventre plat - x20 - 30g","p":2.5,"u":"83,33 €/KG","img":"https://fd8-photos.leclercdrive.fr/image.ashx?id=2986564&use=l&cat=p&typeid=i","cat":293234},{"id":146419,"n":"Infusion Jardin Bio Bio bruleur de graisse x20 -30g","p":2.36,"u":"78,67 €/KG","img":"https://fd8-photos.leclercdrive.fr/image.ashx?id=2968322&use=l&cat=p&typeid=i","cat":293234},{"id":146421,"n":"Infusion Jardin Bio Bio detox - x20 - 30g","p":2.54,"u":"84,67 €/KG","img":"https://fd8-photos.leclercdrive.fr/image.ashx?id=2792630&use=l&cat=p&typeid=i","cat":293234},{"id":146422,"n":"Thé vert Jardin Bio Bio minceur - x20 - 30g","p":2.66,"u":"88,67 €/KG","img":"https://fd8-photos.leclercdrive.fr/image.ashx?id=2948066&use=l&cat=p&typeid=i","cat":293233},{"id":146425,"n":"Thé Jardin Bio Bio détox - x20 - 30g","p":2.48,"u":"82,67 €/KG","img":"https://fd8-photos.leclercdrive.fr/image.ashx?id=2578205&use=l&cat=p&typeid=i","cat":293233},{"id":146426,"n":"Thé vert bio Jardin Bio Gingembre citron vert x20 - 30g","p":2.53,"u":"84,33 €/KG","img":"https://fd8-photos.leclercdrive.fr/image.ashx?id=3011452&use=l&cat=p&typeid=i","cat":293233},{"id":146494,"n":"Ramen Kimchi Tanoshi 360g","p":2.99,"u":"8,31 €/KG","img":"https://fd8-photos.leclercdrive.fr/image.ashx?id=2046741&use=l&cat=p&typeid=i","cat":288992},{"id":146499,"n":"Ramen Bulgogi Tanoshi 366g","p":2.99,"u":"8,17 €/KG","img":"https://fd8-photos.leclercdrive.fr/image.ashx?id=2922998&use=l&cat=p&typeid=i","cat":288992},{"id":146739,"n":"Maïs Bonduelle Sans Résidu Pesticides - 3x140g","p":2.29,"u":"5,45 €/KG","img":"https://fd8-photos.leclercdrive.fr/image.ashx?id=2913133&use=l&cat=p&typeid=i","cat":312611},{"id":146743,"n":"Burger Creation Nature Jacquet x4 260g","p":1.89,"u":"7,27 €/KG","img":"https://fd8-photos.leclercdrive.fr/image.ashx?id=2991858&use=l&cat=p&typeid=i","cat":325067},{"id":146895,"n":"Lait concentré Régilait non sucré - 410g","p":1.69,"u":"4,12 €/KG","img":"https://fd8-photos.leclercdrive.fr/image.ashx?id=2405866&use=l&cat=p&typeid=i","cat":293236},{"id":147002,"n":"Feuilleté de Mousse La Laitière Chocolat - 4x57g","p":1.7,"u":"7,46 €/KG","img":"https://fd8-photos.leclercdrive.fr/image.ashx?id=2858594&use=l&cat=p&typeid=i","cat":284417},{"id":147003,"n":"Feuilleté de Mousse La Laitière Vanille - 4x57g","p":1.72,"u":"7,54 €/KG","img":"https://fd8-photos.leclercdrive.fr/image.ashx?id=2764511&use=l&cat=p&typeid=i","cat":284417},{"id":147009,"n":"Chewing-gum Mentos Pure Fresh  Fraise sans sucres - 100g","p":4.35,"u":"43,50 €/KG","img":"https://fd8-photos.leclercdrive.fr/image.ashx?id=2659804&use=l&cat=p&typeid=i","cat":304251},{"id":147024,"n":"Raviolis farcis Ajinomoto Gyoza poulet légumes - 400g","p":5.97,"u":"14,93 €/KG","img":"https://fd8-photos.leclercdrive.fr/image.ashx?id=2590294&use=l&cat=p&typeid=i","cat":284254},{"id":147067,"n":"Gyoza Boeuf et Légumes Ajinomoto - 212g","p":4.16,"u":"19,62 €/KG","img":"https://fd8-photos.leclercdrive.fr/image.ashx?id=2590628&use=l&cat=p&typeid=i","cat":319774},{"id":147076,"n":"Bouillon Cube Maggi Volaille - 80g","p":0.88,"u":"11,00 €/KG","img":"https://fd8-photos.leclercdrive.fr/image.ashx?id=2737036&use=l&cat=p&typeid=i","cat":288379},{"id":147119,"n":"Lave glace Tech 9 -20°C - 5L","p":5.99,"u":"1,20 €/L","img":"https://fd8-photos.leclercdrive.fr/image.ashx?id=2054896&use=l&cat=p&typeid=i","cat":298252},{"id":147127,"n":"Spray dégraissant Clair Savon noir - 750ml","p":2.05,"u":"2,73 €/L","img":"https://fd8-photos.leclercdrive.fr/image.ashx?id=2840389&use=l&cat=p&typeid=i","cat":325357},{"id":147175,"n":"Brossettes 3D White Oral B Cleanmaximiser - 2x2 brossettes","p":17.9,"u":"4,48 €/P","img":"https://fd8-photos.leclercdrive.fr/image.ashx?id=2498440&use=l&cat=p&typeid=i","cat":297133},{"id":147190,"n":"Filet de poulet Maitre Coq Blanc - 720g","p":9.59,"u":"13,32 €/KG","img":"https://fd8-photos.leclercdrive.fr/image.ashx?id=2855139&use=l&cat=p&typeid=i","cat":284336},{"id":147194,"n":"Haut de cuisse Maitre Coq Poulet blanc nourri au blé 750g","p":4.48,"u":"5,97 €/KG","img":"https://fd8-photos.leclercdrive.fr/image.ashx?id=2855882&use=l&cat=p&typeid=i","cat":284336},{"id":147196,"n":"Pilon de poulet Maitre Coq Blanc - Nourri au blé - 750g","p":4.63,"u":"6,17 €/KG","img":"https://fd8-photos.leclercdrive.fr/image.ashx?id=2855522&use=l&cat=p&typeid=i","cat":284336},{"id":147200,"n":"Escargot de Bourgogne surgelé L'origine du goût x24 - 220g","p":11.99,"u":"54,50 €/KG","img":"https://fd8-photos.leclercdrive.fr/image.ashx?id=2809882&use=l&cat=p&typeid=i","cat":319775},{"id":147224,"n":"Capsules Nescafé Dolce Gusto  Espresso - x30","p":7.63,"u":"46,24 €/KG","img":"https://fd8-photos.leclercdrive.fr/image.ashx?id=2737105&use=l&cat=p&typeid=i","cat":293239},{"id":147237,"n":"Compote Douceur du Verger    Bocal pomme morceaux - 730g","p":1.74,"u":"2,38 €/KG","img":"https://fd8-photos.leclercdrive.fr/image.ashx?id=2663563&use=l&cat=p&typeid=i","cat":284508},{"id":147248,"n":"Muesli  Grainea chocolat Noisette 350g","p":2.84,"u":"8,11 €/KG","img":"https://fd8-photos.leclercdrive.fr/image.ashx?id=2077358&use=l&cat=p&typeid=i","cat":309512},{"id":147250,"n":"Préparation Flan Entremets alsa Vanille - 192g","p":1.39,"u":"7,24 €/KG","img":"https://fd8-photos.leclercdrive.fr/image.ashx?id=2805117&use=l&cat=p&typeid=i","cat":284504},{"id":147254,"n":"Confiture Eco+ Fraise - 450g","p":1.14,"u":"2,53 €/KG","img":"https://fd8-photos.leclercdrive.fr/image.ashx?id=2721346&use=l&cat=p&typeid=i","cat":284480},{"id":147279,"n":"Croquettes Plénima Sans céréales - 2kg","p":6.0,"u":"3,00 €/KG","img":"https://fd8-photos.leclercdrive.fr/image.ashx?id=2047100&use=l&cat=p&typeid=i","cat":284672},{"id":147286,"n":"Croquette pour chat Plénima Poulet - 600g","p":2.45,"u":"4,08 €/KG","img":"https://fd8-photos.leclercdrive.fr/image.ashx?id=2047114&use=l&cat=p&typeid=i","cat":284680},{"id":147295,"n":"Croquette chat Plénima Saumon - Stérilisé 600g","p":2.45,"u":"4,08 €/KG","img":"https://fd8-photos.leclercdrive.fr/image.ashx?id=2047120&use=l&cat=p&typeid=i","cat":284680},{"id":147296,"n":"Gourde Bio Village - 6 mois Bio - 6x90g","p":4.39,"u":"8,13 €/KG","img":"https://fd8-photos.leclercdrive.fr/image.ashx?id=2704879&use=l&cat=p&typeid=i","cat":312393},{"id":147359,"n":"Boisson tablette d'Or Instantanée cacao 800g","p":3.79,"u":"4,74 €/KG","img":"https://fd8-photos.leclercdrive.fr/image.ashx?id=2047904&use=l&cat=p&typeid=i","cat":293235},{"id":147420,"n":"Knacks d'Alsace  L'Atelier Charcuterie - 300g","p":3.8,"u":"12,67 €/KG","img":"https://fd8-photos.leclercdrive.fr/image.ashx?id=2989772&use=l&cat=p&typeid=i","cat":316012},{"id":147422,"n":"Bière Brewdog Punk IPA 33cl","p":2.38,"u":"7,21 €/L","img":"https://fd8-photos.leclercdrive.fr/image.ashx?id=2941859&use=l&cat=p&typeid=i","cat":334872},{"id":147424,"n":"Saucisse de Montbéliard à cuire L'Atelier Charcuterie - 2x150g","p":4.49,"u":"14,97 €/KG","img":"https://fd8-photos.leclercdrive.fr/image.ashx?id=2069973&use=l&cat=p&typeid=i","cat":316012},{"id":147431,"n":"Yaourt à la grecque YAOS Nature lit de framboises 4x125g","p":2.61,"u":"5,22 €/KG","img":"https://fd8-photos.leclercdrive.fr/image.ashx?id=2654575&use=l&cat=p&typeid=i","cat":314999},{"id":147438,"n":"Tablette chocolat Milka Chocolat au lait - 5x100g","p":8.3,"u":"16,60 €/KG","img":"https://fd8-photos.leclercdrive.fr/image.ashx?id=2955203&use=l&cat=p&typeid=i","cat":284497},{"id":147449,"n":"Granola Grainea Chocolat noir amandes - 350g","p":2.75,"u":"7,86 €/KG","img":"https://fd8-photos.leclercdrive.fr/image.ashx?id=2611949&use=l&cat=p&typeid=i","cat":309512},{"id":147455,"n":"Capsules café Plantation Décaféiné n°5 - x30 - 156g","p":5.19,"u":"33,27 €/KG","img":"https://fd8-photos.leclercdrive.fr/image.ashx?id=2874741&use=l&cat=p&typeid=i","cat":284749},{"id":147456,"n":"Capsules café Plantation Ristretto n°12 - x30 - 156g","p":5.19,"u":"33,27 €/KG","img":"https://fd8-photos.leclercdrive.fr/image.ashx?id=2867263&use=l&cat=p&typeid=i","cat":284749},{"id":147464,"n":"Infusion bien-être Jardin Bio Bio x20 - 28g","p":2.65,"u":"94,64 €/KG","img":"https://fd8-photos.leclercdrive.fr/image.ashx?id=2792606&use=l&cat=p&typeid=i","cat":293234},{"id":147465,"n":"Infusion Jardin Bio Bio calme & Sérénité x20 - 30g","p":2.58,"u":"86,00 €/KG","img":"https://fd8-photos.leclercdrive.fr/image.ashx?id=2792618&use=l&cat=p&typeid=i","cat":293234},{"id":147468,"n":"Jus de citron Jardin Bio Bio - 25cl","p":1.98,"u":"7,92 €/L","img":"https://fd8-photos.leclercdrive.fr/image.ashx?id=3015317&use=l&cat=p&typeid=i","cat":288383},{"id":147472,"n":"Eponge maxi 1 pièce","p":2.29,"img":"https://fd8-photos.leclercdrive.fr/image.ashx?id=2068381&use=l&cat=p&typeid=i","cat":298252},{"id":147474,"n":"Coupe ongles Primoplast 1 pièce","p":2.0,"img":"https://fd8-photos.leclercdrive.fr/image.ashx?id=2955767&use=l&cat=p&typeid=i","cat":325354},{"id":147523,"n":"Gel douche Bionaïa Framboise orange bio - 250ml","p":1.43,"u":"5,72 €/L","img":"https://fd8-photos.leclercdrive.fr/image.ashx?id=2538137&use=l&cat=p&typeid=i","cat":284594},{"id":147527,"n":"Huile bio Bio naïa Ricin - 50ml","p":3.99,"u":"79,80 €/L","img":"https://fd8-photos.leclercdrive.fr/image.ashx?id=2436717&use=l&cat=p&typeid=i","cat":325349},{"id":147528,"n":"Huile bio Bio naïa Amande douce - 50ml","p":3.79,"u":"75,80 €/L","img":"https://fd8-photos.leclercdrive.fr/image.ashx?id=2436720&use=l&cat=p&typeid=i","cat":325349},{"id":147531,"n":"Bain moussant Eco + Pêche - 750ml","p":0.52,"u":"0,69 €/L","img":"https://fd8-photos.leclercdrive.fr/image.ashx?id=2779175&use=l&cat=p&typeid=i","cat":284594},{"id":147533,"n":"Dentifrice arôme menthe Eco + 125ml","p":0.73,"u":"5,84 €/L","img":"https://fd8-photos.leclercdrive.fr/image.ashx?id=2776277&use=l&cat=p&typeid=i","cat":284612},{"id":147539,"n":"Capsules café Plantation Café au lait - x16 - 152g","p":3.29,"u":"21,64 €/KG","img":"https://fd8-photos.leclercdrive.fr/image.ashx?id=2649750&use=l&cat=p&typeid=i","cat":293239},{"id":147545,"n":"Pastilles anti-calcaire Eco + x20","p":1.25,"u":"0,06 €/P","img":"https://fd8-photos.leclercdrive.fr/image.ashx?id=2603853&use=l&cat=p&typeid=i","cat":284653},{"id":147546,"n":"Poudre détachante Eco + 1,2kg","p":3.29,"u":"2,74 €/KG","img":"https://fd8-photos.leclercdrive.fr/image.ashx?id=2596769&use=l&cat=p&typeid=i","cat":284651},{"id":147550,"n":"Nettoyant vitres Eco + 1L","p":0.76,"u":"0,76 €/L","img":"https://fd8-photos.leclercdrive.fr/image.ashx?id=2834993&use=l&cat=p&typeid=i","cat":325363},{"id":147564,"n":"LED Filament flamme torsadée 2-25W -  E14 - claire","p":4.59,"u":"Dont 0,12 € d'éco-part.","img":"https://fd8-photos.leclercdrive.fr/image.ashx?id=2070308&use=l&cat=p&typeid=i","cat":300573},{"id":147644,"n":"Sake ginjo ichidai misen 70cl","p":20.39,"u":"29,13 €/L","img":"https://fd8-photos.leclercdrive.fr/image.ashx?id=2571680&use=l&cat=p&typeid=i","cat":286032},{"id":147671,"n":"Olives farcies Tokapi Amandes - 150g","p":2.49,"u":"16,60 €/KG","img":"https://fd8-photos.leclercdrive.fr/image.ashx?id=3010431&use=l&cat=p&typeid=i","cat":284458},{"id":147678,"n":"Rillettes de saumon Ronde des Mers - 125g","p":1.58,"u":"12,64 €/KG","img":"https://fd8-photos.leclercdrive.fr/image.ashx?id=2436708&use=l&cat=p&typeid=i","cat":305147},{"id":147692,"n":"Fond pour rôtis Maggi 110g","p":2.55,"u":"23,18 €/KG","img":"https://fd8-photos.leclercdrive.fr/image.ashx?id=2917543&use=l&cat=p&typeid=i","cat":288379},{"id":147961,"n":"Irish Coffee Cherry Rocher 70 cl","p":11.79,"u":"16,84 €/L","img":"https://fd8-photos.leclercdrive.fr/image.ashx?id=2070129&use=l&cat=p&typeid=i","cat":284547},{"id":148008,"n":"Genoise P'tit Déli Poire - 150g","p":1.15,"u":"7,67 €/KG","img":"https://fd8-photos.leclercdrive.fr/image.ashx?id=2482508&use=l&cat=p&typeid=i","cat":284489},{"id":148013,"n":"Bocal d'artichauts Notre jardin Grillés - 115g","p":1.99,"u":"17,30 €/KG","img":"https://fd8-photos.leclercdrive.fr/image.ashx?id=2578641&use=l&cat=p&typeid=i","cat":312611},{"id":148027,"n":"Pois chiche Bio Village Bio - 500g","p":2.08,"u":"4,16 €/KG","img":"https://fd8-photos.leclercdrive.fr/image.ashx?id=3002704&use=l&cat=p&typeid=i","cat":284430},{"id":148037,"n":"Purée de tomates italiennes 700g","p":1.83,"u":"2,61 €/KG","img":"https://fd8-photos.leclercdrive.fr/image.ashx?id=3011680&use=l&cat=p&typeid=i","cat":289010},{"id":148041,"n":"Aiguillette poulet Maître Coq 450g","p":6.49,"u":"14,42 €/KG","img":"https://fd8-photos.leclercdrive.fr/image.ashx?id=2882719&use=l&cat=p&typeid=i","cat":284336},{"id":148048,"n":"Ravioles aux 3 fromages Persil de la Drôme Saint Jean 310g","p":3.32,"u":"10,71 €/KG","img":"https://fd8-photos.leclercdrive.fr/image.ashx?id=2438651&use=l&cat=p&typeid=i","cat":333682},{"id":148049,"n":"Ravioles au Fromage Frais et Basilic Saint Jean 310g","p":3.4,"u":"10,97 €/KG","img":"https://fd8-photos.leclercdrive.fr/image.ashx?id=2290014&use=l&cat=p&typeid=i","cat":333682},{"id":148050,"n":"Ravioles au Fromage de chèvre et ciboulette Saint Jean 310g","p":3.16,"u":"10,19 €/KG","img":"https://fd8-photos.leclercdrive.fr/image.ashx?id=2487698&use=l&cat=p&typeid=i","cat":333682},{"id":148070,"n":"Thermomètre Primoplast Electronique - 1 pièce","p":3.89,"img":"https://fd8-photos.leclercdrive.fr/image.ashx?id=2856597&use=l&cat=p&typeid=i","cat":284630},{"id":148076,"n":"Jambon d'Auvergne IGP L'Atelier Charcuterie - 100g","p":3.5,"u":"35,00 €/KG","img":"https://fd8-photos.leclercdrive.fr/image.ashx?id=2316464&use=l&cat=p&typeid=i","cat":316007},{"id":148077,"n":"Jambon de Savoie L'Atelier Charcuterie - 100g","p":2.99,"u":"29,90 €/KG","img":"https://fd8-photos.leclercdrive.fr/image.ashx?id=2395826&use=l&cat=p&typeid=i","cat":316007},{"id":148079,"n":"Saucisson d'Auvergne IGP NRT L'Atelier Charcuterie LR - 100g","p":2.3,"u":"23,00 €/KG","img":"https://fd8-photos.leclercdrive.fr/image.ashx?id=2071230&use=l&cat=p&typeid=i","cat":316007},{"id":148084,"n":"Mortadella bologna IGP L'Atelier Charcuterie - 100g","p":1.99,"u":"19,90 €/KG","img":"https://fd8-photos.leclercdrive.fr/image.ashx?id=2688324&use=l&cat=p&typeid=i","cat":316007},{"id":148088,"n":"Prosciutto alle erbe L'Atelier Charcuterie - 100g","p":2.75,"u":"27,50 €/KG","img":"https://fd8-photos.leclercdrive.fr/image.ashx?id=2819645&use=l&cat=p&typeid=i","cat":316007},{"id":148095,"n":"Coppa di parma IGP L'Atelier Charcuterie - 100g","p":3.45,"u":"34,50 €/KG","img":"https://fd8-photos.leclercdrive.fr/image.ashx?id=2068735&use=l&cat=p&typeid=i","cat":316007},{"id":148105,"n":"Viande des grisons IGP L'Atelier Charcuterie - 80g","p":5.49,"u":"68,63 €/KG","img":"https://fd8-photos.leclercdrive.fr/image.ashx?id=2856648&use=l&cat=p&typeid=i","cat":316007},{"id":148112,"n":"Démaquillant yeux waterproof Le petit olivier - 125ml","p":3.19,"u":"25,52 €/L","img":"https://fd8-photos.leclercdrive.fr/image.ashx?id=2865848&use=l&cat=p&typeid=i","cat":284603},{"id":148117,"n":"Rosette tranchée Label Rouge L'Atelier Charcuterie - 100g","p":1.79,"u":"17,90 €/KG","img":"https://fd8-photos.leclercdrive.fr/image.ashx?id=2856654&use=l&cat=p&typeid=i","cat":316007},{"id":148120,"n":"Jambon serrano IGP L'Atelier Charcuterie - 120g","p":4.0,"u":"33,33 €/KG","img":"https://fd8-photos.leclercdrive.fr/image.ashx?id=2867931&use=l&cat=p&typeid=i","cat":316007},{"id":148121,"n":"Assiette charcuterie Italienne L'Atelier Charcuterie - 180G","p":5.29,"img":"https://fd8-photos.leclercdrive.fr/image.ashx?id=2856663&use=l&cat=p&typeid=i","cat":316007},{"id":148124,"n":"Datte ravier Favorite Deglet nour - 500g","p":2.3,"u":"4,60 €/KG","img":"https://fd8-photos.leclercdrive.fr/image.ashx?id=2730610&use=l&cat=p&typeid=i","cat":284357},{"id":148240,"n":"Café dosettes Tassimo L'Or Café Long Doux x16","p":4.76,"u":"53,48 €/KG","img":"https://fd8-photos.leclercdrive.fr/image.ashx?id=2100386&use=l&cat=p&typeid=i","cat":293240},{"id":148246,"n":"Tajine de légumes Notre Jardin 530g","p":3.15,"u":"5,94 €/KG","img":"https://fd8-photos.leclercdrive.fr/image.ashx?id=2526315&use=l&cat=p&typeid=i","cat":312612},{"id":148250,"n":"Ratatouille  Notre Jardin Provencale - 530g","p":2.76,"u":"5,21 €/KG","img":"https://fd8-photos.leclercdrive.fr/image.ashx?id=2526312&use=l&cat=p&typeid=i","cat":312612},{"id":148252,"n":"Pâté en croûte Richelieu 2x90g","p":3.45,"u":"19,17 €/KG","img":"https://fd8-photos.leclercdrive.fr/image.ashx?id=2164981&use=l&cat=p&typeid=i","cat":316008},{"id":148291,"n":"Bière Aromatisée Grimbergen Rouge 5,5° - 6x25cl","p":5.29,"u":"3,53 €/L","img":"https://fd8-photos.leclercdrive.fr/image.ashx?id=2873327&use=l&cat=p&typeid=i","cat":334878},{"id":148339,"n":"Embouts jetables Prorhinel Souples - x10","p":5.71,"img":"https://fd8-photos.leclercdrive.fr/image.ashx?id=2148182&use=l&cat=p&typeid=i","cat":284630},{"id":148341,"n":"Spray hygiène du nez Prorhinel à l'aloe vera - enfant - 100ml","p":5.15,"u":"51,50 €/L","img":"https://fd8-photos.leclercdrive.fr/image.ashx?id=2917858&use=l&cat=p&typeid=i","cat":284630},{"id":148355,"n":"Déodorant Monsavon lait Fleur de coton - 200ml","p":2.02,"u":"10,10 €/L","img":"https://fd8-photos.leclercdrive.fr/image.ashx?id=2644930&use=l&cat=p&typeid=i","cat":284595},{"id":148384,"n":"Donut nappé chocolat 180g","p":1.39,"u":"7,72 €/KG","img":"https://fd8-photos.leclercdrive.fr/image.ashx?id=2590707&use=l&cat=p&typeid=i","cat":284495},{"id":148392,"n":"Filets de merlan L'Atelier Poissonnerie - 250g","p":4.97,"u":"19,88 €/KG","img":"https://fd8-photos.leclercdrive.fr/image.ashx?id=2868696&use=l&cat=p&typeid=i","cat":284342},{"id":148393,"n":"Dos de cabillaud MSC L'Atelier Poissonnerie - 300g","p":9.49,"u":"31,63 €/KG","img":"https://fd8-photos.leclercdrive.fr/image.ashx?id=2868699&use=l&cat=p&typeid=i","cat":284342},{"id":148406,"n":"Gel intime Intimy Classic - 150ml","p":6.98,"u":"46,53 €/L","img":"https://fd8-photos.leclercdrive.fr/image.ashx?id=2537980&use=l&cat=p&typeid=i","cat":285160},{"id":148484,"n":"Lames Hydro 5 Wilkinson Skin protect - x4","p":13.92,"u":"3,48 €/P","img":"https://fd8-photos.leclercdrive.fr/image.ashx?id=2924644&use=l&cat=p&typeid=i","cat":284616},{"id":148497,"n":"Bouteille filtrante Brita Blanc/Graphite 1 Microdisc","p":21.9,"img":"https://fd8-photos.leclercdrive.fr/image.ashx?id=2878267&use=l&cat=p&typeid=i","cat":334135},{"id":148529,"n":"Tresse savoyarde Maison Sapresti - x6 - 720g","p":10.67,"u":"14,82 €/KG","img":"https://fd8-photos.leclercdrive.fr/image.ashx?id=2597426&use=l&cat=p&typeid=i","cat":333671},{"id":148743,"n":"Galette moelleuse Saint Michel Chocolat au lait - 180g","p":1.86,"u":"10,33 €/KG","img":"https://fd8-photos.leclercdrive.fr/image.ashx?id=2936248&use=l&cat=p&typeid=i","cat":284495},{"id":148748,"n":"Démaquillant yeux Bionaïa Biphase Water bio - 150ml","p":2.6,"u":"17,33 €/L","img":"https://fd8-photos.leclercdrive.fr/image.ashx?id=2474963&use=l&cat=p&typeid=i","cat":284603},{"id":148779,"n":"Pince à ongles Mercurochrome 1 pièce","p":7.59,"img":"https://fd8-photos.leclercdrive.fr/image.ashx?id=2788496&use=l&cat=p&typeid=i","cat":325354},{"id":148957,"n":"Pavé saumon Eco+ MSC - x2 - 250g","p":3.07,"u":"12,28 €/KG","img":"https://fd8-photos.leclercdrive.fr/image.ashx?id=2819920&use=l&cat=p&typeid=i","cat":319786},{"id":148966,"n":"Boisson coco Bio Bjorg Sans sucre ajouté - 1L","p":2.22,"u":"2,22 €/L","img":"https://fd8-photos.leclercdrive.fr/image.ashx?id=2972991&use=l&cat=p&typeid=i","cat":316067},{"id":148995,"n":"LED Filament déco Edison 4-40W - E27 - Claire","p":6.99,"u":"Dont 0,12 € d'éco-part.","img":"https://fd8-photos.leclercdrive.fr/image.ashx?id=2077565&use=l&cat=p&typeid=i","cat":300573},{"id":148998,"n":"Papier cuisson Elembal Feuilles - x30","p":0.99,"u":"0,03 €/P","img":"https://fd8-photos.leclercdrive.fr/image.ashx?id=2059971&use=l&cat=p&typeid=i","cat":334134},{"id":149037,"n":"Saucisses de Toulouse L'Atelier Boucherie x6 - 750g","p":7.99,"u":"10,65 €/KG","img":"https://fd8-photos.leclercdrive.fr/image.ashx?id=2831296&use=l&cat=p&typeid=i","cat":284334},{"id":149039,"n":"Chipolatas  L'Atelier Boucherie  X8 - 520g","p":6.83,"u":"13,13 €/KG","img":"https://fd8-photos.leclercdrive.fr/image.ashx?id=2831290&use=l&cat=p&typeid=i","cat":284334},{"id":149068,"n":"Dessert végétal soja Alpro Nature sans sucres - 500g","p":1.69,"u":"3,38 €/KG","img":"https://fd8-photos.leclercdrive.fr/image.ashx?id=2976077&use=l&cat=p&typeid=i","cat":316071},{"id":149326,"n":"Tissus microfibre multi usage x1","p":2.49,"img":"https://fd8-photos.leclercdrive.fr/image.ashx?id=2068348&use=l&cat=p&typeid=i","cat":298252},{"id":149348,"n":"Liqueur Amaretto Disaronno 28° - 70cl","p":23.17,"u":"33,10 €/L","img":"https://fd8-photos.leclercdrive.fr/image.ashx?id=2064391&use=l&cat=p&typeid=i","cat":286032},{"id":149349,"n":"Liqueur Amer Fernet Branca 39° - 70cl","p":25.41,"u":"36,30 €/L","img":"https://fd8-photos.leclercdrive.fr/image.ashx?id=2433783&use=l&cat=p&typeid=i","cat":286032},{"id":149388,"n":"Shampooing sec Batiste Nude aérosol - 200ml","p":4.2,"u":"21,00 €/L","img":"https://fd8-photos.leclercdrive.fr/image.ashx?id=2558334&use=l&cat=p&typeid=i","cat":289143},{"id":149390,"n":"Croc'Odor Frigo XL  140g","p":2.86,"u":"20,43 €/KG","img":"https://fd8-photos.leclercdrive.fr/image.ashx?id=2952646&use=l&cat=p&typeid=i","cat":311628},{"id":149396,"n":"Lave glace TECH9 Démoustiquant - 5L","p":3.89,"u":"0,78 €/L","img":"https://fd8-photos.leclercdrive.fr/image.ashx?id=2162699&use=l&cat=p&typeid=i","cat":298252},{"id":149782,"n":"Soin léger nuit So Bio Etic Anti-âge bio - 50ml","p":8.76,"u":"175,20 €/L","img":"https://fd8-photos.leclercdrive.fr/image.ashx?id=2792699&use=l&cat=p&typeid=i","cat":325345},{"id":149806,"n":"Masque Dream Long Elsève Reconstructeur - 2x310ml","p":9.83,"u":"15,85 €/L","img":"https://fd8-photos.leclercdrive.fr/image.ashx?id=2396162&use=l&cat=p&typeid=i","cat":284608},{"id":149819,"n":"Sérum Visage Correcteur Nivea Anti-taches Luminous - 30ml","p":18.36,"u":"612,00 €/L","img":"https://fd8-photos.leclercdrive.fr/image.ashx?id=2639720&use=l&cat=p&typeid=i","cat":325345},{"id":149853,"n":"Miettes généreuses de thon huile d'olive Le Savoureux 160g","p":3.31,"u":"20,69 €/KG","img":"https://fd8-photos.leclercdrive.fr/image.ashx?id=2167985&use=l&cat=p&typeid=i","cat":303867},{"id":149854,"n":"Dentifrice Elmex enfant 0-6ans Anti-caries - 75ml","p":3.53,"u":"47,07 €/L","img":"https://fd8-photos.leclercdrive.fr/image.ashx?id=2745289&use=l&cat=p&typeid=i","cat":288898},{"id":149875,"n":"Raclette lave-vitres x1","p":1.45,"img":"https://fd8-photos.leclercdrive.fr/image.ashx?id=2068838&use=l&cat=p&typeid=i","cat":298252},{"id":149922,"n":"Foie gras d'Oie du Périgord L'Origine du Goût Entier - 125g","p":17.95,"u":"143,60 €/KG","img":"https://fd8-photos.leclercdrive.fr/image.ashx?id=2791434&use=l&cat=p&typeid=i","cat":316008},{"id":149935,"n":"Sérum Effaclar La Roche Posay Visage - 30ml","p":25.9,"u":"863,33 €/L","img":"https://fd8-photos.leclercdrive.fr/image.ashx?id=2128884&use=l&cat=p&typeid=i","cat":291166},{"id":149951,"n":"Soin hydratant La Roche Posay Tolériane Sensitive Riche -40ml","p":14.39,"u":"359,75 €/L","img":"https://fd8-photos.leclercdrive.fr/image.ashx?id=2087014&use=l&cat=p&typeid=i","cat":291171},{"id":149953,"n":"Dentifrice Fluocaril Junior 6-12ans Fruits rouges - 2x75ml","p":6.59,"pp":4.94,"u":"32,93 €/L","img":"https://fd8-photos.leclercdrive.fr/image.ashx?id=2585276&use=l&cat=p&typeid=i","cat":290418},{"id":149958,"n":"Brosse à Dents Signal Soin Classique Souple x1","p":1.51,"img":"https://fd8-photos.leclercdrive.fr/image.ashx?id=2950894&use=l&cat=p&typeid=i","cat":284614},{"id":150004,"n":"Huile de ricin Ntessance 50ml","p":4.85,"u":"97,00 €/L","img":"https://fd8-photos.leclercdrive.fr/image.ashx?id=2065430&use=l&cat=p&typeid=i","cat":290422},{"id":150015,"n":"Gel lubrifiant Hydralin 50ml","p":10.6,"u":"212,00 €/L","img":"https://fd8-photos.leclercdrive.fr/image.ashx?id=2959085&use=l&cat=p&typeid=i","cat":328622},{"id":150053,"n":"Gnocchi à poeler Bio Village Bio - 300g","p":1.84,"u":"6,13 €/KG","img":"https://fd8-photos.leclercdrive.fr/image.ashx?id=2607969&use=l&cat=p&typeid=i","cat":333682},{"id":150127,"n":"Brûleur de graisse Forte Pharma  Xtraslim700 - 120 gélules","p":35.45,"u":"0,30 €/P","img":"https://fd8-photos.leclercdrive.fr/image.ashx?id=2066848&use=l&cat=p&typeid=i","cat":301267},{"id":150229,"n":"Céleri Pierre Martinet rémoulade moutarde - 300g","p":1.37,"u":"4,57 €/KG","img":"https://fd8-photos.leclercdrive.fr/image.ashx?id=2733082&use=l&cat=p&typeid=i","cat":333657},{"id":150253,"n":"Poulet tandoori Fleury Michon Semoule petit legume - 280g","p":7.01,"u":"25,04 €/KG","img":"https://fd8-photos.leclercdrive.fr/image.ashx?id=2680692&use=l&cat=p&typeid=i","cat":333665},{"id":150255,"n":"Torti au surimi Pierre Martinet - 300g","p":2.01,"u":"6,70 €/KG","img":"https://fd8-photos.leclercdrive.fr/image.ashx?id=2613441&use=l&cat=p&typeid=i","cat":333657},{"id":150280,"n":"Serpillère Vileda 1.2 Spray - x1","p":24.5,"img":"https://fd8-photos.leclercdrive.fr/image.ashx?id=2068291&use=l&cat=p&typeid=i","cat":284669},{"id":150294,"n":"Smarties Lapin chocolat Bleu - 175g","p":6.59,"u":"37,66 €/KG","img":"https://fd8-photos.leclercdrive.fr/image.ashx?id=2289687&use=l&cat=p&typeid=i","cat":284958},{"id":150307,"n":"Liquide refroidissement TECH9 -25°C - 5L","p":9.99,"u":"2,00 €/L","img":"https://fd8-photos.leclercdrive.fr/image.ashx?id=2162711&use=l&cat=p&typeid=i","cat":298253},{"id":150485,"n":"Chocolat Pâtissier Lindt Noir - 70% cacao - 200g","p":3.26,"u":"16,30 €/KG","img":"https://fd8-photos.leclercdrive.fr/image.ashx?id=2730223&use=l&cat=p&typeid=i","cat":285562},{"id":150488,"n":"Tartine pain campagne Pasquier - 180g","p":2.02,"u":"11,22 €/KG","img":"https://fd8-photos.leclercdrive.fr/image.ashx?id=2967028&use=l&cat=p&typeid=i","cat":285543},{"id":150576,"n":"Barre protéine noisette ISOSTAR  énergétique -3x35 - 105g","p":3.75,"u":"35,71 €/KG","img":"https://fd8-photos.leclercdrive.fr/image.ashx?id=2663425&use=l&cat=p&typeid=i","cat":318652},{"id":150587,"n":"Gnocchi Schar Sans gluten - 300g","p":3.25,"u":"10,83 €/KG","img":"https://fd8-photos.leclercdrive.fr/image.ashx?id=2266281&use=l&cat=p&typeid=i","cat":318654},{"id":150588,"n":"Goûter crème cacao Schar Sans gluten - 250g","p":3.78,"u":"15,12 €/KG","img":"https://fd8-photos.leclercdrive.fr/image.ashx?id=2439944&use=l&cat=p&typeid=i","cat":284488},{"id":150704,"n":"Whisky Bowmore 9 ans 70cl","p":29.16,"u":"41,66 €/L","img":"https://fd8-photos.leclercdrive.fr/image.ashx?id=2068618&use=l&cat=p&typeid=i","cat":284547},{"id":150763,"n":"Imperméabilisant protecteur Cuir Daim Nubuck 250ml","p":2.68,"u":"10,72 €/L","img":"https://fd8-photos.leclercdrive.fr/image.ashx?id=2835208&use=l&cat=p&typeid=i","cat":285201},{"id":150788,"n":"HERTA Tendre Croc Jambon Fromage sans nitrite 200g x2","p":1.84,"u":"9,20 €/KG","img":"https://fd8-photos.leclercdrive.fr/image.ashx?id=2752885&use=l&cat=p&typeid=i","cat":333671},{"id":150789,"n":"Détartrant multi-usages Melitta 375ml","p":3.52,"u":"9,39 €/L","img":"https://fd8-photos.leclercdrive.fr/image.ashx?id=2871070&use=l&cat=p&typeid=i","cat":325362},{"id":150793,"n":"HERTA Tendre Croc Jambon Fromage sans nitrite 400g x4","p":3.57,"u":"8,93 €/KG","img":"https://fd8-photos.leclercdrive.fr/image.ashx?id=2070144&use=l&cat=p&typeid=i","cat":333671},{"id":150797,"n":"Cire dépilatoire Roll On Nair au sucre lait et miel - 100ml","p":5.23,"u":"52,30 €/L","img":"https://fd8-photos.leclercdrive.fr/image.ashx?id=2903242&use=l&cat=p&typeid=i","cat":325351},{"id":150798,"n":"HERTA Tendre Croc Comté Jambon sans nitrite 200g x2","p":2.14,"u":"10,70 €/KG","img":"https://fd8-photos.leclercdrive.fr/image.ashx?id=2070147&use=l&cat=p&typeid=i","cat":333671},{"id":150799,"n":"HERTA Tendre Croc Jambon Fromg ss croûte ss nitrite 200g","p":2.13,"u":"10,65 €/KG","img":"https://fd8-photos.leclercdrive.fr/image.ashx?id=2070153&use=l&cat=p&typeid=i","cat":333671},{"id":150804,"n":"Shampoing hydratant Fructis Hair food Aloe Vera - 350ml","p":3.93,"u":"11,23 €/L","img":"https://fd8-photos.leclercdrive.fr/image.ashx?id=2830594&use=l&cat=p&typeid=i","cat":284606},{"id":150848,"n":"Churros de pomme de terre 420g - Maison Tino","p":4.88,"u":"11,62 €/KG","img":"https://fd8-photos.leclercdrive.fr/image.ashx?id=2144566&use=l&cat=p&typeid=i","cat":333666},{"id":151074,"n":"Papier toilette Renova  Magic 4D - x12","p":3.37,"u":"0,28 €/P","img":"https://fd8-photos.leclercdrive.fr/image.ashx?id=2736814&use=l&cat=p&typeid=i","cat":284634},{"id":151075,"n":"Essuie-tout Renova  Design - x4","p":2.19,"u":"0,55 €/P","img":"https://fd8-photos.leclercdrive.fr/image.ashx?id=2072790&use=l&cat=p&typeid=i","cat":284635},{"id":151106,"n":"Vin France Cambras rouge -12,5% Merlot Cabernet Sauvignon -75cl","p":2.58,"u":"3,44 €/L","img":"https://fd8-photos.leclercdrive.fr/image.ashx?id=2941029&use=l&cat=p&typeid=i","cat":289556},{"id":151112,"n":"Prosciutto alle erbe Tradizioni d'Italia - 120g","p":2.46,"u":"20,50 €/KG","img":"https://fd8-photos.leclercdrive.fr/image.ashx?id=2925234&use=l&cat=p&typeid=i","cat":316007},{"id":151120,"n":"Fromage blanc Délisse Chèvre nature - 4x100g","p":2.15,"u":"5,38 €/KG","img":"https://fd8-photos.leclercdrive.fr/image.ashx?id=2071152&use=l&cat=p&typeid=i","cat":314998},{"id":151129,"n":"Yaourt brassé chèvre Délisse Myrtille - 4x125g","p":2.29,"u":"4,58 €/KG","img":"https://fd8-photos.leclercdrive.fr/image.ashx?id=2809090&use=l&cat=p&typeid=i","cat":314998},{"id":151160,"n":"Crème gourmande Mamie Nova Chocolat banane - 2x150g","p":1.63,"u":"5,43 €/KG","img":"https://fd8-photos.leclercdrive.fr/image.ashx?id=2909041&use=l&cat=p&typeid=i","cat":285041},{"id":151168,"n":"Mousse au chocolat Bonne Maman 4x50g","p":2.47,"u":"12,35 €/KG","img":"https://fd8-photos.leclercdrive.fr/image.ashx?id=2912323&use=l&cat=p&typeid=i","cat":284417},{"id":151169,"n":"Liégeois lait d'amande chocolat Andros - 4x90g","p":3.14,"u":"8,72 €/KG","img":"https://fd8-photos.leclercdrive.fr/image.ashx?id=2871985&use=l&cat=p&typeid=i","cat":316071},{"id":151170,"n":"Riz au lait Andros Coco vanille - 4x100g","p":2.89,"u":"7,23 €/KG","img":"https://fd8-photos.leclercdrive.fr/image.ashx?id=2872024&use=l&cat=p&typeid=i","cat":316071},{"id":151235,"n":"HERTA Blanc de poulet nature sans nitrite - 140g 4T","p":2.0,"u":"14,29 €/KG","img":"https://fd8-photos.leclercdrive.fr/image.ashx?id=2731348&use=l&cat=p&typeid=i","cat":316010},{"id":151290,"n":"Herta Blanc de poulet -25% de sel sans nitrite 140g 4T","p":2.36,"u":"16,86 €/KG","img":"https://fd8-photos.leclercdrive.fr/image.ashx?id=2307733&use=l&cat=p&typeid=i","cat":316010},{"id":151472,"n":"Fromage blanc Calin Extra Nature - 850g","p":2.35,"u":"2,76 €/KG","img":"https://fd8-photos.leclercdrive.fr/image.ashx?id=2973739&use=l&cat=p&typeid=i","cat":284409},{"id":151486,"n":"Galette moelleuse Saint Michel Pépite de chocolat - 180g","p":1.99,"u":"11,06 €/KG","img":"https://fd8-photos.leclercdrive.fr/image.ashx?id=2936245&use=l&cat=p&typeid=i","cat":284495},{"id":151508,"n":"Colin MSC haché Yooji 6 mois - 120g","p":4.31,"u":"35,92 €/KG","img":"https://fd8-photos.leclercdrive.fr/image.ashx?id=2529072&use=l&cat=p&typeid=i","cat":290631},{"id":151813,"n":"AOP Côtes de Provence Blanc Grande récolte - 75cl","p":8.9,"u":"11,87 €/L","img":"https://fd8-photos.leclercdrive.fr/image.ashx?id=2089346&use=l&cat=p&typeid=i","cat":289557},{"id":151936,"n":"Yaourt brassé Bio Les 2 Vaches Vanille - 4x115g","p":1.97,"u":"4,28 €/KG","img":"https://fd8-photos.leclercdrive.fr/image.ashx?id=2571542&use=l&cat=p&typeid=i","cat":284410},{"id":151957,"n":"Poudre fondante L'Oréal Paris Accord Parfait 5D Sable doré","p":13.11,"img":"https://fd8-photos.leclercdrive.fr/image.ashx?id=2278055&use=l&cat=p&typeid=i","cat":287029},{"id":151958,"n":"Poudre fondante L'Oréal Paris Accord Parfait 4N Beige","p":12.18,"img":"https://fd8-photos.leclercdrive.fr/image.ashx?id=2423445&use=l&cat=p&typeid=i","cat":287029},{"id":151959,"n":"Mascara Allongeant L'OréalParis Telescopic Carbone Noir","p":10.63,"img":"https://fd8-photos.leclercdrive.fr/image.ashx?id=2886178&use=l&cat=p&typeid=i","cat":287029},{"id":151961,"n":"Fond de Teint L'Oréal Paris Accord Parfait 3.5.N Pêche","p":13.26,"img":"https://fd8-photos.leclercdrive.fr/image.ashx?id=2108273&use=l&cat=p&typeid=i","cat":287029},{"id":151962,"n":"Fond de Teint L'Oréal Paris Accord Parfait 1.R Ivoire Rosé","p":13.05,"u":"435,00 €/L","img":"https://fd8-photos.leclercdrive.fr/image.ashx?id=2395550&use=l&cat=p&typeid=i","cat":287029},{"id":151964,"n":"BB Crème Teintée L'Oréal Paris Nuance 04 médium - 30ml","p":11.98,"u":"399,33 €/L","img":"https://fd8-photos.leclercdrive.fr/image.ashx?id=3014551&use=l&cat=p&typeid=i","cat":287029},{"id":151965,"n":"CC Crème L'Oréal Paris Anti-Rougeurs","p":13.98,"img":"https://fd8-photos.leclercdrive.fr/image.ashx?id=3014557&use=l&cat=p&typeid=i","cat":287029},{"id":151966,"n":"Eyeliner Feutre L'Oréal Paris  Waterproof 01 Noir intense","p":9.85,"img":"https://fd8-photos.leclercdrive.fr/image.ashx?id=2370380&use=l&cat=p&typeid=i","cat":287029},{"id":151968,"n":"Mascara Maybelline  Colossal Volum'express Noir","p":9.39,"img":"https://fd8-photos.leclercdrive.fr/image.ashx?id=2592180&use=l&cat=p&typeid=i","cat":287029},{"id":151971,"n":"Encre à lèvres mat Maybelline Superstay Matte Ink 20 Pioneer","p":9.44,"img":"https://fd8-photos.leclercdrive.fr/image.ashx?id=2423181&use=l&cat=p&typeid=i","cat":287029},{"id":151972,"n":"Correcteur anticerne Maybelline Instant Anti-Age 00 Ivoire","p":8.49,"img":"https://fd8-photos.leclercdrive.fr/image.ashx?id=2770545&use=l&cat=p&typeid=i","cat":287029},{"id":151983,"n":"Recharge liquide vaisselle & mains Briochin Ecocert 450ml","p":2.42,"u":"5,38 €/L","img":"https://fd8-photos.leclercdrive.fr/image.ashx?id=3000743&use=l&cat=p&typeid=i","cat":284655},{"id":151986,"n":"Gel Salle de bain & WC Glade Bois de Santal & Jasmin 180g","p":2.11,"img":"https://fd8-photos.leclercdrive.fr/image.ashx?id=2453613&use=l&cat=p&typeid=i","cat":311628},{"id":151996,"n":"Fromage enfant Kiri crème 24 portions à tartiner - 432g","p":5.1,"u":"0,21 €/P","img":"https://fd8-photos.leclercdrive.fr/image.ashx?id=2973568&use=l&cat=p&typeid=i","cat":314030},{"id":152001,"n":"Gnocchi à poêler Roll Lustucru  300g","p":1.73,"u":"5,77 €/KG","img":"https://fd8-photos.leclercdrive.fr/image.ashx?id=2792408&use=l&cat=p&typeid=i","cat":333682},{"id":152008,"n":"Croissants au jambon fromage L'Atelier Traiteur x2 - 260g","p":3.89,"u":"14,96 €/KG","img":"https://fd8-photos.leclercdrive.fr/image.ashx?id=2235004&use=l&cat=p&typeid=i","cat":333671},{"id":152028,"n":"Quiches Lorraines L'Atelier Traiteur x2 - 280g","p":3.99,"u":"7,13 €/KG","img":"https://fd8-photos.leclercdrive.fr/image.ashx?id=2636272&use=l&cat=p&typeid=i","cat":333680},{"id":152042,"n":"Déodorant bille bio BionaÏa A la rose/aloe vera - 50ml","p":1.35,"u":"27,00 €/L","img":"https://fd8-photos.leclercdrive.fr/image.ashx?id=2481240&use=l&cat=p&typeid=i","cat":284595},{"id":152043,"n":"Déodorant bio BionaÏa 100ml","p":1.8,"u":"18,00 €/L","img":"https://fd8-photos.leclercdrive.fr/image.ashx?id=2075272&use=l&cat=p&typeid=i","cat":284595},{"id":152044,"n":"Huile au basilic Elise & Felicie - 250ml","p":7.63,"u":"30,52 €/L","img":"https://fd8-photos.leclercdrive.fr/image.ashx?id=2089451&use=l&cat=p&typeid=i","cat":284453},{"id":152045,"n":"Savon solide Manava Citron et basilic x2 - 200g","p":1.39,"u":"6,95 €/KG","img":"https://fd8-photos.leclercdrive.fr/image.ashx?id=2358345&use=l&cat=p&typeid=i","cat":284597},{"id":152298,"n":"Couches Love & Green Ecologiques T2 - x44","p":14.65,"u":"0,33 €/P","img":"https://fd8-photos.leclercdrive.fr/image.ashx?id=2862578&use=l&cat=p&typeid=i","cat":284737},{"id":152302,"n":"Serviettes Love&Green Maxi Normal - x16","p":2.86,"u":"0,18 €/P","img":"https://fd8-photos.leclercdrive.fr/image.ashx?id=2811377&use=l&cat=p&typeid=i","cat":284624},{"id":152349,"n":"Sérum nuit anti-âge L'Oréal Revitalift Rétinol Pur - 30ml","p":15.08,"u":"502,67 €/L","img":"https://fd8-photos.leclercdrive.fr/image.ashx?id=2867530&use=l&cat=p&typeid=i","cat":325345},{"id":152365,"n":"Crème éclat La Provençale Bio Jouvence Anti-Âge - 50ml","p":10.41,"u":"208,20 €/L","img":"https://fd8-photos.leclercdrive.fr/image.ashx?id=2948147&use=l&cat=p&typeid=i","cat":325345},{"id":152375,"n":"Bande à découper Steripan Universelle - 100x6cm","p":2.66,"img":"https://fd8-photos.leclercdrive.fr/image.ashx?id=2320902&use=l&cat=p&typeid=i","cat":284630},{"id":152489,"n":"Yaourt brassé végétal Nat&Vie Coco Nature - 4x100g","p":1.89,"u":"4,73 €/KG","img":"https://fd8-photos.leclercdrive.fr/image.ashx?id=2901476&use=l&cat=p&typeid=i","cat":316071},{"id":152502,"n":"Quatre-quart Ker Cadélac 500g","p":3.56,"u":"7,12 €/KG","img":"https://fd8-photos.leclercdrive.fr/image.ashx?id=2958848&use=l&cat=p&typeid=i","cat":294776},{"id":152505,"n":"Boisson végétale Bio Bjorg 1L","p":1.85,"u":"1,85 €/L","img":"https://fd8-photos.leclercdrive.fr/image.ashx?id=2972994&use=l&cat=p&typeid=i","cat":316067},{"id":152506,"n":"Boisson avoine Bio Bjorg Sans sucres - 1L","p":2.28,"u":"2,28 €/L","img":"https://fd8-photos.leclercdrive.fr/image.ashx?id=2939454&use=l&cat=p&typeid=i","cat":316067},{"id":152525,"n":"Céréales croustillant Bio Bjorg Chocolat lait - 450g","p":4.79,"u":"10,64 €/KG","img":"https://fd8-photos.leclercdrive.fr/image.ashx?id=2906223&use=l&cat=p&typeid=i","cat":309512},{"id":152576,"n":"Crêpes 1/2 lune Eco+ Jambon emmental - x20 - 1kg","p":2.31,"u":"2,31 €/KG","img":"https://fd8-photos.leclercdrive.fr/image.ashx?id=2698144&use=l&cat=p&typeid=i","cat":319776},{"id":152595,"n":"Barres chocolat Toblerone Chocolat au lait - 3x100g","p":4.93,"u":"16,43 €/KG","img":"https://fd8-photos.leclercdrive.fr/image.ashx?id=2078241&use=l&cat=p&typeid=i","cat":284498},{"id":152608,"n":"Mayonnaise de Dijon Amora 5 ingrédients - 400g","p":2.96,"u":"7,40 €/KG","img":"https://fd8-photos.leclercdrive.fr/image.ashx?id=3005392&use=l&cat=p&typeid=i","cat":298295},{"id":152610,"n":"Pasta Box Sodebo Fusilli à la Bolognaise - 330g","p":2.57,"u":"7,79 €/KG","img":"https://fd8-photos.leclercdrive.fr/image.ashx?id=2991996&use=l&cat=p&typeid=i","cat":334983},{"id":152612,"n":"Pasta Box Sodebo Fusilli à la Carbonara - 330g","p":2.52,"u":"7,64 €/KG","img":"https://fd8-photos.leclercdrive.fr/image.ashx?id=2919781&use=l&cat=p&typeid=i","cat":334983},{"id":152615,"n":"Pasta Box Sodebo Fusilli Fromages Italiens -330g","p":2.66,"u":"8,06 €/KG","img":"https://fd8-photos.leclercdrive.fr/image.ashx?id=2919784&use=l&cat=p&typeid=i","cat":334983},{"id":152736,"n":"Camembert Le Rustique Extra coulant - 240g","p":3.5,"u":"14,58 €/KG","img":"https://fd8-photos.leclercdrive.fr/image.ashx?id=2797479&use=l&cat=p&typeid=i","cat":314033},{"id":152774,"n":"Sauce Algérienne Heinz - 220g","p":1.81,"u":"8,23 €/KG","img":"https://fd8-photos.leclercdrive.fr/image.ashx?id=2926846&use=l&cat=p&typeid=i","cat":318431},{"id":152900,"n":"Spray désinfectant Steripan Antiseptique sans gaz - 100ml","p":3.96,"u":"39,60 €/L","img":"https://fd8-photos.leclercdrive.fr/image.ashx?id=2078754&use=l&cat=p&typeid=i","cat":284630},{"id":152920,"n":"Poche chaud/froid Mercurochrome Réutilisable - 1 pièce","p":9.94,"img":"https://fd8-photos.leclercdrive.fr/image.ashx?id=2333869&use=l&cat=p&typeid=i","cat":284630},{"id":152955,"n":"Canettes Coca-Cola Sans sucre - 2 offerts - 20x33cl","p":9.69,"u":"1,47 €/L","img":"https://fd8-photos.leclercdrive.fr/image.ashx?id=3009005&use=l&cat=p&typeid=i","cat":284530},{"id":152984,"n":"AOP Prosecco rosé  Vilaveroni - 75cl","p":7.58,"u":"10,11 €/L","img":"https://fd8-photos.leclercdrive.fr/image.ashx?id=2492354&use=l&cat=p&typeid=i","cat":289558},{"id":153015,"n":"Cassonade pure canne Daddy 750g","p":2.24,"u":"2,99 €/KG","img":"https://fd8-photos.leclercdrive.fr/image.ashx?id=2944702&use=l&cat=p&typeid=i","cat":284502},{"id":153059,"n":"Cônes glacés Trium Chocolat - x6 - 423g","p":2.13,"u":"5,04 €/KG","img":"https://fd8-photos.leclercdrive.fr/image.ashx?id=2931829&use=l&cat=p&typeid=i","cat":284264},{"id":153060,"n":"Cônes glacés Trium Vanille caramel - x6 - 432g","p":2.53,"u":"5,86 €/KG","img":"https://fd8-photos.leclercdrive.fr/image.ashx?id=2931835&use=l&cat=p&typeid=i","cat":284264},{"id":153061,"n":"Cônes glacés Trium Vanille fraise - x6 - 426g","p":1.69,"u":"3,97 €/KG","img":"https://fd8-photos.leclercdrive.fr/image.ashx?id=2931808&use=l&cat=p&typeid=i","cat":284264},{"id":153062,"n":"Cônes glacés Trium Vanille nougatine x6 - 402g","p":1.59,"u":"3,96 €/KG","img":"https://fd8-photos.leclercdrive.fr/image.ashx?id=2931805&use=l&cat=p&typeid=i","cat":284264},{"id":153070,"n":"Cônes glacés Trium Menthe chocolat x6 - 414g","p":2.19,"u":"5,29 €/KG","img":"https://fd8-photos.leclercdrive.fr/image.ashx?id=2931826&use=l&cat=p&typeid=i","cat":284264},{"id":153071,"n":"Cônes glacés Trium Crème brulée - x6 - 426g","p":2.52,"u":"5,92 €/KG","img":"https://fd8-photos.leclercdrive.fr/image.ashx?id=2931820&use=l&cat=p&typeid=i","cat":284264},{"id":153072,"n":"Cônes glacés Trium Café - x6 - 426g","p":2.19,"u":"5,14 €/KG","img":"https://fd8-photos.leclercdrive.fr/image.ashx?id=2931838&use=l&cat=p&typeid=i","cat":284264},{"id":153073,"n":"Cônes glacés Trium Vanille chocolat - x6 - 426g","p":1.93,"u":"4,53 €/KG","img":"https://fd8-photos.leclercdrive.fr/image.ashx?id=2931817&use=l&cat=p&typeid=i","cat":284264},{"id":153074,"n":"Cônes glacés Trium Citron framboise x6 - 456g","p":2.67,"u":"5,86 €/KG","img":"https://fd8-photos.leclercdrive.fr/image.ashx?id=2931811&use=l&cat=p&typeid=i","cat":284264},{"id":153075,"n":"Cônes glacés Trium Chocolat pistaches - x6 - 402g","p":1.99,"u":"4,95 €/KG","img":"https://fd8-photos.leclercdrive.fr/image.ashx?id=2909909&use=l&cat=p&typeid=i","cat":284264},{"id":153148,"n":"Jambon Supérieur Fleury Michon sans nitrite x6 - 210g","p":3.22,"u":"15,33 €/KG","img":"https://fd8-photos.leclercdrive.fr/image.ashx?id=2889478&use=l&cat=p&typeid=i","cat":316009},{"id":153151,"n":"Jambon Supérieur Fleury Michon sans nitrite x4 - 140g","p":2.17,"u":"15,50 €/KG","img":"https://fd8-photos.leclercdrive.fr/image.ashx?id=2889475&use=l&cat=p&typeid=i","cat":316009},{"id":153153,"n":"Jambon Supérieur Fleury Michon -25% sel sans nitrite- x2 - 70g","p":1.41,"u":"20,14 €/KG","img":"https://fd8-photos.leclercdrive.fr/image.ashx?id=2889484&use=l&cat=p&typeid=i","cat":316009},{"id":153154,"n":"Jambon Supérieur Fleury Michon -25% sel sans nitrite x6 - 210g","p":4.29,"u":"20,43 €/KG","img":"https://fd8-photos.leclercdrive.fr/image.ashx?id=2889487&use=l&cat=p&typeid=i","cat":316009},{"id":153155,"n":"Jambon Supérieur Fleury Michon -25% sel sans nitrite x4 - 140g","p":2.92,"u":"20,86 €/KG","img":"https://fd8-photos.leclercdrive.fr/image.ashx?id=2905399&use=l&cat=p&typeid=i","cat":316009},{"id":153158,"n":"Jambon Simplement Bon Fleury  Michon -25% de sel - x6 - 210g","p":3.17,"u":"15,10 €/KG","img":"https://fd8-photos.leclercdrive.fr/image.ashx?id=2842696&use=l&cat=p&typeid=i","cat":316009},{"id":153164,"n":"Jambon  Simplement Bon Fleury  Michon x4 - 160g","p":2.17,"u":"13,56 €/KG","img":"https://fd8-photos.leclercdrive.fr/image.ashx?id=2843147&use=l&cat=p&typeid=i","cat":316009},{"id":153165,"n":"Jambon Fleury Michon Simplement  Bio sans nitrite - x4 - 120g","p":4.19,"u":"34,92 €/KG","img":"https://fd8-photos.leclercdrive.fr/image.ashx?id=2959040&use=l&cat=p&typeid=i","cat":316009},{"id":153166,"n":"Jambon Simplement Bon Fleury Michon - x6 - 240g","p":2.64,"u":"11,00 €/KG","img":"https://fd8-photos.leclercdrive.fr/image.ashx?id=2843150&use=l&cat=p&typeid=i","cat":316009},{"id":153167,"n":"Jambon Simplement Bon  Fleury Michon - x8 - 320g","p":4.91,"u":"15,34 €/KG","img":"https://fd8-photos.leclercdrive.fr/image.ashx?id=3008383&use=l&cat=p&typeid=i","cat":316009},{"id":153192,"n":"Canettes Coca-cola Zéro Soda sans sucre - 12x33cl","p":6.62,"u":"1,67 €/L","img":"https://fd8-photos.leclercdrive.fr/image.ashx?id=2209194&use=l&cat=p&typeid=i","cat":284530},{"id":153229,"n":"Mayonnaise de Dijon Amora Tube - 175g","p":1.42,"u":"8,11 €/KG","img":"https://fd8-photos.leclercdrive.fr/image.ashx?id=2082711&use=l&cat=p&typeid=i","cat":298295},{"id":153241,"n":"Blanc de poulet Fleury Michon doré au four - x8 - 240g","p":2.31,"u":"9,63 €/KG","img":"https://fd8-photos.leclercdrive.fr/image.ashx?id=2962845&use=l&cat=p&typeid=i","cat":316010},{"id":153248,"n":"Rôti de porc Fleury Michon Extra tendre - x4 - 160g","p":2.06,"u":"12,88 €/KG","img":"https://fd8-photos.leclercdrive.fr/image.ashx?id=2314050&use=l&cat=p&typeid=i","cat":316009},{"id":153313,"n":"Gateau Savane Brossard Pocket chocolat - x7  210g","p":2.18,"u":"10,38 €/KG","img":"https://fd8-photos.leclercdrive.fr/image.ashx?id=2870722&use=l&cat=p&typeid=i","cat":284495},{"id":153328,"n":"Gâteaux fourrés Napolitain LU Chocolat - 180g","p":1.53,"u":"8,50 €/KG","img":"https://fd8-photos.leclercdrive.fr/image.ashx?id=3002225&use=l&cat=p&typeid=i","cat":284495},{"id":153369,"n":"Tissus d'entretien Serpillère x1","p":3.95,"img":"https://fd8-photos.leclercdrive.fr/image.ashx?id=2463615&use=l&cat=p&typeid=i","cat":284669},{"id":153734,"n":"Pâte de curry doux Patak's 165g","p":2.99,"u":"18,12 €/KG","img":"https://fd8-photos.leclercdrive.fr/image.ashx?id=2879802&use=l&cat=p&typeid=i","cat":289012},{"id":153740,"n":"Pâte de curry Patak's Tikka Masala - 165g","p":2.82,"u":"17,09 €/KG","img":"https://fd8-photos.leclercdrive.fr/image.ashx?id=2857716&use=l&cat=p&typeid=i","cat":289012},{"id":153929,"n":"Bûche de chèvre frais cendrée L'Atelier Fromagerie - 200g","p":3.19,"u":"15,95 €/KG","img":"https://fd8-photos.leclercdrive.fr/image.ashx?id=2999646&use=l&cat=p&typeid=i","cat":314036},{"id":153967,"n":"Changes bébé Lotus Baby T2 Douceur naturelle 3/6kg - x45","p":14.9,"u":"0,33 €/P","img":"https://fd8-photos.leclercdrive.fr/image.ashx?id=2909206&use=l&cat=p&typeid=i","cat":284737},{"id":154629,"n":"Bière Blonde Leffe 6,6% - 20x25cl","p":15.2,"u":"3,04 €/L","img":"https://fd8-photos.leclercdrive.fr/image.ashx?id=2995427&use=l&cat=p&typeid=i","cat":334852},{"id":154631,"n":"Boisson multifruits Jafun Format poche - 10x20Cl","p":3.2,"u":"1,60 €/L","img":"https://fd8-photos.leclercdrive.fr/image.ashx?id=2992561&use=l&cat=p&typeid=i","cat":284524},{"id":154675,"n":"Antiseptique Naturel Saugella Flacon - 250ml","p":6.25,"u":"25,00 €/L","img":"https://fd8-photos.leclercdrive.fr/image.ashx?id=2677444&use=l&cat=p&typeid=i","cat":301348},{"id":154676,"n":"Lait 2ème âge Biostime Infantile bio - 800g","p":20.49,"u":"25,61 €/KG","img":"https://fd8-photos.leclercdrive.fr/image.ashx?id=2172765&use=l&cat=p&typeid=i","cat":300523},{"id":154677,"n":"Lait 3ème âge Biostime Infantile bio - 800g","p":18.49,"u":"23,11 €/KG","img":"https://fd8-photos.leclercdrive.fr/image.ashx?id=2165638&use=l&cat=p&typeid=i","cat":300523},{"id":154681,"n":"Spray solaire Anthélios La Roche Posay SPF50  - 200ml","p":16.99,"u":"84,95 €/L","img":"https://fd8-photos.leclercdrive.fr/image.ashx?id=2087032&use=l&cat=p&typeid=i","cat":290396},{"id":154693,"n":"Patch articulation Puressentiel 14 huiles essentielles - x3","p":9.99,"u":"3,33 €/P","img":"https://fd8-photos.leclercdrive.fr/image.ashx?id=2988520&use=l&cat=p&typeid=i","cat":298633},{"id":154696,"n":"Argile verte Cattier  Ultra ventilée - 250g","p":2.9,"u":"11,60 €/KG","img":"https://fd8-photos.leclercdrive.fr/image.ashx?id=2829144&use=l&cat=p&typeid=i","cat":291165},{"id":154704,"n":"Crème Pieds Xerial 50 SVR 50ml","p":8.79,"u":"175,80 €/L","img":"https://fd8-photos.leclercdrive.fr/image.ashx?id=2969136&use=l&cat=p&typeid=i","cat":290424},{"id":154709,"n":"Crème Douceur Saugella Tube - 30ml","p":5.99,"u":"199,67 €/L","img":"https://fd8-photos.leclercdrive.fr/image.ashx?id=2711017&use=l&cat=p&typeid=i","cat":301348},{"id":154712,"n":"Extrait pépins pamplemousse Nutrisanté - 100ml","p":8.9,"u":"89,00 €/L","img":"https://fd8-photos.leclercdrive.fr/image.ashx?id=2740712&use=l&cat=p&typeid=i","cat":301264},{"id":154713,"n":"Soin Intime Soyeux Hydralin 200ml","p":7.59,"u":"37,95 €/L","img":"https://fd8-photos.leclercdrive.fr/image.ashx?id=2905733&use=l&cat=p&typeid=i","cat":301348},{"id":154714,"n":"Crème lavante La Roche Posay Lipikar - surgras - 400ml","p":14.7,"u":"36,75 €/L","img":"https://fd8-photos.leclercdrive.fr/image.ashx?id=2153963&use=l&cat=p&typeid=i","cat":301591},{"id":154720,"n":"Déodorant Vichy peaux sensibles Bille - 50ml","p":7.7,"u":"154,00 €/L","img":"https://fd8-photos.leclercdrive.fr/image.ashx?id=2086936&use=l&cat=p&typeid=i","cat":301593},{"id":154731,"n":"Gel douche Natessance Aloe Vera Bio - 1L","p":7.9,"u":"7,90 €/L","img":"https://fd8-photos.leclercdrive.fr/image.ashx?id=2522206&use=l&cat=p&typeid=i","cat":301591},{"id":154732,"n":"Gel douche amande Natessance Pêche de vigne - 1L","p":7.9,"u":"7,90 €/L","img":"https://fd8-photos.leclercdrive.fr/image.ashx?id=2522209&use=l&cat=p&typeid=i","cat":301591},{"id":154737,"n":"Gel moussant nettoyant Bioderma Sébium - 200ml","p":6.99,"u":"34,95 €/L","img":"https://fd8-photos.leclercdrive.fr/image.ashx?id=2956415&use=l&cat=p&typeid=i","cat":301587},{"id":154739,"n":"Gel moussant nettoyant Bioderma Sébium - 500ml","p":11.39,"u":"22,78 €/L","img":"https://fd8-photos.leclercdrive.fr/image.ashx?id=2956406&use=l&cat=p&typeid=i","cat":301587},{"id":154744,"n":"Gommes menthe Puressentiel Respiratoire eucalyptus - 45g","p":4.3,"u":"95,56 €/KG","img":"https://fd8-photos.leclercdrive.fr/image.ashx?id=2087244&use=l&cat=p&typeid=i","cat":301256},{"id":154757,"n":"Mousse à raser Nobacter 150ml","p":6.99,"u":"46,60 €/L","img":"https://fd8-photos.leclercdrive.fr/image.ashx?id=2215176&use=l&cat=p&typeid=i","cat":291167},{"id":154760,"n":"Eau micellaire La Roche Posay Effaclar - 400ml","p":11.9,"u":"29,75 €/L","img":"https://fd8-photos.leclercdrive.fr/image.ashx?id=2850560&use=l&cat=p&typeid=i","cat":301587},{"id":154761,"n":"Zone infestée Insect Ecran 100ml","p":6.99,"u":"69,90 €/L","img":"https://fd8-photos.leclercdrive.fr/image.ashx?id=2770524&use=l&cat=p&typeid=i","cat":290402},{"id":154764,"n":"Spray sommeil Puressentiel 12 huiles essentielles - 200ml","p":18.65,"u":"93,25 €/L","img":"https://fd8-photos.leclercdrive.fr/image.ashx?id=2988526&use=l&cat=p&typeid=i","cat":298633},{"id":154765,"n":"Créaline H2O AR Bioderma 250ml","p":7.99,"u":"31,96 €/L","img":"https://fd8-photos.leclercdrive.fr/image.ashx?id=2979836&use=l&cat=p&typeid=i","cat":301587},{"id":154771,"n":"Roll-on apaisant 3en1 Cinq/Cinq 7ml","p":5.99,"u":"855,71 €/L","img":"https://fd8-photos.leclercdrive.fr/image.ashx?id=2087205&use=l&cat=p&typeid=i","cat":290402},{"id":154773,"n":"Melatonine 1900 flash Forte 30 comprimés","p":7.99,"u":"0,27 €/P","img":"https://fd8-photos.leclercdrive.fr/image.ashx?id=2087595&use=l&cat=p&typeid=i","cat":301265},{"id":154778,"n":"Eau micellaire Sebiaclear SVR 400ml","p":7.9,"u":"19,75 €/L","img":"https://fd8-photos.leclercdrive.fr/image.ashx?id=2968292&use=l&cat=p&typeid=i","cat":301587},{"id":154792,"n":"Déodorant anti-trâce Vichy 50ml","p":7.7,"u":"154,00 €/L","img":"https://fd8-photos.leclercdrive.fr/image.ashx?id=2086948&use=l&cat=p&typeid=i","cat":301593},{"id":154800,"n":"Fruits&Fibres Regular 24 Ortis 24 cubes","p":10.5,"pp":7.35,"u":"0,31 €/P","img":"https://fd8-photos.leclercdrive.fr/image.ashx?id=2787731&use=l&cat=p&typeid=i","cat":301268},{"id":154803,"n":"Protection oreilles cire Quies Cire naturelle - 8 paires","p":2.9,"u":"0,36 €/P","img":"https://fd8-photos.leclercdrive.fr/image.ashx?id=2159505&use=l&cat=p&typeid=i","cat":301256},{"id":154805,"n":"Embouts jetables Prorhinel Souples - x20","p":7.99,"u":"0,40 €/P","img":"https://fd8-photos.leclercdrive.fr/image.ashx?id=2531928&use=l&cat=p&typeid=i","cat":290385},{"id":154810,"n":"Crème Bepanthen Sensicalm 50g","p":11.39,"u":"227,80 €/KG","img":"https://fd8-photos.leclercdrive.fr/image.ashx?id=2087074&use=l&cat=p&typeid=i","cat":290405},{"id":154816,"n":"Crème Pieds secs Cicabiafine 100ml","p":5.59,"u":"55,90 €/L","img":"https://fd8-photos.leclercdrive.fr/image.ashx?id=2993430&use=l&cat=p&typeid=i","cat":290424},{"id":154820,"n":"Crème apaisante Cinq/Cinq 40g","p":4.9,"u":"122,50 €/KG","img":"https://fd8-photos.leclercdrive.fr/image.ashx?id=2087211&use=l&cat=p&typeid=i","cat":290402},{"id":154831,"n":"Dentifrice Fluocaril Menthe - 2x75ml","p":6.79,"pp":5.09,"u":"33,93 €/L","img":"https://fd8-photos.leclercdrive.fr/image.ashx?id=2737987&use=l&cat=p&typeid=i","cat":290419},{"id":154863,"n":"Crème mains La Roche Posay Cicaplast - 50ml","p":6.99,"u":"139,80 €/L","img":"https://fd8-photos.leclercdrive.fr/image.ashx?id=2093993&use=l&cat=p&typeid=i","cat":290424},{"id":154870,"n":"Protection oreilles cire Quies Cire naturelle - 12 paires","p":4.6,"u":"0,38 €/P","img":"https://fd8-photos.leclercdrive.fr/image.ashx?id=2159499&use=l&cat=p&typeid=i","cat":301256},{"id":154878,"n":"Lotion famille Cinq/Cinq 100ml","p":6.99,"u":"69,90 €/L","img":"https://fd8-photos.leclercdrive.fr/image.ashx?id=2087202&use=l&cat=p&typeid=i","cat":290402},{"id":154885,"n":"Spray hygiene oreilles Stérimar 50ml","p":6.4,"u":"128,00 €/L","img":"https://fd8-photos.leclercdrive.fr/image.ashx?id=2890655&use=l&cat=p&typeid=i","cat":301256},{"id":154887,"n":"Crème soin nuit Vichy Effet SPA - 75ml","p":25.49,"u":"339,87 €/L","img":"https://fd8-photos.leclercdrive.fr/image.ashx?id=2125119&use=l&cat=p&typeid=i","cat":291171},{"id":154903,"n":"Spray isotoniq Marimer 100ml","p":3.29,"u":"32,90 €/L","img":"https://fd8-photos.leclercdrive.fr/image.ashx?id=2524997&use=l&cat=p&typeid=i","cat":301256},{"id":154908,"n":"Shampooing Dercos Cheveux gras  Anti-pellicullaire - 200ml","p":9.99,"u":"49,95 €/L","img":"https://fd8-photos.leclercdrive.fr/image.ashx?id=2555511&use=l&cat=p&typeid=i","cat":290400},{"id":154912,"n":"Crème pieds Xerial 30 SVR 50ml","p":6.99,"u":"139,80 €/L","img":"https://fd8-photos.leclercdrive.fr/image.ashx?id=2971619&use=l&cat=p&typeid=i","cat":290424},{"id":154915,"n":"Forte nuit 8h Forte Pharma 30 comprimés","p":11.4,"u":"0,38 €/P","img":"https://fd8-photos.leclercdrive.fr/image.ashx?id=2087607&use=l&cat=p&typeid=i","cat":301265},{"id":154916,"n":"Vitalité 4G Forte 30 ampoules","p":12.89,"u":"0,43 €/P","img":"https://fd8-photos.leclercdrive.fr/image.ashx?id=2087598&use=l&cat=p&typeid=i","cat":301264},{"id":154926,"n":"Baume du Tigre Blanc 30g","p":9.09,"u":"303,00 €/KG","img":"https://fd8-photos.leclercdrive.fr/image.ashx?id=2488800&use=l&cat=p&typeid=i","cat":290421},{"id":154934,"n":"Spray anti-pique  Puressentiel   200ml","p":14.99,"u":"74,95 €/L","img":"https://fd8-photos.leclercdrive.fr/image.ashx?id=2988523&use=l&cat=p&typeid=i","cat":290402},{"id":154945,"n":"Spray nasal Puressentiel Décongestionnant - 15ml","p":5.49,"u":"366,00 €/L","img":"https://fd8-photos.leclercdrive.fr/image.ashx?id=2988620&use=l&cat=p&typeid=i","cat":301256},{"id":154946,"n":"Shampooing Anti Chute Dercos 400ml","p":12.79,"u":"31,98 €/L","img":"https://fd8-photos.leclercdrive.fr/image.ashx?id=2938731&use=l&cat=p&typeid=i","cat":290400},{"id":154951,"n":"Spray gorge Puressentiel  15ml","p":5.45,"u":"363,33 €/L","img":"https://fd8-photos.leclercdrive.fr/image.ashx?id=2561032&use=l&cat=p&typeid=i","cat":301256},{"id":154955,"n":"Test ovulation Suretest Boite de 10","p":15.9,"u":"1,59 €/P","img":"https://fd8-photos.leclercdrive.fr/image.ashx?id=2087080&use=l&cat=p&typeid=i","cat":291159},{"id":154971,"n":"Solution nasale bébé Stérimar 100ml","p":4.99,"u":"49,90 €/L","img":"https://fd8-photos.leclercdrive.fr/image.ashx?id=2697021&use=l&cat=p&typeid=i","cat":290385},{"id":154975,"n":"Soin anti rides Hyalu B5 Riche La Roche Posay - 40ml","p":26.49,"u":"662,25 €/L","img":"https://fd8-photos.leclercdrive.fr/image.ashx?id=2094011&use=l&cat=p&typeid=i","cat":291168},{"id":154981,"n":"Magne 300 marin Forte Pharma 56 comprimés","p":6.9,"u":"0,12 €/P","img":"https://fd8-photos.leclercdrive.fr/image.ashx?id=2742201&use=l&cat=p&typeid=i","cat":301264},{"id":154985,"n":"Crème hydratante riche Vichy Aqualia Thermal - 50ml","p":18.7,"u":"374,00 €/L","img":"https://fd8-photos.leclercdrive.fr/image.ashx?id=2126199&use=l&cat=p&typeid=i","cat":291171},{"id":154986,"n":"Crème hydratante Vichy Aqualia légère - 50ml","p":18.7,"u":"374,00 €/L","img":"https://fd8-photos.leclercdrive.fr/image.ashx?id=2094008&use=l&cat=p&typeid=i","cat":291171},{"id":154987,"n":"Ampoules Gelée royale Forte Bio - 2000mg - x20","p":13.15,"u":"0,66 €/P","img":"https://fd8-photos.leclercdrive.fr/image.ashx?id=2351870&use=l&cat=p&typeid=i","cat":301264},{"id":155102,"n":"Céréales Babybio- Dès 6 mois  Bio 3 Céréales nature  - 220g","p":3.24,"u":"14,73 €/KG","img":"https://fd8-photos.leclercdrive.fr/image.ashx?id=2733259&use=l&cat=p&typeid=i","cat":312225},{"id":155123,"n":"Biscuits fourrés  BN Fraises - 285g","p":1.36,"u":"4,77 €/KG","img":"https://fd8-photos.leclercdrive.fr/image.ashx?id=2878804&use=l&cat=p&typeid=i","cat":284489},{"id":155134,"n":"Knacki original Herta x4 - 140g","p":1.37,"u":"9,79 €/KG","img":"https://fd8-photos.leclercdrive.fr/image.ashx?id=2289840&use=l&cat=p&typeid=i","cat":316012},{"id":155142,"n":"Lait 1er âge Biostime Infantile bio - 800g","p":21.49,"u":"26,86 €/KG","img":"https://fd8-photos.leclercdrive.fr/image.ashx?id=2096272&use=l&cat=p&typeid=i","cat":300523},{"id":155244,"n":"Mini cônes Extrême  Vanille  - 8x39g","p":4.49,"u":"14,39 €/KG","img":"https://fd8-photos.leclercdrive.fr/image.ashx?id=2737741&use=l&cat=p&typeid=i","cat":284264},{"id":155295,"n":"Préparation Cookies alsa Pépites de Chocolat - 240g","p":2.19,"u":"9,13 €/KG","img":"https://fd8-photos.leclercdrive.fr/image.ashx?id=2996446&use=l&cat=p&typeid=i","cat":284505},{"id":155301,"n":"Biscuit BN chocolat 285g","p":1.36,"u":"4,77 €/KG","img":"https://fd8-photos.leclercdrive.fr/image.ashx?id=2810705&use=l&cat=p&typeid=i","cat":284488},{"id":155302,"n":"Biscuits BN casse croute 400g","p":1.42,"u":"3,55 €/KG","img":"https://fd8-photos.leclercdrive.fr/image.ashx?id=2503900&use=l&cat=p&typeid=i","cat":284491},{"id":155303,"n":"Briochettes Pasquier x12 - 480g","p":2.28,"u":"4,75 €/KG","img":"https://fd8-photos.leclercdrive.fr/image.ashx?id=2417857&use=l&cat=p&typeid=i","cat":284478},{"id":155383,"n":"Piles Duracell LR54","p":3.1,"img":"https://fd8-photos.leclercdrive.fr/image.ashx?id=2422571&use=l&cat=p&typeid=i","cat":300572},{"id":155393,"n":"Thon naturel MSC Petit Navire 2x112g","p":4.04,"u":"18,04 €/KG","img":"https://fd8-photos.leclercdrive.fr/image.ashx?id=2226265&use=l&cat=p&typeid=i","cat":303867},{"id":155437,"n":"Tête franges la Véritable Elephant - x1","p":5.85,"img":"https://fd8-photos.leclercdrive.fr/image.ashx?id=2571494&use=l&cat=p&typeid=i","cat":284669},{"id":155439,"n":"Seau Serpillère France Elephant x1","p":8.1,"img":"https://fd8-photos.leclercdrive.fr/image.ashx?id=2575543&use=l&cat=p&typeid=i","cat":284669},{"id":155440,"n":"Essoreur design France Elephant - x1","p":3.75,"img":"https://fd8-photos.leclercdrive.fr/image.ashx?id=2570421&use=l&cat=p&typeid=i","cat":284669},{"id":155441,"n":"Tissus d'entretien Elephant x10","p":4.9,"img":"https://fd8-photos.leclercdrive.fr/image.ashx?id=2570418&use=l&cat=p&typeid=i","cat":325364},{"id":155475,"n":"Pince Barbecue Silicone x1","p":2.99,"img":"https://fd8-photos.leclercdrive.fr/image.ashx?id=2118084&use=l&cat=p&typeid=i","cat":334135},{"id":155546,"n":"Assiettes dessert 17cm Blanc sans film PE - x50","p":2.69,"u":"0,05 €/P","img":"https://fd8-photos.leclercdrive.fr/image.ashx?id=2096688&use=l&cat=p&typeid=i","cat":334134},{"id":155549,"n":"Glace Bâtonnet MAGNUM Double Gold Caramel 4x85ml","p":3.08,"u":"10,85 €/KG","img":"https://fd8-photos.leclercdrive.fr/image.ashx?id=2770620&use=l&cat=p&typeid=i","cat":284265},{"id":155714,"n":"Déboucheur Gel Destop  Spécial Cheveux - 1L","p":2.53,"u":"2,53 €/L","img":"https://fd8-photos.leclercdrive.fr/image.ashx?id=2625388&use=l&cat=p&typeid=i","cat":284908},{"id":155717,"n":"Sauce apéritif  Doritos Goût salsa douce -280g","p":2.36,"u":"8,43 €/KG","img":"https://fd8-photos.leclercdrive.fr/image.ashx?id=3014476&use=l&cat=p&typeid=i","cat":284451},{"id":155772,"n":"Spray Détachant à Sec Vanish  500ml","p":5.19,"u":"10,38 €/L","img":"https://fd8-photos.leclercdrive.fr/image.ashx?id=2680410&use=l&cat=p&typeid=i","cat":284651},{"id":155776,"n":"Shampoing Le Petit Marseillais  Calendula & coco - 250ml","p":2.13,"u":"8,52 €/L","img":"https://fd8-photos.leclercdrive.fr/image.ashx?id=2684173&use=l&cat=p&typeid=i","cat":284606},{"id":155795,"n":"Soda Coca-Cola - SANS SUCRES Canette - 6x33cl","p":3.35,"u":"1,69 €/L","img":"https://fd8-photos.leclercdrive.fr/image.ashx?id=2736805&use=l&cat=p&typeid=i","cat":284530},{"id":155816,"n":"Compote avec morceaux Andros Framboise - 4x100g","p":2.58,"u":"6,45 €/KG","img":"https://fd8-photos.leclercdrive.fr/image.ashx?id=2908201&use=l&cat=p&typeid=i","cat":284416},{"id":155828,"n":"Chou rouge 1p","p":1.95,"img":"https://fd8-photos.leclercdrive.fr/image.ashx?id=560850&use=l&cat=p&typeid=i","cat":284352},{"id":155829,"n":"Salade laitue verte 1p","p":1.0,"img":"https://fd8-photos.leclercdrive.fr/image.ashx?id=1633040&use=l&cat=p&typeid=i","cat":284352},{"id":155833,"n":"Feuille de chêne rouge 1p","p":1.25,"img":"https://fd8-photos.leclercdrive.fr/image.ashx?id=1633670&use=l&cat=p&typeid=i","cat":284352},{"id":155900,"n":"Boisson aux Fruits Jafun Tropical - 10x20cl","p":3.2,"u":"1,60 €/L","img":"https://fd8-photos.leclercdrive.fr/image.ashx?id=2992567&use=l&cat=p&typeid=i","cat":295018},{"id":155904,"n":"Cure-dents Homeside x120","p":0.4,"img":"https://fd8-photos.leclercdrive.fr/image.ashx?id=2118069&use=l&cat=p&typeid=i","cat":334135},{"id":155907,"n":"Spatule pâtisserie Manche en bois - x1","p":2.5,"img":"https://fd8-photos.leclercdrive.fr/image.ashx?id=2118063&use=l&cat=p&typeid=i","cat":334135},{"id":155909,"n":"Bac à glaçons souple x1","p":2.5,"img":"https://fd8-photos.leclercdrive.fr/image.ashx?id=2118072&use=l&cat=p&typeid=i","cat":334135},{"id":155912,"n":"Ficelle sur carte dévidoir 60m - x1","p":2.0,"img":"https://fd8-photos.leclercdrive.fr/image.ashx?id=2118093&use=l&cat=p&typeid=i","cat":334135},{"id":155913,"n":"Brochette 15cm x75","p":0.67,"img":"https://fd8-photos.leclercdrive.fr/image.ashx?id=2118066&use=l&cat=p&typeid=i","cat":334135},{"id":155914,"n":"Spatule trendy x1","p":3.9,"img":"https://fd8-photos.leclercdrive.fr/image.ashx?id=2118102&use=l&cat=p&typeid=i","cat":334135},{"id":155916,"n":"Eplucheur trendy x1","p":3.5,"img":"https://fd8-photos.leclercdrive.fr/image.ashx?id=2118099&use=l&cat=p&typeid=i","cat":334135},{"id":155917,"n":"Bol pâtissier inox x1","p":6.9,"img":"https://fd8-photos.leclercdrive.fr/image.ashx?id=2118078&use=l&cat=p&typeid=i","cat":334135},{"id":155918,"n":"Rouleau avec poignées articulées - bois - x1","p":2.49,"img":"https://fd8-photos.leclercdrive.fr/image.ashx?id=2118081&use=l&cat=p&typeid=i","cat":334135},{"id":155921,"n":"Faitout 24cm x1","p":20.0,"img":"https://fd8-photos.leclercdrive.fr/image.ashx?id=2118129&use=l&cat=p&typeid=i","cat":298490},{"id":155928,"n":"Assiette Pat'Patrouille x1","p":3.5,"img":"https://fd8-photos.leclercdrive.fr/image.ashx?id=2115451&use=l&cat=p&typeid=i","cat":334134},{"id":155934,"n":"Verre Disney Reines des Nieges x1","p":1.7,"img":"https://fd8-photos.leclercdrive.fr/image.ashx?id=2115460&use=l&cat=p&typeid=i","cat":334134},{"id":155935,"n":"Verrines 3 x 20cl","p":3.45,"img":"https://fd8-photos.leclercdrive.fr/image.ashx?id=2118048&use=l&cat=p&typeid=i","cat":334134},{"id":155951,"n":"Recharge 2en1 Vileda Brosserie serpillère Turbo  x1","p":7.9,"img":"https://fd8-photos.leclercdrive.fr/image.ashx?id=2672515&use=l&cat=p&typeid=i","cat":284669},{"id":155964,"n":"Theière en fonte Osaka noire 1L20","p":21.9,"img":"https://fd8-photos.leclercdrive.fr/image.ashx?id=2274700&use=l&cat=p&typeid=i","cat":334134},{"id":155981,"n":"Moulin à sel Ogo Living Bois naturel - 15cm - x1","p":14.9,"img":"https://fd8-photos.leclercdrive.fr/image.ashx?id=2114104&use=l&cat=p&typeid=i","cat":334135},{"id":155986,"n":"Moule à tarte Pyrex 31cm Bake and enjoy x1","p":11.9,"img":"https://fd8-photos.leclercdrive.fr/image.ashx?id=2658045&use=l&cat=p&typeid=i","cat":298490},{"id":155996,"n":"Bouchons collerette Homeside - x1","p":1.9,"img":"https://fd8-photos.leclercdrive.fr/image.ashx?id=2118075&use=l&cat=p&typeid=i","cat":334135},{"id":156020,"n":"Soda Sprite Canette - 6x33cl","p":3.52,"u":"1,78 €/L","img":"https://fd8-photos.leclercdrive.fr/image.ashx?id=2973994&use=l&cat=p&typeid=i","cat":284531},{"id":156022,"n":"Soda Coca Cola Cherry Canette 6x33cl","p":4.03,"u":"2,04 €/L","img":"https://fd8-photos.leclercdrive.fr/image.ashx?id=2997226&use=l&cat=p&typeid=i","cat":284530},{"id":156028,"n":"Sucre Poudre Daddy Extra Fin profil pack 750g","p":1.86,"u":"2,48 €/KG","img":"https://fd8-photos.leclercdrive.fr/image.ashx?id=2936074&use=l&cat=p&typeid=i","cat":284502},{"id":156067,"n":"Soda Coca-Cola Canette - 6x33cl","p":4.22,"u":"2,13 €/L","img":"https://fd8-photos.leclercdrive.fr/image.ashx?id=2997229&use=l&cat=p&typeid=i","cat":284530},{"id":156112,"n":"Oeufs au sol Paroles d'Eleveurs x12","p":2.93,"u":"0,24 €/P","img":"https://fd8-photos.leclercdrive.fr/image.ashx?id=2506026&use=l&cat=p&typeid=i","cat":284378},{"id":156131,"n":"Tapenade noire Lucien Georgelin 100g","p":2.03,"u":"20,30 €/KG","img":"https://fd8-photos.leclercdrive.fr/image.ashx?id=2119262&use=l&cat=p&typeid=i","cat":284451},{"id":156135,"n":"Soda Coca-Cola canettes 12x33cl","p":8.31,"u":"2,10 €/L","img":"https://fd8-photos.leclercdrive.fr/image.ashx?id=2192940&use=l&cat=p&typeid=i","cat":284530},{"id":156138,"n":"Soda Coca-Cola Original Canettes - 20x33cl","p":13.75,"u":"2,08 €/L","img":"https://fd8-photos.leclercdrive.fr/image.ashx?id=2846766&use=l&cat=p&typeid=i","cat":284530},{"id":156145,"n":"Thé glacé Fuze tea Saveur pêche - 1,75L","p":1.93,"u":"1,10 €/L","img":"https://fd8-photos.leclercdrive.fr/image.ashx?id=2944395&use=l&cat=p&typeid=i","cat":295019},{"id":156156,"n":"Fromage enfant Kiri crème 8 portions à tartiner - 144g","p":2.09,"u":"0,26 €/P","img":"https://fd8-photos.leclercdrive.fr/image.ashx?id=2973562&use=l&cat=p&typeid=i","cat":314030},{"id":156165,"n":"Sauce bolognaise Bolo Balls 400g","p":2.65,"u":"6,63 €/KG","img":"https://fd8-photos.leclercdrive.fr/image.ashx?id=2918571&use=l&cat=p&typeid=i","cat":287599},{"id":156174,"n":"Biscuits fourrés BN Framboise - 285g","p":1.56,"u":"5,47 €/KG","img":"https://fd8-photos.leclercdrive.fr/image.ashx?id=2474999&use=l&cat=p&typeid=i","cat":284489},{"id":156175,"n":"Doomino St Michel Chocolat - x6","p":1.94,"u":"10,78 €/KG","img":"https://fd8-photos.leclercdrive.fr/image.ashx?id=2949979&use=l&cat=p&typeid=i","cat":284495},{"id":156188,"n":"Préparation Flan Pâtissier alsa Vanille - 740g","p":2.78,"u":"3,76 €/KG","img":"https://fd8-photos.leclercdrive.fr/image.ashx?id=2790591&use=l&cat=p&typeid=i","cat":284505},{"id":156189,"n":"Préparation Gâteau alsa Brownies - 305g","p":2.75,"u":"9,02 €/KG","img":"https://fd8-photos.leclercdrive.fr/image.ashx?id=2996440&use=l&cat=p&typeid=i","cat":284505},{"id":156193,"n":"Farine blé T45 Francine 750g","p":1.37,"u":"1,83 €/KG","img":"https://fd8-photos.leclercdrive.fr/image.ashx?id=2989141&use=l&cat=p&typeid=i","cat":284503},{"id":156198,"n":"Bière blonde Tripel Karmeliet 8,4% - 6x33cl","p":12.13,"u":"6,13 €/L","img":"https://fd8-photos.leclercdrive.fr/image.ashx?id=2675586&use=l&cat=p&typeid=i","cat":334872},{"id":156200,"n":"Wraps Old El Paso de blé nature format familial x10 - 580g","p":3.68,"u":"6,34 €/KG","img":"https://fd8-photos.leclercdrive.fr/image.ashx?id=2745352&use=l&cat=p&typeid=i","cat":288993},{"id":156299,"n":"Yaourt à la grecque YAOS  Vanille - 8x125g","p":4.17,"u":"4,17 €/KG","img":"https://fd8-photos.leclercdrive.fr/image.ashx?id=3007942&use=l&cat=p&typeid=i","cat":314999},{"id":156334,"n":"Grissini artigianali Florelli Multigraines - 250g","p":2.18,"u":"8,72 €/KG","img":"https://fd8-photos.leclercdrive.fr/image.ashx?id=2475864&use=l&cat=p&typeid=i","cat":289010},{"id":156342,"n":"Fromage le Coq  125g","p":2.87,"u":"22,96 €/KG","img":"https://fd8-photos.leclercdrive.fr/image.ashx?id=2985315&use=l&cat=p&typeid=i","cat":314032},{"id":156343,"n":"Abondance AOP NRT L'Atelier Fromagerie - 150g","p":3.2,"u":"21,33 €/KG","img":"https://fd8-photos.leclercdrive.fr/image.ashx?id=2123907&use=l&cat=p&typeid=i","cat":314036},{"id":156344,"n":"Fromage Beaufort AOP L'Atelier Fromagerie - 150g","p":4.49,"u":"29,93 €/KG","img":"https://fd8-photos.leclercdrive.fr/image.ashx?id=2120472&use=l&cat=p&typeid=i","cat":327294},{"id":156345,"n":"Fromage Bleu de Laqueuille L'Atelier Fromagerie - 150g","p":2.4,"u":"16,00 €/KG","img":"https://fd8-photos.leclercdrive.fr/image.ashx?id=2130002&use=l&cat=p&typeid=i","cat":327294},{"id":156350,"n":"Comté 18 mois AOP L'Atelier Fromagerie - 200g","p":5.3,"u":"26,50 €/KG","img":"https://fd8-photos.leclercdrive.fr/image.ashx?id=2130005&use=l&cat=p&typeid=i","cat":327294},{"id":156354,"n":"Saint Nectaire laitier AOP L'Atelier Fromagerie - 300g","p":4.7,"u":"15,67 €/KG","img":"https://fd8-photos.leclercdrive.fr/image.ashx?id=2115917&use=l&cat=p&typeid=i","cat":329184},{"id":156355,"n":"Grana padano 20 mois AOP L'Atelier Fromagerie - 180g","p":3.99,"u":"22,17 €/KG","img":"https://fd8-photos.leclercdrive.fr/image.ashx?id=2817178&use=l&cat=p&typeid=i","cat":314036},{"id":156397,"n":"Glaces Ferrero Rocher x4 chocolat lait noisettes - 200g","p":3.49,"img":"https://fd8-photos.leclercdrive.fr/image.ashx?id=2759065&use=l&cat=p&typeid=i","cat":284265},{"id":156400,"n":"Oeufs plein air catégorie A Bio Matines x10","p":4.47,"u":"0,45 €/P","img":"https://fd8-photos.leclercdrive.fr/image.ashx?id=2432259&use=l&cat=p&typeid=i","cat":284378},{"id":156403,"n":"Coulis de framboise Douceur du Verger - 300g","p":5.67,"u":"18,90 €/KG","img":"https://fd8-photos.leclercdrive.fr/image.ashx?id=2116185&use=l&cat=p&typeid=i","cat":284268},{"id":156412,"n":"Glaces Nui Caramel White chocolate & Texan pecan x4 264g","p":4.51,"u":"17,08 €/KG","img":"https://fd8-photos.leclercdrive.fr/image.ashx?id=2519900&use=l&cat=p&typeid=i","cat":284265},{"id":156415,"n":"Bâtonnet Raffaello  Noix de coco amandes x4 - 188g","p":3.57,"u":"18,99 €/KG","img":"https://fd8-photos.leclercdrive.fr/image.ashx?id=2863890&use=l&cat=p&typeid=i","cat":284265},{"id":156476,"n":"Fromage Feta Grecque Islos AOP - 150g","p":2.8,"u":"18,67 €/KG","img":"https://fd8-photos.leclercdrive.fr/image.ashx?id=2892625&use=l&cat=p&typeid=i","cat":314026},{"id":156493,"n":"Petit pot bébé Blédina 6 mois  Légumes bœuf - 2x200g","p":2.15,"u":"5,38 €/KG","img":"https://fd8-photos.leclercdrive.fr/image.ashx?id=2968091&use=l&cat=p&typeid=i","cat":312236},{"id":156496,"n":"Petit pot bébé Blédina 6 mois Potimarron jambon - 2x200g","p":2.07,"u":"5,18 €/KG","img":"https://fd8-photos.leclercdrive.fr/image.ashx?id=2935768&use=l&cat=p&typeid=i","cat":312236},{"id":156497,"n":"Petit pot bébé Blédina 8 mois Riz ratatouille poisson -2x200g","p":2.07,"u":"5,18 €/KG","img":"https://fd8-photos.leclercdrive.fr/image.ashx?id=2911208&use=l&cat=p&typeid=i","cat":312236},{"id":156499,"n":"Petit pot bébé Blédina 8 mois Légumes poulet - 2x200g","p":1.98,"u":"4,95 €/KG","img":"https://fd8-photos.leclercdrive.fr/image.ashx?id=2935765&use=l&cat=p&typeid=i","cat":312236},{"id":156501,"n":"Petit pot bébé Blédina 6 mois Légumes jambon - 2x200g","p":2.06,"u":"5,15 €/KG","img":"https://fd8-photos.leclercdrive.fr/image.ashx?id=2948767&use=l&cat=p&typeid=i","cat":312236},{"id":156503,"n":"Petit pot bébé Blédina 6 mois  Légumes verts poulet - 2x200g","p":2.1,"u":"5,25 €/KG","img":"https://fd8-photos.leclercdrive.fr/image.ashx?id=2983063&use=l&cat=p&typeid=i","cat":312236},{"id":156527,"n":"Capsules Starbucks by Nespresso  Blonde Espresso Int 6 - x18","p":6.22,"u":"66,17 €/KG","img":"https://fd8-photos.leclercdrive.fr/image.ashx?id=2668177&use=l&cat=p&typeid=i","cat":284749},{"id":156528,"n":"Petit pot bébé Blédina 4-6 mois Carotte - 2x130g","p":1.24,"u":"4,77 €/KG","img":"https://fd8-photos.leclercdrive.fr/image.ashx?id=2911870&use=l&cat=p&typeid=i","cat":312234},{"id":156538,"n":"Compote bébé Blédina 6 mois  Aux fruits - 4x130g","p":2.67,"u":"5,13 €/KG","img":"https://fd8-photos.leclercdrive.fr/image.ashx?id=2911196&use=l&cat=p&typeid=i","cat":312388},{"id":156539,"n":"Petit pot bébé Blédina 6 mois Semoule carotte dinde - 2x200g","p":2.19,"u":"5,48 €/KG","img":"https://fd8-photos.leclercdrive.fr/image.ashx?id=2935774&use=l&cat=p&typeid=i","cat":312236},{"id":156540,"n":"Petit pot bébé Blédina 6 mois Patate douce carotte-2x200g","p":1.92,"u":"4,80 €/KG","img":"https://fd8-photos.leclercdrive.fr/image.ashx?id=2951617&use=l&cat=p&typeid=i","cat":312235},{"id":156550,"n":"Petites Tartelettes Bonne Maman Chocolat caramel - 250g","p":2.44,"u":"9,76 €/KG","img":"https://fd8-photos.leclercdrive.fr/image.ashx?id=2962302&use=l&cat=p&typeid=i","cat":284488},{"id":156563,"n":"Petit pot bébé Blédina 6 mois Purée carotte jambon - 2x200g","p":2.08,"u":"5,20 €/KG","img":"https://fd8-photos.leclercdrive.fr/image.ashx?id=2935762&use=l&cat=p&typeid=i","cat":312236},{"id":156598,"n":"Biscuits fourrés bio Jardin Bio Chocolat - 300g","p":2.28,"u":"7,60 €/KG","img":"https://fd8-photos.leclercdrive.fr/image.ashx?id=2903353&use=l&cat=p&typeid=i","cat":284488},{"id":156599,"n":"Tomate cerise mélangée 1kg","p":5.99,"u":"5,99 €/KG","img":"https://fd8-photos.leclercdrive.fr/image.ashx?id=1633238&use=l&cat=p&typeid=i","cat":284352},{"id":156647,"n":"Compote Pom'Potes Pomme  brugnon banane - 64x90g","p":29.39,"u":"5,10 €/KG","img":"https://fd8-photos.leclercdrive.fr/image.ashx?id=2254574&use=l&cat=p&typeid=i","cat":284508},{"id":156744,"n":"Classeur ménager métal Terracota +5 dossiers suspendus","p":14.5,"img":"https://fd8-photos.leclercdrive.fr/image.ashx?id=2129272&use=l&cat=p&typeid=i","cat":284745},{"id":156745,"n":"Classeur ménager métal  Bleu distant + 5 dossiers susp.","p":14.5,"img":"https://fd8-photos.leclercdrive.fr/image.ashx?id=2149261&use=l&cat=p&typeid=i","cat":284745},{"id":157127,"n":"Roller Frixion ball moyen Bleu - x3","p":8.0,"img":"https://fd8-photos.leclercdrive.fr/image.ashx?id=2558942&use=l&cat=p&typeid=i","cat":284696},{"id":157611,"n":"Bière blonde La Bête 8° - 75cl","p":4.29,"u":"5,72 €/L","img":"https://fd8-photos.leclercdrive.fr/image.ashx?id=3011242&use=l&cat=p&typeid=i","cat":334872},{"id":157628,"n":"Crème corps Mixa  Peaux Sèches, Sensibles - 400ml","p":4.56,"u":"11,40 €/L","img":"https://fd8-photos.leclercdrive.fr/image.ashx?id=2338432&use=l&cat=p&typeid=i","cat":325350},{"id":157655,"n":"Crème main Le Petit Marseillais Réparation - Karité - 75ml","p":2.08,"u":"27,73 €/L","img":"https://fd8-photos.leclercdrive.fr/image.ashx?id=2901893&use=l&cat=p&typeid=i","cat":325354},{"id":157656,"n":"Brosse à dents électrique Oral B Cross Action - x1","p":41.79,"u":"Dont 0,07 € d'éco-part.","img":"https://fd8-photos.leclercdrive.fr/image.ashx?id=2538049&use=l&cat=p&typeid=i","cat":297133},{"id":157777,"n":"Lave glace hiver TECH9 -30° - Dégivrant - 5L","p":6.99,"u":"1,40 €/L","img":"https://fd8-photos.leclercdrive.fr/image.ashx?id=2162702&use=l&cat=p&typeid=i","cat":298252},{"id":157818,"n":"Bière blanche Affligem Fût 5L","p":22.3,"u":"4,46 €/L","img":"https://fd8-photos.leclercdrive.fr/image.ashx?id=2765045&use=l&cat=p&typeid=i","cat":334879},{"id":157973,"n":"Capsules café Plantation Lungo Forte n°8 - x10 - 52g","p":2.24,"u":"43,08 €/KG","img":"https://fd8-photos.leclercdrive.fr/image.ashx?id=2867266&use=l&cat=p&typeid=i","cat":284749},{"id":158144,"n":"Sac à dos Padded pak'r Eastpak Black Denim","p":45.9,"img":"https://fd8-photos.leclercdrive.fr/image.ashx?id=2126697&use=l&cat=p&typeid=i","cat":334133},{"id":158145,"n":"Bière agrumes Desperados Virgin 0%vol - 6x33cl","p":7.35,"u":"3,71 €/L","img":"https://fd8-photos.leclercdrive.fr/image.ashx?id=2767519&use=l&cat=p&typeid=i","cat":334877},{"id":158181,"n":"Gel Douche Le Petit Marseillais  Bio peche & nectarine-250ml","p":2.41,"u":"9,64 €/L","img":"https://fd8-photos.leclercdrive.fr/image.ashx?id=2685141&use=l&cat=p&typeid=i","cat":284594},{"id":158195,"n":"Assouplissant Biovie Concentré à l'aloe vera bio -1L","p":3.71,"u":"3,71 €/L","img":"https://fd8-photos.leclercdrive.fr/image.ashx?id=2849977&use=l&cat=p&typeid=i","cat":284650},{"id":158220,"n":"Rhum Havana Club 3 ans 37,5% vol - 70cl","p":16.37,"u":"23,39 €/L","img":"https://fd8-photos.leclercdrive.fr/image.ashx?id=2874096&use=l&cat=p&typeid=i","cat":284550},{"id":158316,"n":"Stick lèvres Dermophil Réparateur Protecteur- 2 pièces","p":8.02,"u":"501,25 €/KG","img":"https://fd8-photos.leclercdrive.fr/image.ashx?id=2939772&use=l&cat=p&typeid=i","cat":285485},{"id":158329,"n":"Gel Douche Le Petit Marseillais  Bio amande douce - 250ml","p":2.54,"u":"10,16 €/L","img":"https://fd8-photos.leclercdrive.fr/image.ashx?id=2685144&use=l&cat=p&typeid=i","cat":284594},{"id":158363,"n":"Crème Douche Surgras Bio Cadum Karité - 500ml","p":2.14,"u":"4,28 €/L","img":"https://fd8-photos.leclercdrive.fr/image.ashx?id=2575630&use=l&cat=p&typeid=i","cat":284594},{"id":158364,"n":"Whisky Ballantine's 7 ans Blended Scotch 40% vol - 70cl","p":20.64,"u":"29,49 €/L","img":"https://fd8-photos.leclercdrive.fr/image.ashx?id=3000366&use=l&cat=p&typeid=i","cat":284547},{"id":158374,"n":"Shampoing Le Petit Marseillais  Thym & the vert - 250ml","p":2.05,"u":"8,20 €/L","img":"https://fd8-photos.leclercdrive.fr/image.ashx?id=2684176&use=l&cat=p&typeid=i","cat":284606},{"id":158390,"n":"Aiguillettes végétales HappyVore - 150g","p":3.58,"u":"23,87 €/KG","img":"https://fd8-photos.leclercdrive.fr/image.ashx?id=2787530&use=l&cat=p&typeid=i","cat":316036},{"id":158391,"n":"Nuggets végétaux HappyVore - 210g","p":3.63,"u":"17,29 €/KG","img":"https://fd8-photos.leclercdrive.fr/image.ashx?id=2965241&use=l&cat=p&typeid=i","cat":316036},{"id":158394,"n":"Merguez végétales HappyVore - 200g","p":3.65,"u":"18,25 €/KG","img":"https://fd8-photos.leclercdrive.fr/image.ashx?id=2736196&use=l&cat=p&typeid=i","cat":316036},{"id":158521,"n":"Savon liquide Le Petit Olivier Lavande - 300ml","p":2.59,"u":"8,63 €/L","img":"https://fd8-photos.leclercdrive.fr/image.ashx?id=2684509&use=l&cat=p&typeid=i","cat":284594},{"id":158569,"n":"Blanc de poulet Tradilège Sans nitrite - 4 Tranches 120g","p":1.45,"u":"12,08 €/KG","img":"https://fd8-photos.leclercdrive.fr/image.ashx?id=2943701&use=l&cat=p&typeid=i","cat":316010},{"id":158571,"n":"Plat bébé Blédina 8 mois  Pâtes tomate boeuf - 2x200g","p":2.78,"u":"6,95 €/KG","img":"https://fd8-photos.leclercdrive.fr/image.ashx?id=2975092&use=l&cat=p&typeid=i","cat":312236},{"id":158575,"n":"Single malt Scotch Glenfiddich Tripple Oak 40%vol - 70cl 12ans","p":33.15,"u":"47,36 €/L","img":"https://fd8-photos.leclercdrive.fr/image.ashx?id=2131596&use=l&cat=p&typeid=i","cat":284547},{"id":158588,"n":"Vin de France rouge Merlot Cabernet Sauvign.Cambras BIB 5L","p":13.65,"u":"2,73 €/L","img":"https://fd8-photos.leclercdrive.fr/image.ashx?id=2694587&use=l&cat=p&typeid=i","cat":289556},{"id":158715,"n":"Doomino St Michel Choco Noisette x6 - 180g","p":1.86,"u":"10,33 €/KG","img":"https://fd8-photos.leclercdrive.fr/image.ashx?id=2953495&use=l&cat=p&typeid=i","cat":284495},{"id":158787,"n":"Petit pot bébé Blédina 6 mois Légume viande poisson - 8x200g","p":7.92,"u":"4,95 €/KG","img":"https://fd8-photos.leclercdrive.fr/image.ashx?id=2948773&use=l&cat=p&typeid=i","cat":312236},{"id":158803,"n":"Rotella Haribo Sachet bonbons réglisse - 300g","p":1.38,"u":"4,60 €/KG","img":"https://fd8-photos.leclercdrive.fr/image.ashx?id=2982402&use=l&cat=p&typeid=i","cat":304250},{"id":158805,"n":"Quinoa gourmand Tipiak Aux épices douces 240g","p":2.31,"u":"9,63 €/KG","img":"https://fd8-photos.leclercdrive.fr/image.ashx?id=2947054&use=l&cat=p&typeid=i","cat":284429},{"id":158936,"n":"Pains au lait La Boulangère x10 - 350g","p":1.88,"u":"5,37 €/KG","img":"https://fd8-photos.leclercdrive.fr/image.ashx?id=2912437&use=l&cat=p&typeid=i","cat":293505},{"id":158937,"n":"Sauce Tikka Masala Patak's 450g","p":2.98,"u":"6,62 €/KG","img":"https://fd8-photos.leclercdrive.fr/image.ashx?id=2593698&use=l&cat=p&typeid=i","cat":289012},{"id":158939,"n":"Sauce Butter Chicken Patak's 450g","p":3.14,"u":"6,98 €/KG","img":"https://fd8-photos.leclercdrive.fr/image.ashx?id=2857713&use=l&cat=p&typeid=i","cat":289012},{"id":158943,"n":"Sauce Korma Patak's 450g","p":3.34,"u":"7,42 €/KG","img":"https://fd8-photos.leclercdrive.fr/image.ashx?id=2607764&use=l&cat=p&typeid=i","cat":289012},{"id":158944,"n":"Sauce Tandoori Patak's 450g","p":3.35,"u":"7,44 €/KG","img":"https://fd8-photos.leclercdrive.fr/image.ashx?id=2762265&use=l&cat=p&typeid=i","cat":289012},{"id":158949,"n":"Gaufres aux oeufs Lotus 371g","p":3.33,"u":"8,98 €/KG","img":"https://fd8-photos.leclercdrive.fr/image.ashx?id=2133849&use=l&cat=p&typeid=i","cat":294777},{"id":158966,"n":"Rainbow Pik Haribo  Sachet bonbons acidulés - 200g","p":1.53,"u":"7,65 €/KG","img":"https://fd8-photos.leclercdrive.fr/image.ashx?id=2982408&use=l&cat=p&typeid=i","cat":304250},{"id":158970,"n":"Sauce Tomacouli Panzani - 200G","p":0.81,"u":"4,05 €/KG","img":"https://fd8-photos.leclercdrive.fr/image.ashx?id=2872853&use=l&cat=p&typeid=i","cat":288384},{"id":158980,"n":"Tripe Paul et Louise Catalane - 400g","p":2.17,"u":"5,43 €/KG","img":"https://fd8-photos.leclercdrive.fr/image.ashx?id=2367574&use=l&cat=p&typeid=i","cat":284441},{"id":159011,"n":"Pain au maïs 320g","p":2.1,"u":"6,56 €/KG","img":"https://fd8-photos.leclercdrive.fr/image.ashx?id=1691369&use=l&cat=p&typeid=i","cat":284359},{"id":159081,"n":"Rhum Havana Club Especial 37,5% vol - 70cl","p":18.74,"u":"26,77 €/L","img":"https://fd8-photos.leclercdrive.fr/image.ashx?id=2961311&use=l&cat=p&typeid=i","cat":284550},{"id":159085,"n":"Savon liquide Le Petit Olivier Fleur d'Oranger - 300ml","p":2.77,"u":"9,23 €/L","img":"https://fd8-photos.leclercdrive.fr/image.ashx?id=2683796&use=l&cat=p&typeid=i","cat":284597},{"id":159209,"n":"Lasagne Lustucru Selection  250g","p":2.27,"u":"9,08 €/KG","img":"https://fd8-photos.leclercdrive.fr/image.ashx?id=2792396&use=l&cat=p&typeid=i","cat":333682},{"id":159212,"n":"Bloc WC Bref Deluxe Magnolia  Toilettes propres - 50g x1","p":1.84,"u":"36,80 €/KG","img":"https://fd8-photos.leclercdrive.fr/image.ashx?id=2907581&use=l&cat=p&typeid=i","cat":284662},{"id":159220,"n":"Dos de Cabillaud Findus MSC - x4 - 440g","p":10.85,"u":"24,66 €/KG","img":"https://fd8-photos.leclercdrive.fr/image.ashx?id=2735347&use=l&cat=p&typeid=i","cat":319786},{"id":159338,"n":"Demi reblochon Pochat & Fils AOP Fruitier - 27%mg - 240g","p":3.96,"u":"16,50 €/KG","img":"https://fd8-photos.leclercdrive.fr/image.ashx?id=2137855&use=l&cat=p&typeid=i","cat":314037},{"id":159352,"n":"Concentré à diluer Pulco Citron Fraise - 70cl","p":2.7,"u":"3,86 €/L","img":"https://fd8-photos.leclercdrive.fr/image.ashx?id=2687782&use=l&cat=p&typeid=i","cat":295020},{"id":159359,"n":"Pommes Dauphine Findus 200g","p":1.83,"u":"9,15 €/KG","img":"https://fd8-photos.leclercdrive.fr/image.ashx?id=2985345&use=l&cat=p&typeid=i","cat":319792},{"id":159364,"n":"Houmous Tables du Monde 175g","p":2.25,"u":"12,86 €/KG","img":"https://fd8-photos.leclercdrive.fr/image.ashx?id=2860079&use=l&cat=p&typeid=i","cat":315999},{"id":159378,"n":"Whisky Nikka Days 40% - 70cl","p":38.46,"u":"54,94 €/L","img":"https://fd8-photos.leclercdrive.fr/image.ashx?id=2735710&use=l&cat=p&typeid=i","cat":284547},{"id":159448,"n":"Boisson aux fruits Jafun Pomme Cassis Framboise - 2L","p":1.49,"u":"0,75 €/L","img":"https://fd8-photos.leclercdrive.fr/image.ashx?id=2956924&use=l&cat=p&typeid=i","cat":295018},{"id":159505,"n":"Saké Miyako Nihonshu 72cl","p":15.92,"u":"22,11 €/L","img":"https://fd8-photos.leclercdrive.fr/image.ashx?id=2148675&use=l&cat=p&typeid=i","cat":284913},{"id":159509,"n":"Girasoli Turini Mozzarella Tomates - 300g","p":2.49,"u":"8,30 €/KG","img":"https://fd8-photos.leclercdrive.fr/image.ashx?id=2778090&use=l&cat=p&typeid=i","cat":333682},{"id":159522,"n":"Cremio Box Sodebo Jambon Emmental 280g","p":2.9,"u":"10,36 €/KG","img":"https://fd8-photos.leclercdrive.fr/image.ashx?id=2860196&use=l&cat=p&typeid=i","cat":334983},{"id":159548,"n":"Veau haché BioYooji 6 mois - 80g","p":4.99,"u":"62,38 €/KG","img":"https://fd8-photos.leclercdrive.fr/image.ashx?id=2832260&use=l&cat=p&typeid=i","cat":290631},{"id":159627,"n":"Fromage Fol Epi  Originale 8 Tranches - 150g","p":2.2,"u":"14,67 €/KG","img":"https://fd8-photos.leclercdrive.fr/image.ashx?id=2456801&use=l&cat=p&typeid=i","cat":314028},{"id":159702,"n":"Piles alcalines Duracell Plus 9V 6LR61 MN1604 - x1","p":4.5,"img":"https://fd8-photos.leclercdrive.fr/image.ashx?id=2929113&use=l&cat=p&typeid=i","cat":300572},{"id":159734,"n":"Pomme Figue Bio Good Goût Gourde - 120g","p":1.58,"u":"13,17 €/KG","img":"https://fd8-photos.leclercdrive.fr/image.ashx?id=2736082&use=l&cat=p&typeid=i","cat":312387},{"id":159735,"n":"Pomme Framboise Bio Good Goût - Gourde - 120g","p":1.58,"u":"13,17 €/KG","img":"https://fd8-photos.leclercdrive.fr/image.ashx?id=2736103&use=l&cat=p&typeid=i","cat":312387},{"id":159876,"n":"Shampooing Tous mes amis Insectifuge chien chat - 250ml","p":4.09,"u":"16,36 €/L","img":"https://fd8-photos.leclercdrive.fr/image.ashx?id=2162657&use=l&cat=p&typeid=i","cat":285161},{"id":159897,"n":"Fromage Enfant Kiri Crème 12 portions à tartiner - 216g","p":2.86,"u":"13,24 €/KG","img":"https://fd8-photos.leclercdrive.fr/image.ashx?id=2973565&use=l&cat=p&typeid=i","cat":314030},{"id":159903,"n":"Boisson aux fruits Jafun Tropical - 2L","p":1.75,"u":"0,88 €/L","img":"https://fd8-photos.leclercdrive.fr/image.ashx?id=2897835&use=l&cat=p&typeid=i","cat":295018},{"id":159924,"n":"Céréales Jordans Granola Chocolat Noir - 400g","p":3.68,"u":"9,20 €/KG","img":"https://fd8-photos.leclercdrive.fr/image.ashx?id=2478784&use=l&cat=p&typeid=i","cat":309512},{"id":159938,"n":"Desserts Lactés P'TIT BRASSE   Fraise BIO 6M+ - 4x90g","p":2.21,"u":"24,56 €/KG","img":"https://fd8-photos.leclercdrive.fr/image.ashx?id=2510202&use=l&cat=p&typeid=i","cat":312392},{"id":159961,"n":"Huile moteur Tech 9 5W40 Essence - 5L","p":23.5,"u":"4,70 €/L","img":"https://fd8-photos.leclercdrive.fr/image.ashx?id=2148785&use=l&cat=p&typeid=i","cat":298253},{"id":159965,"n":"Capsules Starbucks by Nespresso  Colombia Int 7 - x18","p":6.19,"u":"61,29 €/KG","img":"https://fd8-photos.leclercdrive.fr/image.ashx?id=2668174&use=l&cat=p&typeid=i","cat":284749},{"id":160054,"n":"Boxer coton stretch Dim Noir/Gris/Blanc T2/S - x3","p":24.95,"u":"8,32 €/P","img":"https://fd8-photos.leclercdrive.fr/image.ashx?id=2143223&use=l&cat=p&typeid=i","cat":291524},{"id":160057,"n":"Slips  coton stretch Dim Noir T2/S - x3","p":22.45,"u":"7,48 €/P","img":"https://fd8-photos.leclercdrive.fr/image.ashx?id=2194783&use=l&cat=p&typeid=i","cat":291524},{"id":160062,"n":"Boxer coton stretch Dim T6/XXL Gris plomb/Rouge chili/Noir- x3","p":24.95,"u":"8,32 €/P","img":"https://fd8-photos.leclercdrive.fr/image.ashx?id=2195029&use=l&cat=p&typeid=i","cat":291524},{"id":160101,"n":"Yaourt brassé Perle de Lait Panaché - 8x125g","p":3.49,"u":"3,49 €/KG","img":"https://fd8-photos.leclercdrive.fr/image.ashx?id=2989222&use=l&cat=p&typeid=i","cat":286006},{"id":160107,"n":"Jus innocent  pomme 1.5L","p":4.23,"u":"2,82 €/L","img":"https://fd8-photos.leclercdrive.fr/image.ashx?id=2893522&use=l&cat=p&typeid=i","cat":284354},{"id":160140,"n":"Dessert fruitier Andros Onctueux abricot - 4x97g","p":2.44,"u":"6,29 €/KG","img":"https://fd8-photos.leclercdrive.fr/image.ashx?id=2884009&use=l&cat=p&typeid=i","cat":284416},{"id":160143,"n":"Dessert fruitier Andros Pomme/vanille - 4x100g","p":1.48,"u":"3,70 €/KG","img":"https://fd8-photos.leclercdrive.fr/image.ashx?id=2883937&use=l&cat=p&typeid=i","cat":284416},{"id":160145,"n":"Liegeois Andros Pomme/mangue/passion 4x100g","p":2.51,"u":"6,28 €/KG","img":"https://fd8-photos.leclercdrive.fr/image.ashx?id=2787269&use=l&cat=p&typeid=i","cat":285042},{"id":160147,"n":"Yaourt gourmand Mamie Nova Citron lemon curd - 2x150g","p":1.4,"u":"4,67 €/KG","img":"https://fd8-photos.leclercdrive.fr/image.ashx?id=2144638&use=l&cat=p&typeid=i","cat":284410},{"id":160177,"n":"Madeleines Saint Michel Pépites chocolat - 700g","p":4.18,"u":"5,97 €/KG","img":"https://fd8-photos.leclercdrive.fr/image.ashx?id=2338141&use=l&cat=p&typeid=i","cat":284492},{"id":160361,"n":"AOP Château L'hospitalet Languedoc La Clape - 75cl","p":9.82,"u":"13,09 €/L","img":"https://fd8-photos.leclercdrive.fr/image.ashx?id=2407604&use=l&cat=p&typeid=i","cat":289557},{"id":160405,"n":"Pilon de poulet Maitre Coq Jaune - 1kg","p":5.75,"u":"5,75 €/KG","img":"https://fd8-photos.leclercdrive.fr/image.ashx?id=2551147&use=l&cat=p&typeid=i","cat":284336},{"id":160428,"n":"Lessive liquide fraicheur Epsil 40 lavages - 2L","p":4.6,"u":"2,30 €/L","img":"https://fd8-photos.leclercdrive.fr/image.ashx?id=2602982&use=l&cat=p&typeid=i","cat":284640},{"id":160429,"n":"Lessive liquide printemps Epsil 40 Lavages - 2L","p":4.6,"u":"2,30 €/L","img":"https://fd8-photos.leclercdrive.fr/image.ashx?id=2958347&use=l&cat=p&typeid=i","cat":284640},{"id":160430,"n":"Lessive liquide sensitive Epsil 40 lavages - 2L","p":5.99,"u":"3,00 €/L","img":"https://fd8-photos.leclercdrive.fr/image.ashx?id=2838951&use=l&cat=p&typeid=i","cat":284640},{"id":160756,"n":"Papier Toilette Humide - Aloe Vera Lotus - x80","p":3.57,"u":"0,04 €/P","img":"https://fd8-photos.leclercdrive.fr/image.ashx?id=2842927&use=l&cat=p&typeid=i","cat":284634},{"id":161003,"n":"Mayonnaise Bénédicta Nature - 510g","p":2.49,"u":"4,88 €/KG","img":"https://fd8-photos.leclercdrive.fr/image.ashx?id=2548225&use=l&cat=p&typeid=i","cat":298295},{"id":161006,"n":"Mayonnaise Bénédicta Nature - 585g","p":3.14,"u":"5,37 €/KG","img":"https://fd8-photos.leclercdrive.fr/image.ashx?id=2889664&use=l&cat=p&typeid=i","cat":298295},{"id":161007,"n":"Mayonnaise Bénédicta Nature - 400g","p":2.56,"u":"6,40 €/KG","img":"https://fd8-photos.leclercdrive.fr/image.ashx?id=2548237&use=l&cat=p&typeid=i","cat":298295},{"id":161082,"n":"Café capsules DOLCE GUSTO Starbucks vanilla macchiato 2x6","p":4.62,"u":"35,00 €/KG","img":"https://fd8-photos.leclercdrive.fr/image.ashx?id=2986912&use=l&cat=p&typeid=i","cat":293239},{"id":161091,"n":"Nettoyant Ménager La Croix  Désinfectant sans Javel - 1L","p":2.25,"u":"2,25 €/L","img":"https://fd8-photos.leclercdrive.fr/image.ashx?id=2666429&use=l&cat=p&typeid=i","cat":284907},{"id":161093,"n":"Nettoyant ménager La Croix  spray cuisine sans javel- 500ml","p":2.25,"u":"4,50 €/L","img":"https://fd8-photos.leclercdrive.fr/image.ashx?id=2676918&use=l&cat=p&typeid=i","cat":325357},{"id":161123,"n":"Boisson aux fruits Jafun Fraise Framboise - 2L","p":2.12,"u":"1,06 €/L","img":"https://fd8-photos.leclercdrive.fr/image.ashx?id=2865287&use=l&cat=p&typeid=i","cat":295018},{"id":161126,"n":"Boisson aux fruits Jafun Multifruits - 2L","p":1.99,"u":"1,00 €/L","img":"https://fd8-photos.leclercdrive.fr/image.ashx?id=2897832&use=l&cat=p&typeid=i","cat":295018},{"id":161226,"n":"Huile essentielle Puressentiel Gaulthérie Bio - 10ml","p":5.9,"u":"590,00 €/L","img":"https://fd8-photos.leclercdrive.fr/image.ashx?id=2155564&use=l&cat=p&typeid=i","cat":298633},{"id":161393,"n":"IGP Côtes De Gascogne blanc Faute de Merles - 75cl","p":6.27,"u":"8,36 €/L","img":"https://fd8-photos.leclercdrive.fr/image.ashx?id=2336239&use=l&cat=p&typeid=i","cat":289557},{"id":161410,"n":"Pains hot dog La Fournée Dorée Brioch' x6 - 270g","p":1.92,"u":"7,11 €/KG","img":"https://fd8-photos.leclercdrive.fr/image.ashx?id=2406136&use=l&cat=p&typeid=i","cat":284985},{"id":161415,"n":"Confiture aux abricots Léonce Blanc 70% de fruits-320g","p":3.15,"u":"9,84 €/KG","img":"https://fd8-photos.leclercdrive.fr/image.ashx?id=2181161&use=l&cat=p&typeid=i","cat":284480},{"id":161483,"n":"Lait Le Petit Marseillais Hydratant désaltérant 400ml","p":4.19,"u":"10,48 €/L","img":"https://fd8-photos.leclercdrive.fr/image.ashx?id=2157175&use=l&cat=p&typeid=i","cat":325349},{"id":161575,"n":"DOC Prosecco Bio 7% vol - 75cl","p":6.49,"u":"8,65 €/L","img":"https://fd8-photos.leclercdrive.fr/image.ashx?id=2977204&use=l&cat=p&typeid=i","cat":289461},{"id":161709,"n":"Déodorant bille Men Expert Thermic Resist - 50ml","p":2.54,"u":"50,80 €/L","img":"https://fd8-photos.leclercdrive.fr/image.ashx?id=2300518&use=l&cat=p&typeid=i","cat":284618},{"id":161846,"n":"Sucre roux Tablier blanc En morceaux - 1kg","p":1.81,"u":"1,81 €/KG","img":"https://fd8-photos.leclercdrive.fr/image.ashx?id=3010437&use=l&cat=p&typeid=i","cat":284502},{"id":161891,"n":"Pain burger Beau & Bon Harry's Brioché x4 - 300g","p":2.11,"u":"7,03 €/KG","img":"https://fd8-photos.leclercdrive.fr/image.ashx?id=2526830&use=l&cat=p&typeid=i","cat":325067},{"id":161914,"n":"Boisson aux fruits Jafun Tropical light - 2L","p":1.39,"u":"0,70 €/L","img":"https://fd8-photos.leclercdrive.fr/image.ashx?id=2982682&use=l&cat=p&typeid=i","cat":295018},{"id":162161,"n":"Compotes Pom'Potes Gourdes  5 Fruits Rouges&Jaunes -12x90g","p":5.86,"u":"5,43 €/KG","img":"https://fd8-photos.leclercdrive.fr/image.ashx?id=3010945&use=l&cat=p&typeid=i","cat":284508},{"id":162162,"n":"Compotes Pom'Potes Gourdes  5 Fruits Jaunes&Exotiq - 20x90g","p":8.15,"u":"4,53 €/KG","img":"https://fd8-photos.leclercdrive.fr/image.ashx?id=2883411&use=l&cat=p&typeid=i","cat":284508},{"id":162163,"n":"Compotes Pom'Potes Gourdes  Pomme, Pomme Fraise - 12x90g","p":6.02,"u":"5,57 €/KG","img":"https://fd8-photos.leclercdrive.fr/image.ashx?id=3007927&use=l&cat=p&typeid=i","cat":284508},{"id":162165,"n":"Compotes Materne Coupelles   MultiFruits Exotique - 12x100g","p":4.85,"u":"4,04 €/KG","img":"https://fd8-photos.leclercdrive.fr/image.ashx?id=3010873&use=l&cat=p&typeid=i","cat":284508},{"id":162187,"n":"Skyr Bio Les 2 vaches Nature 0%MG - 480g","p":3.46,"u":"7,21 €/KG","img":"https://fd8-photos.leclercdrive.fr/image.ashx?id=2787293&use=l&cat=p&typeid=i","cat":315000},{"id":162271,"n":"Tablette de chocolat noir Lindt Intense 70% - 2x200g","p":6.46,"pp":4.26,"u":"10,65 €/KG","img":"https://fd8-photos.leclercdrive.fr/image.ashx?id=2208936&use=l&cat=p&typeid=i","cat":285562},{"id":162274,"n":"Sauce Crudités Benedicta  Nature légère - 295g","p":1.92,"u":"6,51 €/KG","img":"https://fd8-photos.leclercdrive.fr/image.ashx?id=2755206&use=l&cat=p&typeid=i","cat":284456},{"id":162275,"n":"Sauce Pita Heinz - 230g","p":1.82,"u":"7,91 €/KG","img":"https://fd8-photos.leclercdrive.fr/image.ashx?id=2973165&use=l&cat=p&typeid=i","cat":318431},{"id":162304,"n":"AOP Minervois Bio Château de Fauzan - 75 cl","p":6.8,"u":"9,07 €/L","img":"https://fd8-photos.leclercdrive.fr/image.ashx?id=2672368&use=l&cat=p&typeid=i","cat":289556},{"id":162353,"n":"Acras morue L'Atelier Traiteur 200g","p":2.45,"u":"12,25 €/KG","img":"https://fd8-photos.leclercdrive.fr/image.ashx?id=2635706&use=l&cat=p&typeid=i","cat":333673},{"id":162357,"n":"Samoussas L'Atelier Traiteur Boeuf curry - 220g","p":3.32,"u":"15,09 €/KG","img":"https://fd8-photos.leclercdrive.fr/image.ashx?id=2635709&use=l&cat=p&typeid=i","cat":333673},{"id":162358,"n":"Saucisson Mini Justin Bridou Bâton de Berger Noisette - 80g","p":2.93,"u":"36,63 €/KG","img":"https://fd8-photos.leclercdrive.fr/image.ashx?id=2165251&use=l&cat=p&typeid=i","cat":316006},{"id":162396,"n":"Sablés diététiques Gerblé Myrtille - 140g","p":2.53,"u":"18,07 €/KG","img":"https://fd8-photos.leclercdrive.fr/image.ashx?id=2662292&use=l&cat=p&typeid=i","cat":318651},{"id":162403,"n":"Nems au porc L'Atelier Traiteur 280g","p":2.85,"u":"10,18 €/KG","img":"https://fd8-photos.leclercdrive.fr/image.ashx?id=2967682&use=l&cat=p&typeid=i","cat":333673},{"id":162407,"n":"Lasagnes à la bolognaise L'Atelier Traiteur - 900g","p":7.29,"u":"8,10 €/KG","img":"https://fd8-photos.leclercdrive.fr/image.ashx?id=2572493&use=l&cat=p&typeid=i","cat":333666},{"id":162473,"n":"Limoncello Cherry Rocher 15% vol. 70cl","p":6.81,"u":"9,73 €/L","img":"https://fd8-photos.leclercdrive.fr/image.ashx?id=2503512&use=l&cat=p&typeid=i","cat":286032},{"id":162572,"n":"Sauce apéritif Doritos Goût sour cream -280g","p":2.4,"u":"8,57 €/KG","img":"https://fd8-photos.leclercdrive.fr/image.ashx?id=2167528&use=l&cat=p&typeid=i","cat":284451},{"id":162590,"n":"Thon entier MSC Saupiquet Nature - 280g","p":5.12,"u":"18,29 €/KG","img":"https://fd8-photos.leclercdrive.fr/image.ashx?id=2860883&use=l&cat=p&typeid=i","cat":303867},{"id":162596,"n":"Boisson aux fruits Jafun Orange - 2L","p":1.49,"u":"0,75 €/L","img":"https://fd8-photos.leclercdrive.fr/image.ashx?id=2865284&use=l&cat=p&typeid=i","cat":295018},{"id":162604,"n":"Parmentier L'Atelier Traiteur Boeuf - 750g","p":7.75,"u":"10,33 €/KG","img":"https://fd8-photos.leclercdrive.fr/image.ashx?id=2895804&use=l&cat=p&typeid=i","cat":333666},{"id":162605,"n":"Piles Varta Longlife Power AA/LR06 - x20","p":12.9,"u":"0,65 €/P","img":"https://fd8-photos.leclercdrive.fr/image.ashx?id=2804571&use=l&cat=p&typeid=i","cat":300572},{"id":162606,"n":"Pile Varta Longlife power AAA LR03 - x20","p":12.9,"u":"0,65 €/P","img":"https://fd8-photos.leclercdrive.fr/image.ashx?id=2186398&use=l&cat=p&typeid=i","cat":300572},{"id":162613,"n":"Paëlla royale L'Atelier Traiteur - 900g","p":6.98,"u":"7,76 €/KG","img":"https://fd8-photos.leclercdrive.fr/image.ashx?id=2812611&use=l&cat=p&typeid=i","cat":333666},{"id":162615,"n":"Gratin dauphinois L'Atelier Traiteur - 750g","p":7.29,"u":"9,72 €/KG","img":"https://fd8-photos.leclercdrive.fr/image.ashx?id=2208027&use=l&cat=p&typeid=i","cat":333666},{"id":162720,"n":"Dentifrice Sensodyne Extra fresh - 2x 75ml","p":8.43,"u":"56,20 €/L","img":"https://fd8-photos.leclercdrive.fr/image.ashx?id=2829913&use=l&cat=p&typeid=i","cat":284612},{"id":162777,"n":"Compote Andros Pommes/Pêches - 730g","p":2.19,"u":"3,00 €/KG","img":"https://fd8-photos.leclercdrive.fr/image.ashx?id=2395559&use=l&cat=p&typeid=i","cat":284508},{"id":162899,"n":"Liqueur Warrior  30% - 70cl","p":12.87,"u":"18,39 €/L","img":"https://fd8-photos.leclercdrive.fr/image.ashx?id=2172118&use=l&cat=p&typeid=i","cat":286032},{"id":163021,"n":"Biscuits Knoppers Lait / Noisettes - 6x25g","p":2.01,"u":"13,40 €/KG","img":"https://fd8-photos.leclercdrive.fr/image.ashx?id=2659151&use=l&cat=p&typeid=i","cat":284488},{"id":163104,"n":"Chlore multi-actions 2.4kg","p":16.99,"u":"7,08 €/KG","img":"https://fd8-photos.leclercdrive.fr/image.ashx?id=2331345&use=l&cat=p&typeid=i","cat":335918},{"id":163105,"n":"Chlore choc Beaux Jours granules - 2,5 kg","p":17.99,"u":"7,20 €/KG","img":"https://fd8-photos.leclercdrive.fr/image.ashx?id=2331348&use=l&cat=p&typeid=i","cat":335918},{"id":163115,"n":"Piles alcalines Duracell MX1500 Optimum Type AA/LR06 1,5V - x4","p":7.2,"u":"1,80 €/P","img":"https://fd8-photos.leclercdrive.fr/image.ashx?id=2941823&use=l&cat=p&typeid=i","cat":300572},{"id":163129,"n":"Petits pains grillés Krisprolls Complet - 425g","p":3.05,"u":"7,18 €/KG","img":"https://fd8-photos.leclercdrive.fr/image.ashx?id=2793716&use=l&cat=p&typeid=i","cat":284479},{"id":163130,"n":"Petits pains grillés Krisprolls Complet sans sucre ajoutés 425g","p":2.54,"u":"5,98 €/KG","img":"https://fd8-photos.leclercdrive.fr/image.ashx?id=2985558&use=l&cat=p&typeid=i","cat":284479},{"id":163133,"n":"Bière ambrée Kwak 8.4% - 75cl","p":4.89,"u":"6,52 €/L","img":"https://fd8-photos.leclercdrive.fr/image.ashx?id=2948423&use=l&cat=p&typeid=i","cat":334872},{"id":163143,"n":"Dragibus Soft Haribo Sachet bonbons - 300g","p":1.35,"u":"4,50 €/KG","img":"https://fd8-photos.leclercdrive.fr/image.ashx?id=2806123&use=l&cat=p&typeid=i","cat":304250},{"id":163144,"n":"Piles alcalines Duracell MN2400 Optimum AAA/LR03 1,5V - x4","p":7.2,"u":"1,80 €/P","img":"https://fd8-photos.leclercdrive.fr/image.ashx?id=2929095&use=l&cat=p&typeid=i","cat":300572},{"id":163145,"n":"Dragibus Original Haribo Multipack bonbons - 250g","p":1.74,"u":"6,96 €/KG","img":"https://fd8-photos.leclercdrive.fr/image.ashx?id=2984943&use=l&cat=p&typeid=i","cat":304250},{"id":163147,"n":"Bonbons Haribo Dragolo - 750g","p":4.3,"u":"5,73 €/KG","img":"https://fd8-photos.leclercdrive.fr/image.ashx?id=2803586&use=l&cat=p&typeid=i","cat":304250},{"id":163179,"n":"Piles alcalines Duracell Plus C/LR14 1.5V MN1400 - x4","p":8.9,"u":"2,23 €/P","img":"https://fd8-photos.leclercdrive.fr/image.ashx?id=2929104&use=l&cat=p&typeid=i","cat":300572},{"id":163180,"n":"Piles alcalines Duracell Plus D/LR20 1.5V MN1300 - x4","p":8.9,"u":"2,23 €/P","img":"https://fd8-photos.leclercdrive.fr/image.ashx?id=2929110&use=l&cat=p&typeid=i","cat":300572},{"id":163209,"n":"Liqueur Peppermint glacial   Cherry Rocher - 70cl","p":10.92,"u":"15,60 €/L","img":"https://fd8-photos.leclercdrive.fr/image.ashx?id=2189354&use=l&cat=p&typeid=i","cat":286032},{"id":163224,"n":"Trousse Benchmark Eastpak Black - 1 pièce","p":10.9,"img":"https://fd8-photos.leclercdrive.fr/image.ashx?id=2175096&use=l&cat=p&typeid=i","cat":334133},{"id":163286,"n":"Gel de rasage Eucerin Nobacter - 150ml","p":7.99,"u":"53,27 €/L","img":"https://fd8-photos.leclercdrive.fr/image.ashx?id=2175602&use=l&cat=p&typeid=i","cat":291167},{"id":163317,"n":"Assiettes plates Homeside 23cm blanc sans film PE - x50","p":2.69,"u":"0,05 €/P","img":"https://fd8-photos.leclercdrive.fr/image.ashx?id=2177415&use=l&cat=p&typeid=i","cat":334134},{"id":163319,"n":"Assiettes plates Homeside 23cm rouge sans film PE - x20","p":1.96,"u":"0,10 €/P","img":"https://fd8-photos.leclercdrive.fr/image.ashx?id=2177406&use=l&cat=p&typeid=i","cat":334134},{"id":163324,"n":"Assiettes plates Homeside 23 cm grise sans film PE - x20","p":1.96,"u":"0,10 €/P","img":"https://fd8-photos.leclercdrive.fr/image.ashx?id=2177391&use=l&cat=p&typeid=i","cat":334134},{"id":163325,"n":"Assiettes plates Homeside Rose clair 23 cm - x20","p":1.96,"u":"0,10 €/P","img":"https://fd8-photos.leclercdrive.fr/image.ashx?id=2928345&use=l&cat=p&typeid=i","cat":334134},{"id":163326,"n":"Assiettes plates Homeside 23 cm noir sans film PE - x20","p":1.96,"u":"0,10 €/P","img":"https://fd8-photos.leclercdrive.fr/image.ashx?id=2177397&use=l&cat=p&typeid=i","cat":334134},{"id":163328,"n":"Aassiettes plates Homeside 23 cm anis sans film PE - x20","p":1.96,"u":"0,10 €/P","img":"https://fd8-photos.leclercdrive.fr/image.ashx?id=2177385&use=l&cat=p&typeid=i","cat":334134},{"id":163329,"n":"Assiettes plates Homeside 23 cm jaune sans film PE - x20","p":1.96,"u":"0,10 €/P","img":"https://fd8-photos.leclercdrive.fr/image.ashx?id=2177394&use=l&cat=p&typeid=i","cat":334134},{"id":163331,"n":"Assiettes plates Homeside Bleue 23cm  sans film PE - x20","p":1.96,"u":"0,10 €/P","img":"https://fd8-photos.leclercdrive.fr/image.ashx?id=2927893&use=l&cat=p&typeid=i","cat":334134},{"id":163333,"n":"Assiettes plates Homeside 23 cm Bleu nuit sans film - x20","p":1.96,"img":"https://fd8-photos.leclercdrive.fr/image.ashx?id=2742321&use=l&cat=p&typeid=i","cat":334134},{"id":163353,"n":"Verres à biere 35cl Homeside x12","p":1.9,"u":"0,16 €/P","img":"https://fd8-photos.leclercdrive.fr/image.ashx?id=2177358&use=l&cat=p&typeid=i","cat":334134},{"id":163354,"n":"Gobelets 20cl Eco+ Blanc - x50","p":1.26,"u":"0,03 €/P","img":"https://fd8-photos.leclercdrive.fr/image.ashx?id=2176608&use=l&cat=p&typeid=i","cat":334134},{"id":163355,"n":"Gobelets 10cl Homeside Décor café - x20","p":1.1,"u":"0,06 €/P","img":"https://fd8-photos.leclercdrive.fr/image.ashx?id=2177361&use=l&cat=p&typeid=i","cat":334134},{"id":163370,"n":"Thon entier Petit Navire MSC Nature - 3x112g","p":8.4,"u":"25,00 €/KG","img":"https://fd8-photos.leclercdrive.fr/image.ashx?id=2521921&use=l&cat=p&typeid=i","cat":303867},{"id":163418,"n":"Raclette gratte givre Manche mousse - 1 pièce","p":1.95,"img":"https://fd8-photos.leclercdrive.fr/image.ashx?id=2198098&use=l&cat=p&typeid=i","cat":298252},{"id":163420,"n":"Smarties Mini Bonbons Chocolats 21 boites - 315g","p":3.86,"u":"12,25 €/KG","img":"https://fd8-photos.leclercdrive.fr/image.ashx?id=2740862&use=l&cat=p&typeid=i","cat":304238},{"id":163428,"n":"Crayon à sourcils Maybelline  Duo crayon et poudre","p":9.43,"img":"https://fd8-photos.leclercdrive.fr/image.ashx?id=2377787&use=l&cat=p&typeid=i","cat":287029},{"id":163434,"n":"Ampoule H1 + 50% de luminosité - x1","p":2.5,"img":"https://fd8-photos.leclercdrive.fr/image.ashx?id=2283570&use=l&cat=p&typeid=i","cat":300573},{"id":163436,"n":"Ampoule H4 +50% de luminosité - x1","p":4.3,"img":"https://fd8-photos.leclercdrive.fr/image.ashx?id=2665883&use=l&cat=p&typeid=i","cat":300573},{"id":163437,"n":"Ampoule H7 + 50% de luminosité - x1","p":6.49,"img":"https://fd8-photos.leclercdrive.fr/image.ashx?id=2283610&use=l&cat=p&typeid=i","cat":300573},{"id":163438,"n":"Ampoules H4 + 50% de luminosité - x2","p":5.99,"u":"3,00 €/P","img":"https://fd8-photos.leclercdrive.fr/image.ashx?id=2283613&use=l&cat=p&typeid=i","cat":300573},{"id":163503,"n":"Whisky Benriach 10 ans The Smoky 70cL","p":37.24,"u":"53,20 €/L","img":"https://fd8-photos.leclercdrive.fr/image.ashx?id=2361599&use=l&cat=p&typeid=i","cat":284547},{"id":163525,"n":"Petit pot bébé Blédina 6 mois Haricot carotte veau - 2x200g","p":2.11,"u":"5,28 €/KG","img":"https://fd8-photos.leclercdrive.fr/image.ashx?id=2935756&use=l&cat=p&typeid=i","cat":312236},{"id":163526,"n":"Petit pot bébé bledina 6 mois  Purée légumes agneau - 2x200g","p":2.21,"u":"5,53 €/KG","img":"https://fd8-photos.leclercdrive.fr/image.ashx?id=2976770&use=l&cat=p&typeid=i","cat":312236},{"id":163534,"n":"Isey Skyr Fraise - 400g","p":2.96,"u":"7,40 €/KG","img":"https://fd8-photos.leclercdrive.fr/image.ashx?id=2601193&use=l&cat=p&typeid=i","cat":315000},{"id":163541,"n":"Isey Skyr Stracciatella - 400g","p":2.88,"u":"7,20 €/KG","img":"https://fd8-photos.leclercdrive.fr/image.ashx?id=2598621&use=l&cat=p&typeid=i","cat":315000},{"id":163613,"n":"Mozzarella fromage râpé  Les Croisés - 150g","p":1.39,"u":"9,27 €/KG","img":"https://fd8-photos.leclercdrive.fr/image.ashx?id=2178848&use=l&cat=p&typeid=i","cat":314035},{"id":163640,"n":"Poireaux émincés Bio Bio Village - 600g","p":1.99,"u":"3,32 €/KG","img":"https://fd8-photos.leclercdrive.fr/image.ashx?id=2898098&use=l&cat=p&typeid=i","cat":319805},{"id":163643,"n":"Patates douces en morceaux Bio Bio Village - 600g","p":2.08,"u":"3,47 €/KG","img":"https://fd8-photos.leclercdrive.fr/image.ashx?id=2898101&use=l&cat=p&typeid=i","cat":319805},{"id":163749,"n":"Mousseline Purina Gourmet Boeuf nappé de sauce - 4x57g","p":2.96,"u":"12,98 €/KG","img":"https://fd8-photos.leclercdrive.fr/image.ashx?id=2861773&use=l&cat=p&typeid=i","cat":285286},{"id":163750,"n":"Mousseline Purina Gourmet Poulet nappé de sauce - 4x57g","p":3.07,"u":"13,46 €/KG","img":"https://fd8-photos.leclercdrive.fr/image.ashx?id=2864197&use=l&cat=p&typeid=i","cat":285286},{"id":163909,"n":"Gratin L'Atelier Traiteur Courgette - 750g","p":7.29,"u":"9,72 €/KG","img":"https://fd8-photos.leclercdrive.fr/image.ashx?id=2208030&use=l&cat=p&typeid=i","cat":333666},{"id":163926,"n":"Saucisses de Strasbourg L'Atelier Charcuterie x4 - 280g","p":4.32,"u":"15,43 €/KG","img":"https://fd8-photos.leclercdrive.fr/image.ashx?id=2905868&use=l&cat=p&typeid=i","cat":316012},{"id":163930,"n":"Chorizo doux tranché L'Atelier Charcuterie - 100g","p":2.46,"u":"24,60 €/KG","img":"https://fd8-photos.leclercdrive.fr/image.ashx?id=2856666&use=l&cat=p&typeid=i","cat":316007},{"id":163931,"n":"Chiffonnade de chorizo L'Atelier Charcuterie - 80g","p":2.09,"u":"26,13 €/KG","img":"https://fd8-photos.leclercdrive.fr/image.ashx?id=2846577&use=l&cat=p&typeid=i","cat":316007},{"id":163936,"n":"Pommes dauphine L'Atelier Traiteur - 500g","p":4.09,"u":"8,18 €/KG","img":"https://fd8-photos.leclercdrive.fr/image.ashx?id=2888980&use=l&cat=p&typeid=i","cat":333666},{"id":163938,"n":"Demi reblochon de Savoie AOP Pochat & Fils - 230g","p":5.11,"u":"22,22 €/KG","img":"https://fd8-photos.leclercdrive.fr/image.ashx?id=2182149&use=l&cat=p&typeid=i","cat":314037},{"id":164027,"n":"Olives noires AOP Nyons Le Brin d'Olivier - 150g","p":3.11,"u":"20,73 €/KG","img":"https://fd8-photos.leclercdrive.fr/image.ashx?id=2859311&use=l&cat=p&typeid=i","cat":284458},{"id":164028,"n":"Olives vertes Le Brin d'Olivier Origine France - 120g","p":2.22,"u":"18,50 €/KG","img":"https://fd8-photos.leclercdrive.fr/image.ashx?id=2859296&use=l&cat=p&typeid=i","cat":284458},{"id":164271,"n":"Café grains Méo  Excellence - 1kg","p":18.95,"u":"18,95 €/KG","img":"https://fd8-photos.leclercdrive.fr/image.ashx?id=2601521&use=l&cat=p&typeid=i","cat":293237},{"id":164281,"n":"Noix de Cajou Naturelles 200g","p":5.89,"u":"29,45 €/KG","img":"https://fd8-photos.leclercdrive.fr/image.ashx?id=2950603&use=l&cat=p&typeid=i","cat":316002},{"id":164443,"n":"Crème dessert Récré O'Lé Chocolats - 20x85g","p":10.6,"u":"6,24 €/KG","img":"https://fd8-photos.leclercdrive.fr/image.ashx?id=2492869&use=l&cat=p&typeid=i","cat":284506},{"id":164449,"n":"Yaourt à la Grecque Yaos Citron - 4x125g + 2 offerts","p":2.82,"u":"3,76 €/KG","img":"https://fd8-photos.leclercdrive.fr/image.ashx?id=2561631&use=l&cat=p&typeid=i","cat":314999},{"id":164539,"n":"Noix de pécan Sainte Lucie Cerneaux - 50g","p":2.7,"u":"54,00 €/KG","img":"https://fd8-photos.leclercdrive.fr/image.ashx?id=2187751&use=l&cat=p&typeid=i","cat":284504},{"id":164540,"n":"Bouquet garni Sainte Lucie 7.5g - lot de 3","p":2.38,"u":"340,00 €/KG","img":"https://fd8-photos.leclercdrive.fr/image.ashx?id=2774451&use=l&cat=p&typeid=i","cat":293607},{"id":164541,"n":"Maïs Bonduelle Sans Résidu De Pesticides 285g","p":1.2,"u":"4,21 €/KG","img":"https://fd8-photos.leclercdrive.fr/image.ashx?id=2972892&use=l&cat=p&typeid=i","cat":312611},{"id":164542,"n":"Cumin entier Sainte Lucie 38g","p":2.57,"u":"67,63 €/KG","img":"https://fd8-photos.leclercdrive.fr/image.ashx?id=2774412&use=l&cat=p&typeid=i","cat":298297},{"id":164544,"n":"Colorants alimentaires Sainte L 30g","p":2.83,"u":"94,33 €/KG","img":"https://fd8-photos.leclercdrive.fr/image.ashx?id=2774319&use=l&cat=p&typeid=i","cat":284504},{"id":164546,"n":"Arôme naturel Sainte Lucie Citron - 20ml","p":2.58,"u":"129,00 €/L","img":"https://fd8-photos.leclercdrive.fr/image.ashx?id=2187745&use=l&cat=p&typeid=i","cat":284504},{"id":164547,"n":"Mélange pour paella Sainte Luci 55g","p":2.23,"u":"40,55 €/KG","img":"https://fd8-photos.leclercdrive.fr/image.ashx?id=2187763&use=l&cat=p&typeid=i","cat":298297},{"id":164548,"n":"Levure boulangère Sainte Lucie Traditionnelle - 40g","p":1.31,"u":"32,75 €/KG","img":"https://fd8-photos.leclercdrive.fr/image.ashx?id=2829949&use=l&cat=p&typeid=i","cat":284504},{"id":164550,"n":"Nappage caramel Sainte Lucie 200g","p":2.29,"u":"11,45 €/KG","img":"https://fd8-photos.leclercdrive.fr/image.ashx?id=2775709&use=l&cat=p&typeid=i","cat":284504},{"id":164551,"n":"Cannelle poudre Sainte Lucie 45g","p":2.21,"u":"49,11 €/KG","img":"https://fd8-photos.leclercdrive.fr/image.ashx?id=2972934&use=l&cat=p&typeid=i","cat":298297},{"id":164552,"n":"Coriandre Sainte Lucie 25g","p":2.12,"u":"84,80 €/KG","img":"https://fd8-photos.leclercdrive.fr/image.ashx?id=2974333&use=l&cat=p&typeid=i","cat":298297},{"id":164553,"n":"Ail semoule Sainte Lucie 100g","p":2.49,"u":"24,90 €/KG","img":"https://fd8-photos.leclercdrive.fr/image.ashx?id=2968160&use=l&cat=p&typeid=i","cat":298297},{"id":164554,"n":"Origan sèche Sainte Lucie 13g","p":1.77,"u":"136,15 €/KG","img":"https://fd8-photos.leclercdrive.fr/image.ashx?id=2975182&use=l&cat=p&typeid=i","cat":298297},{"id":164555,"n":"Ail Sainte Lucie Saveurs du potager - 2","p":3.14,"u":"130,83 €/KG","img":"https://fd8-photos.leclercdrive.fr/image.ashx?id=2968166&use=l&cat=p&typeid=i","cat":298297},{"id":164556,"n":"Chili poudre Sainte Lucie 45g","p":2.27,"u":"50,44 €/KG","img":"https://fd8-photos.leclercdrive.fr/image.ashx?id=2187739&use=l&cat=p&typeid=i","cat":298297},{"id":164567,"n":"Eau nettoyante Cadum Bébé  Douceur - 750ml","p":3.32,"u":"4,43 €/L","img":"https://fd8-photos.leclercdrive.fr/image.ashx?id=2278451&use=l&cat=p&typeid=i","cat":284741},{"id":164569,"n":"Gel nettoyant Cadum Bébé  Corps et Cheveux - 750ml","p":3.32,"u":"4,43 €/L","img":"https://fd8-photos.leclercdrive.fr/image.ashx?id=2377799&use=l&cat=p&typeid=i","cat":284740},{"id":164570,"n":"Gel Douche Sans Savon Cadum Huile d'Amandes Douces - 750ml","p":3.23,"u":"4,31 €/L","img":"https://fd8-photos.leclercdrive.fr/image.ashx?id=2352870&use=l&cat=p&typeid=i","cat":284594},{"id":164581,"n":"Démaquillant Maybelline  Lotion fraîcheur yeux - 150ml","p":2.35,"u":"15,67 €/L","img":"https://fd8-photos.leclercdrive.fr/image.ashx?id=2505657&use=l&cat=p&typeid=i","cat":284603},{"id":164583,"n":"Gel Lavant enfant Cadum Corps & cheveux - 750ml","p":4.44,"u":"5,92 €/L","img":"https://fd8-photos.leclercdrive.fr/image.ashx?id=2839496&use=l&cat=p&typeid=i","cat":284594},{"id":164584,"n":"Crème Douche surgras Cadum Beurre de Karité - 750ml","p":3.23,"u":"4,31 €/L","img":"https://fd8-photos.leclercdrive.fr/image.ashx?id=2395020&use=l&cat=p&typeid=i","cat":284594},{"id":164598,"n":"40 sacs congélation Alfapac avec lien Moyen modèle","p":1.96,"u":"0,05 €/P","img":"https://fd8-photos.leclercdrive.fr/image.ashx?id=2918700&use=l&cat=p&typeid=i","cat":334134},{"id":164602,"n":"Lessive liquide fraîcheur ECO+ 40 lavages - 2L","p":2.16,"u":"1,08 €/L","img":"https://fd8-photos.leclercdrive.fr/image.ashx?id=2597988&use=l&cat=p&typeid=i","cat":284640},{"id":164603,"n":"Lessive liquide fleurie Epsil 25 lavages - 1,25L","p":3.91,"u":"3,13 €/L","img":"https://fd8-photos.leclercdrive.fr/image.ashx?id=2603000&use=l&cat=p&typeid=i","cat":284640},{"id":164656,"n":"Jus de Citron Jardin Bio Etic bio -1L","p":5.77,"u":"5,77 €/L","img":"https://fd8-photos.leclercdrive.fr/image.ashx?id=3002102&use=l&cat=p&typeid=i","cat":288383},{"id":164869,"n":"Raclette nature pasteurisée L'Atelier Fromagerie - 250g","p":3.39,"u":"13,56 €/KG","img":"https://fd8-photos.leclercdrive.fr/image.ashx?id=2856362&use=l&cat=p&typeid=i","cat":314036},{"id":164870,"n":"Raclette au poivre pasteurisée L'Atelier Fromagerie - 250g","p":3.75,"u":"15,00 €/KG","img":"https://fd8-photos.leclercdrive.fr/image.ashx?id=2856365&use=l&cat=p&typeid=i","cat":314036},{"id":164871,"n":"Raclette fumée pasteurisée L'Atelier Fromagerie - 250g","p":3.75,"u":"15,00 €/KG","img":"https://fd8-photos.leclercdrive.fr/image.ashx?id=2856368&use=l&cat=p&typeid=i","cat":314036},{"id":164873,"n":"Raclette à l'oignon pasteurisée L'Atelier Fromagerie - 250g","p":3.75,"u":"15,00 €/KG","img":"https://fd8-photos.leclercdrive.fr/image.ashx?id=2215473&use=l&cat=p&typeid=i","cat":314036},{"id":164927,"n":"Foie gras de canard entier Maison Montfort - 190g","p":19.87,"u":"104,58 €/KG","img":"https://fd8-photos.leclercdrive.fr/image.ashx?id=2731030&use=l&cat=p&typeid=i","cat":316008},{"id":165041,"n":"Diffuseur Glade avec bâtonnets Bergamote & Citronnelle - 80ml","p":6.41,"img":"https://fd8-photos.leclercdrive.fr/image.ashx?id=2867181&use=l&cat=p&typeid=i","cat":311627},{"id":165044,"n":"Bougie Glade Aromatherapy Bergamote Citronnelle - 260g","p":6.78,"u":"26,08 €/KG","img":"https://fd8-photos.leclercdrive.fr/image.ashx?id=2267903&use=l&cat=p&typeid=i","cat":284666},{"id":165062,"n":"Gel Lubrifiant Intime Cherry Arome Cerise Durex 100ml","p":9.09,"u":"90,90 €/L","img":"https://fd8-photos.leclercdrive.fr/image.ashx?id=2960696&use=l&cat=p&typeid=i","cat":285160},{"id":165064,"n":"Lessive poudre Eco + 60 lavages - 3kg","p":4.81,"u":"1,60 €/KG","img":"https://fd8-photos.leclercdrive.fr/image.ashx?id=2638524&use=l&cat=p&typeid=i","cat":284642},{"id":165065,"n":"Huile moteur Tech 9 2T 100 Synhèse - 2L","p":12.89,"u":"6,45 €/L","img":"https://fd8-photos.leclercdrive.fr/image.ashx?id=2193821&use=l&cat=p&typeid=i","cat":298253},{"id":165131,"n":"Crème de cassis d'Anjou  Giffard 16% - 50cl","p":5.67,"u":"11,34 €/L","img":"https://fd8-photos.leclercdrive.fr/image.ashx?id=2219150&use=l&cat=p&typeid=i","cat":286032},{"id":165198,"n":"Pate à tartiner Bonne Maman Noisette et cacao - 250g","p":3.25,"u":"13,00 €/KG","img":"https://fd8-photos.leclercdrive.fr/image.ashx?id=2891103&use=l&cat=p&typeid=i","cat":284481},{"id":165199,"n":"Pate à tartiner Bonne Maman Noisette et cacao - 360g","p":3.68,"u":"10,22 €/KG","img":"https://fd8-photos.leclercdrive.fr/image.ashx?id=2891106&use=l&cat=p&typeid=i","cat":284481},{"id":165200,"n":"Pate à tartiner Bonne Maman Noisette et cacao - 580g","p":6.07,"u":"10,47 €/KG","img":"https://fd8-photos.leclercdrive.fr/image.ashx?id=2891109&use=l&cat=p&typeid=i","cat":284481},{"id":165563,"n":"Kit papiers cadeaux Doré Rouge-5 rouleaux+2 bolducs","p":3.1,"img":"https://fd8-photos.leclercdrive.fr/image.ashx?id=2220569&use=l&cat=p&typeid=i","cat":335914},{"id":165594,"n":"Bullet journal + 8 feutres  écriture","p":12.9,"img":"https://fd8-photos.leclercdrive.fr/image.ashx?id=2207121&use=l&cat=p&typeid=i","cat":334381},{"id":165605,"n":"Tenders de poulet Coté Croc  - 600g","p":6.23,"u":"10,38 €/KG","img":"https://fd8-photos.leclercdrive.fr/image.ashx?id=2198315&use=l&cat=p&typeid=i","cat":319780},{"id":165655,"n":"Diffuseur Glade Aromatherapy Lavandin & Santal - 17.5ml","p":18.55,"img":"https://fd8-photos.leclercdrive.fr/image.ashx?id=2498446&use=l&cat=p&typeid=i","cat":311629},{"id":165656,"n":"Diffuseur Glade avec bâtonnets Lavandin & Santal - 80ml","p":7.19,"u":"89,88 €/L","img":"https://fd8-photos.leclercdrive.fr/image.ashx?id=2266083&use=l&cat=p&typeid=i","cat":311627},{"id":165661,"n":"Brosse à dent Dentamyl Tête rechargeable souple - x1","p":1.17,"img":"https://fd8-photos.leclercdrive.fr/image.ashx?id=2198432&use=l&cat=p&typeid=i","cat":284614},{"id":165669,"n":"Tête de recharge Dentamyl Brosse à dent souple - x3","p":1.0,"u":"0,33 €/P","img":"https://fd8-photos.leclercdrive.fr/image.ashx?id=2791015&use=l&cat=p&typeid=i","cat":284614},{"id":165670,"n":"Tête de recharge Dentamyl Brosse à dent médium - x3","p":1.0,"u":"0,33 €/P","img":"https://fd8-photos.leclercdrive.fr/image.ashx?id=2791018&use=l&cat=p&typeid=i","cat":284614},{"id":165674,"n":"Filets de merlu MSC Pêche Océan - 800g","p":9.85,"u":"12,31 €/KG","img":"https://fd8-photos.leclercdrive.fr/image.ashx?id=2202461&use=l&cat=p&typeid=i","cat":319786},{"id":165679,"n":"Whisky X by Glenmorangie 40%vol - 70cl","p":27.35,"u":"39,07 €/L","img":"https://fd8-photos.leclercdrive.fr/image.ashx?id=2206040&use=l&cat=p&typeid=i","cat":284547},{"id":165725,"n":"Marrons glacés L'Artisan Provençal x8 - 145g","p":13.95,"u":"96,21 €/KG","img":"https://fd8-photos.leclercdrive.fr/image.ashx?id=2390245&use=l&cat=p&typeid=i","cat":327603},{"id":165726,"n":"Madeleine Bonne Maman Framboise x10 - 300g","p":3.59,"u":"11,97 €/KG","img":"https://fd8-photos.leclercdrive.fr/image.ashx?id=2936251&use=l&cat=p&typeid=i","cat":284492},{"id":165801,"n":"Sauce bolognaise Eco+ 420g","p":1.13,"u":"2,69 €/KG","img":"https://fd8-photos.leclercdrive.fr/image.ashx?id=2634845&use=l&cat=p&typeid=i","cat":287599},{"id":166221,"n":"Acide citrique Biovie 350g","p":3.49,"u":"9,97 €/KG","img":"https://fd8-photos.leclercdrive.fr/image.ashx?id=2997007&use=l&cat=p&typeid=i","cat":325365},{"id":166304,"n":"Croquettes poisson pané Findus MSC Ail Fines Herbes x6 - 300g","p":2.9,"u":"9,67 €/KG","img":"https://fd8-photos.leclercdrive.fr/image.ashx?id=3008752&use=l&cat=p&typeid=i","cat":319788},{"id":166375,"n":"Tortiglioni Panzani 3x500g","p":3.93,"u":"2,62 €/KG","img":"https://fd8-photos.leclercdrive.fr/image.ashx?id=2854333&use=l&cat=p&typeid=i","cat":284427},{"id":166377,"n":"Lessive eco-recharge Uni Vert Fleur x30 lavages - 1,05L","p":4.12,"u":"3,92 €/L","img":"https://fd8-photos.leclercdrive.fr/image.ashx?id=2838942&use=l&cat=p&typeid=i","cat":284640},{"id":166389,"n":"Ginger beer Bundaberg sans alcool - 37,5cl","p":1.78,"u":"4,75 €/L","img":"https://fd8-photos.leclercdrive.fr/image.ashx?id=2352038&use=l&cat=p&typeid=i","cat":334877},{"id":166399,"n":"AOC Jurançon blanc Matayac Petit et Gros Manseng - 75cl","p":8.2,"u":"10,93 €/L","img":"https://fd8-photos.leclercdrive.fr/image.ashx?id=2792324&use=l&cat=p&typeid=i","cat":289557},{"id":166403,"n":"Lessive eco-recharge Uni Vert Aloe x30 lavages - 1.05L","p":4.12,"u":"3,92 €/L","img":"https://fd8-photos.leclercdrive.fr/image.ashx?id=2669780&use=l&cat=p&typeid=i","cat":284640},{"id":166404,"n":"Lessive eco-recharge Uni Vert  Aloe Vera x42 lavages - 1.5L","p":5.91,"u":"3,94 €/L","img":"https://fd8-photos.leclercdrive.fr/image.ashx?id=2838954&use=l&cat=p&typeid=i","cat":284640},{"id":166424,"n":"Olives noires à la grecque Le brin d'Olivier - 150g","p":1.73,"u":"11,53 €/KG","img":"https://fd8-photos.leclercdrive.fr/image.ashx?id=2859305&use=l&cat=p&typeid=i","cat":284450},{"id":166425,"n":"Olives noires dénoyautées  Le Brin d'Olivier - 120g","p":2.62,"u":"21,83 €/KG","img":"https://fd8-photos.leclercdrive.fr/image.ashx?id=2859317&use=l&cat=p&typeid=i","cat":284450},{"id":166426,"n":"Olives vertes dénoyautées  Le Brin d'Olivier - 100g","p":1.57,"u":"15,70 €/KG","img":"https://fd8-photos.leclercdrive.fr/image.ashx?id=2859299&use=l&cat=p&typeid=i","cat":284450},{"id":166427,"n":"Olives noires Le Brin d'Olivier  Aromates de provence - 250g","p":3.08,"u":"12,32 €/KG","img":"https://fd8-photos.leclercdrive.fr/image.ashx?id=2672131&use=l&cat=p&typeid=i","cat":284458},{"id":166428,"n":"Olives noires dénoyautées  Le Brin d'Olivier - 210g","p":3.33,"u":"15,86 €/KG","img":"https://fd8-photos.leclercdrive.fr/image.ashx?id=2672149&use=l&cat=p&typeid=i","cat":284458},{"id":166457,"n":"Masque reconstructeur Elsève Full Resist - 680ml","p":11.63,"u":"17,10 €/L","img":"https://fd8-photos.leclercdrive.fr/image.ashx?id=2520491&use=l&cat=p&typeid=i","cat":284608},{"id":166478,"n":"Démaquillant Maybelline  Waterproof biphase 2en1 - 150ml","p":2.48,"u":"16,53 €/L","img":"https://fd8-photos.leclercdrive.fr/image.ashx?id=2278169&use=l&cat=p&typeid=i","cat":284603},{"id":166598,"n":"Sauce spaghetti bio Jardin Bio 510g","p":3.36,"u":"6,59 €/KG","img":"https://fd8-photos.leclercdrive.fr/image.ashx?id=2811164&use=l&cat=p&typeid=i","cat":288384},{"id":166601,"n":"Compote bio Jardin Bio Pomme banane - 680g","p":3.48,"u":"5,12 €/KG","img":"https://fd8-photos.leclercdrive.fr/image.ashx?id=2918307&use=l&cat=p&typeid=i","cat":284508},{"id":166602,"n":"Compote bio Jardin Bio Pomme fraise - 680g","p":3.42,"u":"5,03 €/KG","img":"https://fd8-photos.leclercdrive.fr/image.ashx?id=2918835&use=l&cat=p&typeid=i","cat":284508},{"id":166654,"n":"1ère Crème lavante bébé Uriage Flacon pompe - 500ml","p":10.9,"u":"21,80 €/L","img":"https://fd8-photos.leclercdrive.fr/image.ashx?id=2735455&use=l&cat=p&typeid=i","cat":290425},{"id":166655,"n":"1ère Crème lavante bébé Uriage Flacon pompe - 1L","p":14.6,"u":"14,60 €/L","img":"https://fd8-photos.leclercdrive.fr/image.ashx?id=2209531&use=l&cat=p&typeid=i","cat":290425},{"id":166656,"n":"1ère eau nettoyante bébé Uriage Flacon pompe - 500ml","p":7.9,"u":"15,80 €/L","img":"https://fd8-photos.leclercdrive.fr/image.ashx?id=2689970&use=l&cat=p&typeid=i","cat":290425},{"id":166657,"n":"1ère eau nettoyante bébé Uriage Flacon pompe - 1L","p":9.3,"u":"9,30 €/L","img":"https://fd8-photos.leclercdrive.fr/image.ashx?id=2209537&use=l&cat=p&typeid=i","cat":290425},{"id":166665,"n":"Correcteur intensif SVR Sebiaclear Active Gel - 40ml","p":9.9,"u":"247,50 €/L","img":"https://fd8-photos.leclercdrive.fr/image.ashx?id=2965139&use=l&cat=p&typeid=i","cat":291166},{"id":166666,"n":"Gel lavant Topialyse SVR Apaisant hydratant 24h - 1L","p":9.9,"pp":7.42,"u":"7,42 €/L","img":"https://fd8-photos.leclercdrive.fr/image.ashx?id=2971655&use=l&cat=p&typeid=i","cat":301591},{"id":166667,"n":"Huile lavante Topialyse SVR 1L","p":11.99,"pp":8.99,"u":"8,99 €/L","img":"https://fd8-photos.leclercdrive.fr/image.ashx?id=2971185&use=l&cat=p&typeid=i","cat":301591},{"id":166674,"n":"Confiture Douceur du Verger Fraise - 750g","p":2.15,"u":"2,87 €/KG","img":"https://fd8-photos.leclercdrive.fr/image.ashx?id=2965545&use=l&cat=p&typeid=i","cat":284480},{"id":166675,"n":"Confiture Douceur du Verger Abricot - 370g","p":1.27,"u":"3,43 €/KG","img":"https://fd8-photos.leclercdrive.fr/image.ashx?id=2965572&use=l&cat=p&typeid=i","cat":284480},{"id":166686,"n":"Yaourt protéiné Hipro  Coco 0%mg - 2x160g","p":2.26,"u":"7,06 €/KG","img":"https://fd8-photos.leclercdrive.fr/image.ashx?id=2807423&use=l&cat=p&typeid=i","cat":315000},{"id":166687,"n":"Yaourt protéiné Hipro 0%mg  Banane beurre cacahuète -2x160g","p":2.09,"u":"6,53 €/KG","img":"https://fd8-photos.leclercdrive.fr/image.ashx?id=2807426&use=l&cat=p&typeid=i","cat":315000},{"id":166713,"n":"Caviar Osciètre Prince  Soukhanoff - 30g","p":24.9,"u":"830,00 €/KG","img":"https://fd8-photos.leclercdrive.fr/image.ashx?id=2210170&use=l&cat=p&typeid=i","cat":285191},{"id":166751,"n":"Lessive en poudre Epsil 10 lavages - 500g","p":2.69,"u":"5,38 €/KG","img":"https://fd8-photos.leclercdrive.fr/image.ashx?id=2450158&use=l&cat=p&typeid=i","cat":284642},{"id":166752,"n":"Lessive tri-dose Orient Epsil x20 - 490ml","p":4.49,"u":"9,16 €/L","img":"https://fd8-photos.leclercdrive.fr/image.ashx?id=2450116&use=l&cat=p&typeid=i","cat":284641},{"id":166753,"n":"Apéritif Apérol Spritz 12.5% vol - 1L","p":15.08,"u":"15,08 €/L","img":"https://fd8-photos.leclercdrive.fr/image.ashx?id=2957287&use=l&cat=p&typeid=i","cat":286032},{"id":166756,"n":"Blanc de poulet Fleury Michon Sans nitrite x4 - 130g","p":1.74,"u":"13,38 €/KG","img":"https://fd8-photos.leclercdrive.fr/image.ashx?id=2954833&use=l&cat=p&typeid=i","cat":316010},{"id":166757,"n":"Filet de poulet rôti Fleury Michon sans nitrite x6 - 160g","p":2.86,"u":"17,88 €/KG","img":"https://fd8-photos.leclercdrive.fr/image.ashx?id=2954830&use=l&cat=p&typeid=i","cat":316010},{"id":166759,"n":"Filet poulet rôti Fleury Michon  sans nitrite x4 - 116g","p":2.15,"u":"18,53 €/KG","img":"https://fd8-photos.leclercdrive.fr/image.ashx?id=2955173&use=l&cat=p&typeid=i","cat":316010},{"id":166819,"n":"Sucre en poudre Tablier Blanc 1kg","p":1.53,"u":"1,53 €/KG","img":"https://fd8-photos.leclercdrive.fr/image.ashx?id=3010434&use=l&cat=p&typeid=i","cat":284502},{"id":166828,"n":"Blanc de poulet Fleury Michon Sans nitrite x6 - 195g","p":3.19,"u":"16,36 €/KG","img":"https://fd8-photos.leclercdrive.fr/image.ashx?id=2962848&use=l&cat=p&typeid=i","cat":316010},{"id":166876,"n":"Lessive bi-doses Xeor Fraîcheur x30","p":5.24,"u":"7,13 €/L","img":"https://fd8-photos.leclercdrive.fr/image.ashx?id=2838945&use=l&cat=p&typeid=i","cat":284641},{"id":166878,"n":"Lessive bi-doses Xeor Savon de Marseille x30","p":5.24,"u":"7,13 €/L","img":"https://fd8-photos.leclercdrive.fr/image.ashx?id=2838948&use=l&cat=p&typeid=i","cat":284641},{"id":166893,"n":"Bonbons Trolli Pop eye 75g","p":1.88,"u":"25,07 €/KG","img":"https://fd8-photos.leclercdrive.fr/image.ashx?id=2854015&use=l&cat=p&typeid=i","cat":304250},{"id":167011,"n":"Pur jus de clémentine Jafaden 90cl","p":2.15,"u":"2,39 €/L","img":"https://fd8-photos.leclercdrive.fr/image.ashx?id=2723162&use=l&cat=p&typeid=i","cat":285435},{"id":167096,"n":"Vodka Cîroc Ultra Premium 40% vol - 70cl","p":36.1,"u":"51,57 €/L","img":"https://fd8-photos.leclercdrive.fr/image.ashx?id=2948411&use=l&cat=p&typeid=i","cat":284550},{"id":167106,"n":"Vodka Cîroc Ultra Premium Pineapple - 37.5% vol - 70cl","p":30.48,"u":"43,54 €/L","img":"https://fd8-photos.leclercdrive.fr/image.ashx?id=2215203&use=l&cat=p&typeid=i","cat":284550},{"id":167238,"n":"Escargots noir et lait Revillon Papillotes Noir Lait - 370g","p":11.57,"u":"31,27 €/KG","img":"https://fd8-photos.leclercdrive.fr/image.ashx?id=2661205&use=l&cat=p&typeid=i","cat":327597},{"id":167239,"n":"Festif Truffes Revillon Noir 70% - 370g","p":8.99,"u":"24,30 €/KG","img":"https://fd8-photos.leclercdrive.fr/image.ashx?id=2661199&use=l&cat=p&typeid=i","cat":327597},{"id":167240,"n":"Festif rochers Revillon Noir 70% & lait - 370g","p":11.83,"u":"31,97 €/KG","img":"https://fd8-photos.leclercdrive.fr/image.ashx?id=2661661&use=l&cat=p&typeid=i","cat":327597},{"id":167241,"n":"Festif Malakoffs Revillon Noir 70% & lait - 370g","p":12.03,"u":"32,51 €/KG","img":"https://fd8-photos.leclercdrive.fr/image.ashx?id=2661202&use=l&cat=p&typeid=i","cat":327597},{"id":167242,"n":"Nougats noir et lait  Revillon Noir 70% & lait - 300g","p":11.78,"u":"39,27 €/KG","img":"https://fd8-photos.leclercdrive.fr/image.ashx?id=2661658&use=l&cat=p&typeid=i","cat":327597},{"id":167243,"n":"Papillotes Révillon Noir 70% Féerique- 360g","p":11.49,"u":"31,92 €/KG","img":"https://fd8-photos.leclercdrive.fr/image.ashx?id=2863272&use=l&cat=p&typeid=i","cat":327597},{"id":167244,"n":"Papillotes Revillon Lait   Féerique - 360g","p":10.99,"u":"30,53 €/KG","img":"https://fd8-photos.leclercdrive.fr/image.ashx?id=2863269&use=l&cat=p&typeid=i","cat":327597},{"id":167245,"n":"Papillotes Révillon Blanc Féerique - 360g","p":11.49,"u":"31,92 €/KG","img":"https://fd8-photos.leclercdrive.fr/image.ashx?id=2409124&use=l&cat=p&typeid=i","cat":327597},{"id":167246,"n":"Papillotes Revillon Noir Lait Féerique - 360g","p":11.49,"u":"31,92 €/KG","img":"https://fd8-photos.leclercdrive.fr/image.ashx?id=2863275&use=l&cat=p&typeid=i","cat":327597},{"id":167247,"n":"Papillotes Révillon Lait et Blanc - 360g","p":11.49,"u":"31,92 €/KG","img":"https://fd8-photos.leclercdrive.fr/image.ashx?id=2863278&use=l&cat=p&typeid=i","cat":327597},{"id":167248,"n":"Papillote Révillon Noir Lait et Blanc Féerique - 360g","p":11.49,"u":"31,92 €/KG","img":"https://fd8-photos.leclercdrive.fr/image.ashx?id=2863121&use=l&cat=p&typeid=i","cat":327597},{"id":167299,"n":"Café en grains Ras d'Amhara Vénitien - 1kg","p":16.45,"u":"16,45 €/KG","img":"https://fd8-photos.leclercdrive.fr/image.ashx?id=2215656&use=l&cat=p&typeid=i","cat":293237},{"id":167306,"n":"Soupe Déshydratée Oignon KNORR 4 portions - 94g","p":1.42,"u":"15,11 €/KG","img":"https://fd8-photos.leclercdrive.fr/image.ashx?id=2780088&use=l&cat=p&typeid=i","cat":284463},{"id":167331,"n":"Cookies Mini Granola Pépites de chocolat - 110g","p":2.02,"u":"18,36 €/KG","img":"https://fd8-photos.leclercdrive.fr/image.ashx?id=2983489&use=l&cat=p&typeid=i","cat":325066},{"id":167375,"n":"Pois chiches d'aucy Bien Cultivés - 250g","p":1.95,"u":"7,80 €/KG","img":"https://fd8-photos.leclercdrive.fr/image.ashx?id=2800764&use=l&cat=p&typeid=i","cat":312609},{"id":167378,"n":"Haricots verts d'aucy  Bien Cultivés - 58cl","p":2.2,"u":"3,79 €/L","img":"https://fd8-photos.leclercdrive.fr/image.ashx?id=2800770&use=l&cat=p&typeid=i","cat":312606},{"id":167382,"n":"Pois carottes d'aucy  Bien Cultivés - 250g","p":1.9,"u":"7,60 €/KG","img":"https://fd8-photos.leclercdrive.fr/image.ashx?id=2835259&use=l&cat=p&typeid=i","cat":312607},{"id":167389,"n":"Pur jus d'orange Jafaden Sans pulpe - 90cl","p":2.15,"u":"2,39 €/L","img":"https://fd8-photos.leclercdrive.fr/image.ashx?id=2723159&use=l&cat=p&typeid=i","cat":285435},{"id":167390,"n":"Pur jus de pamplemousse Jafaden Avec pulpe - 90cl","p":1.88,"u":"2,09 €/L","img":"https://fd8-photos.leclercdrive.fr/image.ashx?id=2819639&use=l&cat=p&typeid=i","cat":285435},{"id":167391,"n":"Jus de pomme Jafaden 90cl","p":1.91,"u":"2,12 €/L","img":"https://fd8-photos.leclercdrive.fr/image.ashx?id=2723171&use=l&cat=p&typeid=i","cat":285435},{"id":167392,"n":"Jus d'ananas Jafaden 90cl","p":2.21,"u":"2,46 €/L","img":"https://fd8-photos.leclercdrive.fr/image.ashx?id=2819642&use=l&cat=p&typeid=i","cat":285435},{"id":167394,"n":"Pur jus multifruits Jafaden Pomme pêche abricot - 90cl","p":2.09,"u":"2,32 €/L","img":"https://fd8-photos.leclercdrive.fr/image.ashx?id=2723180&use=l&cat=p&typeid=i","cat":285435},{"id":167395,"n":"Pur jus d'orange frais Jafaden Avec pulpe - 1,5L","p":3.66,"u":"2,44 €/L","img":"https://fd8-photos.leclercdrive.fr/image.ashx?id=2916719&use=l&cat=p&typeid=i","cat":285435},{"id":167416,"n":"Gel douche Le Petit Marseillais Noix de coco - 250ml","p":1.49,"u":"5,96 €/L","img":"https://fd8-photos.leclercdrive.fr/image.ashx?id=2681856&use=l&cat=p&typeid=i","cat":284594},{"id":167529,"n":"Lait bébé en poudre Gallia Calisma 1er âge 0-6 mois 830g","p":15.45,"u":"18,61 €/KG","img":"https://fd8-photos.leclercdrive.fr/image.ashx?id=2456201&use=l&cat=p&typeid=i","cat":284726},{"id":167530,"n":"Lait bébé en poudre Gallia Calisma 2e âge 6-12 mois 830g","p":14.96,"u":"18,02 €/KG","img":"https://fd8-photos.leclercdrive.fr/image.ashx?id=2479730&use=l&cat=p&typeid=i","cat":284727},{"id":167531,"n":"Lait bébé poudre Gallia Relais Calisma  1er âge 0-6 mois 830g","p":19.54,"u":"23,54 €/KG","img":"https://fd8-photos.leclercdrive.fr/image.ashx?id=2462460&use=l&cat=p&typeid=i","cat":284726},{"id":167532,"n":"Lait bébé poudre Gallia Relais Calisma 2e âge 6-12 mois 830g","p":18.23,"u":"21,96 €/KG","img":"https://fd8-photos.leclercdrive.fr/image.ashx?id=2911217&use=l&cat=p&typeid=i","cat":284727},{"id":167533,"n":"Tagliatelle Lustucru Selection  360g","p":1.44,"u":"4,00 €/KG","img":"https://fd8-photos.leclercdrive.fr/image.ashx?id=2885351&use=l&cat=p&typeid=i","cat":333682},{"id":167534,"n":"Tagliatelle Lustucru Selection  Maxi 600g","p":2.36,"u":"3,93 €/KG","img":"https://fd8-photos.leclercdrive.fr/image.ashx?id=2792399&use=l&cat=p&typeid=i","cat":333682},{"id":167535,"n":"Fettucini Lustucru Selection  350g","p":1.95,"u":"5,57 €/KG","img":"https://fd8-photos.leclercdrive.fr/image.ashx?id=2792402&use=l&cat=p&typeid=i","cat":333682},{"id":167561,"n":"Brique pur jus Jafaden Multifruits - 1,5L","p":2.82,"u":"1,88 €/L","img":"https://fd8-photos.leclercdrive.fr/image.ashx?id=2916722&use=l&cat=p&typeid=i","cat":285435},{"id":167600,"n":"Comté Le Montarlier Président Affiné 12 mois - 200g","p":4.86,"u":"24,30 €/KG","img":"https://fd8-photos.leclercdrive.fr/image.ashx?id=2623753&use=l&cat=p&typeid=i","cat":314034},{"id":167612,"n":"Lessive Epsil Perfect Tri Doses Pure fraîcheur x20 - 490ml","p":4.99,"u":"10,18 €/L","img":"https://fd8-photos.leclercdrive.fr/image.ashx?id=2450122&use=l&cat=p&typeid=i","cat":284641},{"id":167646,"n":"Rhum Havana Club Cuban Spiced 35% vol - 70cl","p":19.84,"u":"28,34 €/L","img":"https://fd8-photos.leclercdrive.fr/image.ashx?id=2839415&use=l&cat=p&typeid=i","cat":284550},{"id":167712,"n":"Feuilleté tomate mozzarella 2x130g","p":3.61,"u":"13,88 €/KG","img":"https://fd8-photos.leclercdrive.fr/image.ashx?id=2675430&use=l&cat=p&typeid=i","cat":333671},{"id":167714,"n":"Feuilleté au chèvre et épinards 2x120g","p":3.78,"u":"15,75 €/KG","img":"https://fd8-photos.leclercdrive.fr/image.ashx?id=2677381&use=l&cat=p&typeid=i","cat":333671},{"id":167783,"n":"Tarte en Or feuilletée Herta Sans huile de palme - 230g","p":1.76,"u":"7,65 €/KG","img":"https://fd8-photos.leclercdrive.fr/image.ashx?id=2907938&use=l&cat=p&typeid=i","cat":333681},{"id":167860,"n":"Pain au lait bio La Boulangère Farine complète - 280g","p":2.22,"u":"7,93 €/KG","img":"https://fd8-photos.leclercdrive.fr/image.ashx?id=2354947&use=l&cat=p&typeid=i","cat":293505},{"id":167904,"n":"Rouleau papier cadeau Esquisse Sapins Père Noël - 5mx0,7m","p":1.25,"img":"https://fd8-photos.leclercdrive.fr/image.ashx?id=2600321&use=l&cat=p&typeid=i","cat":335914},{"id":167906,"n":"Rouleau papier cadeau Esquisse Flocons - 5mx0,7m","p":1.25,"img":"https://fd8-photos.leclercdrive.fr/image.ashx?id=2600324&use=l&cat=p&typeid=i","cat":335914},{"id":167914,"n":"Rouleau papier cadeau Esquisse Merry Christmas - 2m x 0,7m","p":0.55,"img":"https://fd8-photos.leclercdrive.fr/image.ashx?id=2600339&use=l&cat=p&typeid=i","cat":335914},{"id":167915,"n":"Rouleau papier cadeau Esquisse Boules de sapins - 2m x 0,7m","p":0.55,"img":"https://fd8-photos.leclercdrive.fr/image.ashx?id=2804199&use=l&cat=p&typeid=i","cat":335914},{"id":168124,"n":"Pâte à sucre Sainte Lucie Blanche - 250g","p":3.45,"u":"13,80 €/KG","img":"https://fd8-photos.leclercdrive.fr/image.ashx?id=2776118&use=l&cat=p&typeid=i","cat":284504},{"id":168168,"n":"Huile d'olive Cauvin Vierge Extra - 75cl","p":9.48,"u":"12,64 €/L","img":"https://fd8-photos.leclercdrive.fr/image.ashx?id=2498353&use=l&cat=p&typeid=i","cat":284453},{"id":168169,"n":"Ferments Lactiques Tablier Blanc - 8g","p":2.42,"u":"302,50 €/KG","img":"https://fd8-photos.leclercdrive.fr/image.ashx?id=2900355&use=l&cat=p&typeid=i","cat":284504},{"id":168249,"n":"Gaufrettes Knoppers Lait Noisettes - 3x25g","p":1.38,"u":"18,40 €/KG","img":"https://fd8-photos.leclercdrive.fr/image.ashx?id=2659094&use=l&cat=p&typeid=i","cat":284488},{"id":168281,"n":"Papier cadeau Reine des Neiges2 Bleu - 5mx1m","p":2.9,"img":"https://fd8-photos.leclercdrive.fr/image.ashx?id=2226079&use=l&cat=p&typeid=i","cat":335914},{"id":168285,"n":"Papier cadeau Reine des Neiges2 Olaf - 5mx70cm","p":2.1,"img":"https://fd8-photos.leclercdrive.fr/image.ashx?id=2226082&use=l&cat=p&typeid=i","cat":335914},{"id":168286,"n":"Papier cadeau Reine des Neiges2 Forest spirit - 5mx70cm","p":2.1,"img":"https://fd8-photos.leclercdrive.fr/image.ashx?id=2226085&use=l&cat=p&typeid=i","cat":335914},{"id":168288,"n":"Girasoli Rana Cèpes 250g","p":2.6,"u":"10,40 €/KG","img":"https://fd8-photos.leclercdrive.fr/image.ashx?id=2433756&use=l&cat=p&typeid=i","cat":333682},{"id":168301,"n":"Skyr Yoplait  Nature 0%Mg - 850g","p":3.19,"u":"3,75 €/KG","img":"https://fd8-photos.leclercdrive.fr/image.ashx?id=2884444&use=l&cat=p&typeid=i","cat":315000},{"id":168354,"n":"Mascara Maybelline Sensational  - 1 pièce","p":9.45,"img":"https://fd8-photos.leclercdrive.fr/image.ashx?id=3010792&use=l&cat=p&typeid=i","cat":287029},{"id":168371,"n":"Masque Peel-Off Charbon Garnier Anti-Points Noirs - 50ml","p":4.47,"u":"89,40 €/L","img":"https://fd8-photos.leclercdrive.fr/image.ashx?id=2634193&use=l&cat=p&typeid=i","cat":325346},{"id":168372,"n":"Mascara L'Oréal Paris Volume  Millions de cils baume Noir","p":12.0,"img":"https://fd8-photos.leclercdrive.fr/image.ashx?id=2418420&use=l&cat=p&typeid=i","cat":287029},{"id":168540,"n":"Culotte menstruelle DIM Noir - T48/50","p":19.95,"img":"https://fd8-photos.leclercdrive.fr/image.ashx?id=2251724&use=l&cat=p&typeid=i","cat":291524},{"id":168542,"n":"Culotte menstruelle DIM Flux abondant noir - T44/46","p":19.95,"img":"https://fd8-photos.leclercdrive.fr/image.ashx?id=2251721&use=l&cat=p&typeid=i","cat":291524},{"id":168544,"n":"Culotte menstruelle DIM Flux moyen noir - T48/50","p":19.95,"img":"https://fd8-photos.leclercdrive.fr/image.ashx?id=2251748&use=l&cat=p&typeid=i","cat":291524},{"id":168547,"n":"Culotte menstruelle DIM Flux moyen - Noir T44/46","p":19.95,"img":"https://fd8-photos.leclercdrive.fr/image.ashx?id=2251745&use=l&cat=p&typeid=i","cat":291524},{"id":168560,"n":"Culotte menstruelle DIM Flux moyen noir - T40/42","p":19.95,"img":"https://fd8-photos.leclercdrive.fr/image.ashx?id=2251742&use=l&cat=p&typeid=i","cat":291524},{"id":168569,"n":"Boulettes au bœuf Charal x30 - 900g","p":8.28,"u":"9,20 €/KG","img":"https://fd8-photos.leclercdrive.fr/image.ashx?id=2901845&use=l&cat=p&typeid=i","cat":319779},{"id":168656,"n":"Schoko-bons white Kinder Chocolat - 300g","p":7.49,"u":"24,97 €/KG","img":"https://fd8-photos.leclercdrive.fr/image.ashx?id=2918071&use=l&cat=p&typeid=i","cat":327592},{"id":168676,"n":"Compotes Pom'Potes Gourdes  Multivariétés Inédits - 20x90g","p":8.34,"u":"4,63 €/KG","img":"https://fd8-photos.leclercdrive.fr/image.ashx?id=2870179&use=l&cat=p&typeid=i","cat":284508},{"id":168750,"n":"CB12 Flacon - 500ml","p":11.79,"u":"23,58 €/L","img":"https://fd8-photos.leclercdrive.fr/image.ashx?id=2231386&use=l&cat=p&typeid=i","cat":290416},{"id":168868,"n":"Essuie-tout Uni Vert 2 = 4 rouleaux","p":2.72,"u":"1,36 €/P","img":"https://fd8-photos.leclercdrive.fr/image.ashx?id=2333715&use=l&cat=p&typeid=i","cat":284635},{"id":168869,"n":"Papier toilette Uni Vert 2 plis 4=12 - x4","p":3.38,"u":"0,85 €/P","img":"https://fd8-photos.leclercdrive.fr/image.ashx?id=2333718&use=l&cat=p&typeid=i","cat":284634},{"id":168871,"n":"Mouchoirs Boîte 3 plis Univert Mouchoir papier non blanchi x80","p":1.26,"u":"0,02 €/P","img":"https://fd8-photos.leclercdrive.fr/image.ashx?id=2571941&use=l&cat=p&typeid=i","cat":284638},{"id":168946,"n":"Sauce Nuoc Mam Go Tan Asian naturals - 145ml","p":2.24,"u":"15,45 €/L","img":"https://fd8-photos.leclercdrive.fr/image.ashx?id=2488163&use=l&cat=p&typeid=i","cat":288992},{"id":168990,"n":"Burgers Eco+ x10 - 1kg","p":6.53,"u":"6,53 €/KG","img":"https://fd8-photos.leclercdrive.fr/image.ashx?id=2966523&use=l&cat=p&typeid=i","cat":319778},{"id":168992,"n":"Nuggets de volaille Eco+ 500g","p":2.18,"u":"4,36 €/KG","img":"https://fd8-photos.leclercdrive.fr/image.ashx?id=2233397&use=l&cat=p&typeid=i","cat":319780},{"id":168993,"n":"Viande hachée Eco+  800g","p":9.49,"u":"11,86 €/KG","img":"https://fd8-photos.leclercdrive.fr/image.ashx?id=2966526&use=l&cat=p&typeid=i","cat":319779},{"id":168994,"n":"Yaourt Enfant Petits Filous Tubs Aromatisés - x15","p":3.15,"u":"5,68 €/KG","img":"https://fd8-photos.leclercdrive.fr/image.ashx?id=2811038&use=l&cat=p&typeid=i","cat":284415},{"id":168995,"n":"Yaourt brassé Perle de Lait Vanille - 4x125g","p":1.98,"u":"3,96 €/KG","img":"https://fd8-photos.leclercdrive.fr/image.ashx?id=2939715&use=l&cat=p&typeid=i","cat":314999},{"id":168996,"n":"Yaourt brassé Perle de Lait Nature - 6x125g","p":2.24,"u":"2,99 €/KG","img":"https://fd8-photos.leclercdrive.fr/image.ashx?id=2994199&use=l&cat=p&typeid=i","cat":314999},{"id":169006,"n":"Cocktail de fruits de mer Eco+ Précuit - 500g","p":3.77,"u":"7,54 €/KG","img":"https://fd8-photos.leclercdrive.fr/image.ashx?id=2529525&use=l&cat=p&typeid=i","cat":319787},{"id":169026,"n":"Pané de colin d'Alaska Eco+ x5 - 800g","p":4.49,"u":"5,61 €/KG","img":"https://fd8-photos.leclercdrive.fr/image.ashx?id=2529747&use=l&cat=p&typeid=i","cat":319788},{"id":169057,"n":"Pizza Margherita Eco+ x3 - 900g","p":2.62,"u":"2,91 €/KG","img":"https://fd8-photos.leclercdrive.fr/image.ashx?id=2781176&use=l&cat=p&typeid=i","cat":284256},{"id":169072,"n":"Yaourt brassé Perle de Lait Citron  - 4x125g","p":2.01,"u":"4,19 €/P","img":"https://fd8-photos.leclercdrive.fr/image.ashx?id=2939712&use=l&cat=p&typeid=i","cat":314999},{"id":169216,"n":"Yaourt brassé Perle de Lait Coco - 4x125g","p":2.02,"u":"4,04 €/KG","img":"https://fd8-photos.leclercdrive.fr/image.ashx?id=2939709&use=l&cat=p&typeid=i","cat":286006},{"id":169218,"n":"Yaourt brassé Perle de Lait Nature - 8x125g","p":3.31,"u":"3,31 €/KG","img":"https://fd8-photos.leclercdrive.fr/image.ashx?id=2989225&use=l&cat=p&typeid=i","cat":284409},{"id":169297,"n":"Soupe Velouté de Poireaux Knorr - 1L","p":2.74,"u":"2,74 €/L","img":"https://fd8-photos.leclercdrive.fr/image.ashx?id=2395814&use=l&cat=p&typeid=i","cat":284462},{"id":169298,"n":"Velouté Carottes Française Knorr - 1L","p":2.84,"u":"2,84 €/L","img":"https://fd8-photos.leclercdrive.fr/image.ashx?id=2395811&use=l&cat=p&typeid=i","cat":284463},{"id":169342,"n":"Lardons fumés Herta 200g","p":2.16,"u":"10,80 €/KG","img":"https://fd8-photos.leclercdrive.fr/image.ashx?id=2939307&use=l&cat=p&typeid=i","cat":316011},{"id":169344,"n":"Lardons fumés Herta Sans nitrite - 2x75g","p":1.8,"u":"12,00 €/KG","img":"https://fd8-photos.leclercdrive.fr/image.ashx?id=2731369&use=l&cat=p&typeid=i","cat":316011},{"id":169345,"n":"Lardons nature Herta 200g","p":2.16,"u":"10,80 €/KG","img":"https://fd8-photos.leclercdrive.fr/image.ashx?id=2731357&use=l&cat=p&typeid=i","cat":316011},{"id":169346,"n":"Allumettes fumées Herta Sans nitrite - 2x75g","p":1.88,"u":"12,53 €/KG","img":"https://fd8-photos.leclercdrive.fr/image.ashx?id=2868903&use=l&cat=p&typeid=i","cat":316011},{"id":169347,"n":"Allumettes nature Herta Sans nitrite - 2x75g","p":1.96,"u":"13,07 €/KG","img":"https://fd8-photos.leclercdrive.fr/image.ashx?id=2868906&use=l&cat=p&typeid=i","cat":316011},{"id":169353,"n":"Pâte feuilletée Herta Tarte en Or - 230g","p":0.94,"u":"4,09 €/KG","img":"https://fd8-photos.leclercdrive.fr/image.ashx?id=2918658&use=l&cat=p&typeid=i","cat":333681},{"id":169354,"n":"Pâte brisée Herta Tarte en Or - 230g","p":1.04,"u":"4,52 €/KG","img":"https://fd8-photos.leclercdrive.fr/image.ashx?id=2739189&use=l&cat=p&typeid=i","cat":333681},{"id":169365,"n":"Pâte feuilletée rectangulaire  Herta Tarte en Or - 230g","p":1.3,"u":"5,65 €/KG","img":"https://fd8-photos.leclercdrive.fr/image.ashx?id=2721697&use=l&cat=p&typeid=i","cat":333681},{"id":169367,"n":"Pâte feuilletée Herta Tarte en Or -30%MG - 230g","p":1.5,"u":"6,52 €/KG","img":"https://fd8-photos.leclercdrive.fr/image.ashx?id=2814524&use=l&cat=p&typeid=i","cat":333681},{"id":169429,"n":"Tendres Effilés en Gelée Felix Selection poissons 12x85g","p":4.93,"u":"4,83 €/KG","img":"https://fd8-photos.leclercdrive.fr/image.ashx?id=2995439&use=l&cat=p&typeid=i","cat":285286},{"id":169430,"n":"Tendres Effilés en Gelée Felix Selection campagne 12x85g","p":4.97,"u":"4,87 €/KG","img":"https://fd8-photos.leclercdrive.fr/image.ashx?id=2957668&use=l&cat=p&typeid=i","cat":285286},{"id":169432,"n":"Tendres Effilés en Gelée Felix Selection mixte - 24x85g","p":8.87,"u":"4,35 €/KG","img":"https://fd8-photos.leclercdrive.fr/image.ashx?id=2869651&use=l&cat=p&typeid=i","cat":285286},{"id":169435,"n":"Délicieux Duos en Gelée Felix Selection mixte 24x85g","p":10.03,"u":"4,92 €/KG","img":"https://fd8-photos.leclercdrive.fr/image.ashx?id=2861779&use=l&cat=p&typeid=i","cat":285286},{"id":169443,"n":"Tendres Effilés Gelée 44x85g","p":17.28,"u":"4,62 €/KG","img":"https://fd8-photos.leclercdrive.fr/image.ashx?id=2957674&use=l&cat=p&typeid=i","cat":285286},{"id":169445,"n":"Duos en gelée Felix Selection campagne - 44x85g","p":16.93,"u":"4,53 €/KG","img":"https://fd8-photos.leclercdrive.fr/image.ashx?id=2976857&use=l&cat=p&typeid=i","cat":285286},{"id":169446,"n":"Après-shampooing solide N.A.E. Bio - 80g","p":6.36,"u":"79,50 €/KG","img":"https://fd8-photos.leclercdrive.fr/image.ashx?id=2239477&use=l&cat=p&typeid=i","cat":284607},{"id":169447,"n":"Emincés En Gelée Felix Selection mixte - 12x85g","p":4.19,"u":"4,11 €/KG","img":"https://fd8-photos.leclercdrive.fr/image.ashx?id=2869657&use=l&cat=p&typeid=i","cat":285286},{"id":169448,"n":"Emincés En Gelée  Felix Volaille légumes - 12x85g","p":4.19,"u":"4,11 €/KG","img":"https://fd8-photos.leclercdrive.fr/image.ashx?id=2909212&use=l&cat=p&typeid=i","cat":285286},{"id":169513,"n":"Crème lavante Uriage 500ml","p":9.7,"u":"19,40 €/L","img":"https://fd8-photos.leclercdrive.fr/image.ashx?id=2689973&use=l&cat=p&typeid=i","cat":301591},{"id":169559,"n":"Père Noël Smarties Bleu - 85g","p":2.77,"u":"32,59 €/KG","img":"https://fd8-photos.leclercdrive.fr/image.ashx?id=2265626&use=l&cat=p&typeid=i","cat":327592},{"id":170122,"n":"Champagne Tsarine Poupée Russe - 12° - 75cl","p":49.95,"u":"66,60 €/L","img":"https://fd8-photos.leclercdrive.fr/image.ashx?id=2243491&use=l&cat=p&typeid=i","cat":284542},{"id":170327,"n":"Mini farcis de pintade aux morilles Maître Coq - 440g","p":9.99,"u":"22,70 €/KG","img":"https://fd8-photos.leclercdrive.fr/image.ashx?id=2245511&use=l&cat=p&typeid=i","cat":327289},{"id":170935,"n":"Rhum Havana Club 3 ans 37,5% vol - 1L","p":23.42,"u":"23,42 €/L","img":"https://fd8-photos.leclercdrive.fr/image.ashx?id=2953992&use=l&cat=p&typeid=i","cat":284550},{"id":170955,"n":"Aop Alsace Riesling sec Henri Ehrhart 75 cl","p":5.9,"u":"7,87 €/L","img":"https://fd8-photos.leclercdrive.fr/image.ashx?id=3008389&use=l&cat=p&typeid=i","cat":289557},{"id":170957,"n":"Confiture Douceur du Verger Abricot - 750g","p":2.31,"u":"3,08 €/KG","img":"https://fd8-photos.leclercdrive.fr/image.ashx?id=2965581&use=l&cat=p&typeid=i","cat":284480},{"id":171004,"n":"Ramen nouilles Tanoshi Soja Caramel - 360g","p":2.98,"u":"8,28 €/KG","img":"https://fd8-photos.leclercdrive.fr/image.ashx?id=2922971&use=l&cat=p&typeid=i","cat":288992},{"id":171068,"n":"Gel douche So Bio Etic Fleur d'oranger bio - 450ml","p":5.63,"u":"12,51 €/L","img":"https://fd8-photos.leclercdrive.fr/image.ashx?id=2794487&use=l&cat=p&typeid=i","cat":284594},{"id":171070,"n":"Gel douche So Bio Etic Abricot bio - 450ml","p":5.04,"u":"11,20 €/L","img":"https://fd8-photos.leclercdrive.fr/image.ashx?id=2793629&use=l&cat=p&typeid=i","cat":284594},{"id":171072,"n":"Gel douche So Bio Etic Verveine Citron bio - 450ml","p":5.22,"u":"11,60 €/L","img":"https://fd8-photos.leclercdrive.fr/image.ashx?id=2813468&use=l&cat=p&typeid=i","cat":284594},{"id":171089,"n":"IGP Bloc de foie gras   Jean Larnaudie  - 400g","p":38.5,"pp":25.41,"u":"63,52 €/KG","img":"https://fd8-photos.leclercdrive.fr/image.ashx?id=2915790&use=l&cat=p&typeid=i","cat":316008},{"id":171108,"n":"Bloc de foie gras Delpeyrat Barquette 540g","p":40.4,"u":"74,81 €/KG","img":"https://fd8-photos.leclercdrive.fr/image.ashx?id=2904691&use=l&cat=p&typeid=i","cat":316008},{"id":171187,"n":"Barres glacées Snickers  Caramel & Cacahuètes x12 - 547g","p":4.47,"u":"8,17 €/KG","img":"https://fd8-photos.leclercdrive.fr/image.ashx?id=2295505&use=l&cat=p&typeid=i","cat":284264},{"id":171188,"n":"Glace Barre Glacée Snickers  Caramel & Cacahuètes x6 - 274g","p":3.55,"u":"12,96 €/KG","img":"https://fd8-photos.leclercdrive.fr/image.ashx?id=2295508&use=l&cat=p&typeid=i","cat":284264},{"id":171191,"n":"Barre glacée Mars  Caramel x6 - 240g","p":3.16,"img":"https://fd8-photos.leclercdrive.fr/image.ashx?id=2295924&use=l&cat=p&typeid=i","cat":284264},{"id":171409,"n":"Sac poubelle Elembal 50L - x40","p":5.99,"u":"0,15 €/P","img":"https://fd8-photos.leclercdrive.fr/image.ashx?id=2793311&use=l&cat=p&typeid=i","cat":285168},{"id":171719,"n":"Lessive Epsil Perfect Tri-Doses Fleurie x20 - 490ml","p":4.49,"u":"9,16 €/L","img":"https://fd8-photos.leclercdrive.fr/image.ashx?id=2450119&use=l&cat=p&typeid=i","cat":284641},{"id":171836,"n":"Céréales Trésor Kellogg's Chocolat au lait - 620g","p":4.39,"u":"7,08 €/KG","img":"https://fd8-photos.leclercdrive.fr/image.ashx?id=2598334&use=l&cat=p&typeid=i","cat":309513},{"id":171839,"n":"Yaourts Light & Free Aux fruits rouges 0% - 8x125g","p":3.29,"u":"3,29 €/KG","img":"https://fd8-photos.leclercdrive.fr/image.ashx?id=3008014&use=l&cat=p&typeid=i","cat":315000},{"id":171846,"n":"Skyr vanille Délisse 450g","p":1.98,"u":"4,40 €/KG","img":"https://fd8-photos.leclercdrive.fr/image.ashx?id=2992585&use=l&cat=p&typeid=i","cat":315000},{"id":172509,"n":"Confit d'Oignons Truffe - 150g","p":1.97,"u":"13,13 €/KG","img":"https://fd8-photos.leclercdrive.fr/image.ashx?id=2259730&use=l&cat=p&typeid=i","cat":284458},{"id":172584,"n":"Fromage blanc 0%MG Light & Free Fraise - 4x120g","p":2.05,"u":"4,27 €/KG","img":"https://fd8-photos.leclercdrive.fr/image.ashx?id=3007999&use=l&cat=p&typeid=i","cat":315000},{"id":172585,"n":"Fromage blanc 0%MG Light & Free Pêche - 4x120g","p":2.31,"u":"4,81 €/KG","img":"https://fd8-photos.leclercdrive.fr/image.ashx?id=3008002&use=l&cat=p&typeid=i","cat":315000},{"id":172588,"n":"Fromage blanc 0%MG Light & Free Nature - 8x100g","p":2.87,"u":"3,59 €/KG","img":"https://fd8-photos.leclercdrive.fr/image.ashx?id=3008008&use=l&cat=p&typeid=i","cat":315000},{"id":172592,"n":"Fromage blanc 0%MG Light & Free Vanille - 4x120g","p":2.01,"u":"4,19 €/KG","img":"https://fd8-photos.leclercdrive.fr/image.ashx?id=3008005&use=l&cat=p&typeid=i","cat":315000},{"id":172649,"n":"Papier toilette Renova Progress - x40","p":9.97,"u":"0,25 €/P","img":"https://fd8-photos.leclercdrive.fr/image.ashx?id=2279894&use=l&cat=p&typeid=i","cat":284634},{"id":172651,"n":"Essuie-tout Renova Active Absorption - x16","p":8.66,"u":"0,54 €/P","img":"https://fd8-photos.leclercdrive.fr/image.ashx?id=2260120&use=l&cat=p&typeid=i","cat":284635},{"id":172718,"n":"Lessive en poudre Xeor Savon de Marseille x50 - 2.5kg","p":5.99,"u":"2,40 €/KG","img":"https://fd8-photos.leclercdrive.fr/image.ashx?id=2450161&use=l&cat=p&typeid=i","cat":284642},{"id":172723,"n":"Eau aromatisée San Pellegrino Aranciata rossa - 6x33cl","p":3.67,"u":"1,85 €/L","img":"https://fd8-photos.leclercdrive.fr/image.ashx?id=2866109&use=l&cat=p&typeid=i","cat":284536},{"id":172725,"n":"Eau aromatisée San Pellegrino Limonata - 6x33cl","p":3.83,"u":"1,93 €/L","img":"https://fd8-photos.leclercdrive.fr/image.ashx?id=2525816&use=l&cat=p&typeid=i","cat":284536},{"id":172727,"n":"Eau aromatisée San Pellegrino Melograno e arancia - 6x33cl","p":3.68,"u":"1,86 €/L","img":"https://fd8-photos.leclercdrive.fr/image.ashx?id=2551555&use=l&cat=p&typeid=i","cat":284536},{"id":172731,"n":"Tablette chocolat Milka Chocolat au lait - 3x100g","p":4.23,"u":"14,10 €/KG","img":"https://fd8-photos.leclercdrive.fr/image.ashx?id=3009137&use=l&cat=p&typeid=i","cat":284497},{"id":172740,"n":"Farine à Pizza Mon Fournil T00 - 1kg","p":1.73,"u":"1,73 €/KG","img":"https://fd8-photos.leclercdrive.fr/image.ashx?id=2341660&use=l&cat=p&typeid=i","cat":284503},{"id":172829,"n":"Yaourt à boire protéiné Hipro  Mangue 0%mg - 300g","p":2.19,"u":"7,30 €/KG","img":"https://fd8-photos.leclercdrive.fr/image.ashx?id=2807432&use=l&cat=p&typeid=i","cat":315000},{"id":173706,"n":"Culotte menstruelle shorty Dim Flux abondant noir T40/42 - x1","p":19.85,"img":"https://fd8-photos.leclercdrive.fr/image.ashx?id=2278514&use=l&cat=p&typeid=i","cat":291524},{"id":173709,"n":"Culotte menstruelle shorty Dim Fflux abondant noir T48/50 - x1","p":19.85,"img":"https://fd8-photos.leclercdrive.fr/image.ashx?id=2278520&use=l&cat=p&typeid=i","cat":291524},{"id":173757,"n":"Culotte menstruelle shorty Dim Flux moyen noir T44/46 - x1","p":19.9,"img":"https://fd8-photos.leclercdrive.fr/image.ashx?id=2278505&use=l&cat=p&typeid=i","cat":291524},{"id":173759,"n":"Culotte menstruelle shorty Dim Flux moyen noir T46/48 - x1","p":19.9,"img":"https://fd8-photos.leclercdrive.fr/image.ashx?id=2278508&use=l&cat=p&typeid=i","cat":291524},{"id":173763,"n":"Culotte menstruelle Dim Flux abondant noir T44/46 - x1","p":19.95,"img":"https://fd8-photos.leclercdrive.fr/image.ashx?id=2534977&use=l&cat=p&typeid=i","cat":291524},{"id":173770,"n":"Culotte menstruelle Dim Flux moyen noir T40/42 - x1","p":19.95,"img":"https://fd8-photos.leclercdrive.fr/image.ashx?id=2534983&use=l&cat=p&typeid=i","cat":291524},{"id":173773,"n":"Culotte menstruelle DIM flux moyen noir T44/46 x1","p":19.95,"img":"https://fd8-photos.leclercdrive.fr/image.ashx?id=2534986&use=l&cat=p&typeid=i","cat":291524},{"id":173998,"n":"Cylindre d'échange CO2 Sodastream - A clipser - 60L","p":13.9,"img":"https://fd8-photos.leclercdrive.fr/image.ashx?id=2650816&use=l&cat=p&typeid=i","cat":334140},{"id":174145,"n":"Confiture Douceur du Verger Cerises - 370 g","p":1.27,"u":"3,43 €/KG","img":"https://fd8-photos.leclercdrive.fr/image.ashx?id=2965599&use=l&cat=p&typeid=i","cat":284480},{"id":174147,"n":"Confiture Douceur du Verger Châtaignes/vanille - 370g","p":1.75,"u":"4,73 €/KG","img":"https://fd8-photos.leclercdrive.fr/image.ashx?id=2965593&use=l&cat=p&typeid=i","cat":284480},{"id":174148,"n":"Confiture Douceur du Verger Pêches - 370 g","p":1.6,"u":"4,32 €/KG","img":"https://fd8-photos.leclercdrive.fr/image.ashx?id=2965602&use=l&cat=p&typeid=i","cat":284480},{"id":174149,"n":"Confiture Douceur du Verger Fraises - 370 g","p":1.12,"u":"3,03 €/KG","img":"https://fd8-photos.leclercdrive.fr/image.ashx?id=2965539&use=l&cat=p&typeid=i","cat":284480},{"id":174150,"n":"Confiture Douceur du Verger Framboises - 370 g","p":1.99,"u":"5,38 €/KG","img":"https://fd8-photos.leclercdrive.fr/image.ashx?id=2965575&use=l&cat=p&typeid=i","cat":284480},{"id":174151,"n":"Confiture Douceur du Verger 4 fruits rouges - 370 g","p":1.18,"u":"3,19 €/KG","img":"https://fd8-photos.leclercdrive.fr/image.ashx?id=2965551&use=l&cat=p&typeid=i","cat":284480},{"id":174152,"n":"Sauce Tomate Provençale Panzani - 210G","p":1.27,"u":"6,05 €/KG","img":"https://fd8-photos.leclercdrive.fr/image.ashx?id=2880691&use=l&cat=p&typeid=i","cat":299047},{"id":174153,"n":"Sauce tomates cuisinées Panzani 210g","p":1.16,"u":"5,52 €/KG","img":"https://fd8-photos.leclercdrive.fr/image.ashx?id=2880688&use=l&cat=p&typeid=i","cat":299047},{"id":174154,"n":"Sauce Tomate Basilic Panzani - 210G","p":1.23,"u":"5,86 €/KG","img":"https://fd8-photos.leclercdrive.fr/image.ashx?id=2881290&use=l&cat=p&typeid=i","cat":288384},{"id":174155,"n":"Sauce tomate Panzani Provençale - 425g","p":1.37,"u":"3,22 €/KG","img":"https://fd8-photos.leclercdrive.fr/image.ashx?id=2742866&use=l&cat=p&typeid=i","cat":288384},{"id":174156,"n":"Sauce tomates cuisinées Panzani 425g","p":1.67,"u":"3,93 €/KG","img":"https://fd8-photos.leclercdrive.fr/image.ashx?id=2977276&use=l&cat=p&typeid=i","cat":288384},{"id":174157,"n":"Sauce Tomate Basilic Panzani - 400G","p":1.93,"u":"4,83 €/KG","img":"https://fd8-photos.leclercdrive.fr/image.ashx?id=2968088&use=l&cat=p&typeid=i","cat":288384},{"id":174158,"n":"Sauce Tomate Provençale Panzani - 650G","p":2.09,"u":"3,22 €/KG","img":"https://fd8-photos.leclercdrive.fr/image.ashx?id=2977942&use=l&cat=p&typeid=i","cat":299047},{"id":174159,"n":"Sauce Tomate Basilic Panzani - 650G","p":2.45,"u":"3,77 €/KG","img":"https://fd8-photos.leclercdrive.fr/image.ashx?id=2977945&use=l&cat=p&typeid=i","cat":288384},{"id":174160,"n":"Sauce tomates fraîches Panzani 3x190g","p":2.66,"u":"4,67 €/KG","img":"https://fd8-photos.leclercdrive.fr/image.ashx?id=2835274&use=l&cat=p&typeid=i","cat":288384},{"id":174161,"n":"Queues de langouste crue Ronde des Mers - 340g","p":23.79,"u":"69,97 €/KG","img":"https://fd8-photos.leclercdrive.fr/image.ashx?id=2523470&use=l&cat=p&typeid=i","cat":327284},{"id":174164,"n":"Crème Sans Lactose Elle&Vire Epaisse Légère - 4% MG - 33cl","p":1.8,"u":"5,33 €/KG","img":"https://fd8-photos.leclercdrive.fr/image.ashx?id=2773670&use=l&cat=p&typeid=i","cat":284381},{"id":174189,"n":"Beignets de calamar Eco+ 500g","p":2.46,"u":"4,92 €/KG","img":"https://fd8-photos.leclercdrive.fr/image.ashx?id=2690955&use=l&cat=p&typeid=i","cat":319788},{"id":174191,"n":"Mini saucisses de Morteau NRT IGP - 2x120g","p":5.24,"u":"21,83 €/KG","img":"https://fd8-photos.leclercdrive.fr/image.ashx?id=2991506&use=l&cat=p&typeid=i","cat":316012},{"id":174192,"n":"Filet de saumon de Norvège ASC  L'Atelier Poissonnerie - 600g","p":12.94,"u":"21,57 €/KG","img":"https://fd8-photos.leclercdrive.fr/image.ashx?id=3004402&use=l&cat=p&typeid=i","cat":284342},{"id":174196,"n":"Viande hachée 15% MG Férial 1kg","p":14.49,"u":"14,49 €/KG","img":"https://fd8-photos.leclercdrive.fr/image.ashx?id=2630094&use=l&cat=p&typeid=i","cat":284332},{"id":174222,"n":"Pur jus d'orange Eco  Sans pulpe - 1L","p":2.07,"u":"2,07 €/L","img":"https://fd8-photos.leclercdrive.fr/image.ashx?id=2779874&use=l&cat=p&typeid=i","cat":285435},{"id":174398,"n":"Eponges grattantes Eco + x6","p":0.96,"u":"0,16 €/P","img":"https://fd8-photos.leclercdrive.fr/image.ashx?id=2761295&use=l&cat=p&typeid=i","cat":284667},{"id":174489,"n":"Mini saucisson sec Saint Azay 160g","p":2.74,"u":"17,13 €/KG","img":"https://fd8-photos.leclercdrive.fr/image.ashx?id=2922709&use=l&cat=p&typeid=i","cat":316006},{"id":174517,"n":"Pur jus multifruits Jafaden 90cl","p":1.7,"u":"1,89 €/L","img":"https://fd8-photos.leclercdrive.fr/image.ashx?id=2723153&use=l&cat=p&typeid=i","cat":285435},{"id":174569,"n":"Couscous Ferrero Grain moyen - 1kg+500g offert","p":2.25,"u":"1,50 €/KG","img":"https://fd8-photos.leclercdrive.fr/image.ashx?id=2901653&use=l&cat=p&typeid=i","cat":284429},{"id":174604,"n":"Post-it® Super Sticky 76x76 mm - 90 feuilles x6","p":5.89,"img":"https://fd8-photos.leclercdrive.fr/image.ashx?id=2559996&use=l&cat=p&typeid=i","cat":334133},{"id":174709,"n":"Confiture Douceur du Verger 4 fruits rouges - 750 g","p":2.39,"u":"3,19 €/KG","img":"https://fd8-photos.leclercdrive.fr/image.ashx?id=2965557&use=l&cat=p&typeid=i","cat":284480},{"id":174710,"n":"Confiture Douceur du Verger Mirabelles - 370g","p":1.64,"u":"4,43 €/KG","img":"https://fd8-photos.leclercdrive.fr/image.ashx?id=2965560&use=l&cat=p&typeid=i","cat":284480},{"id":174712,"n":"Confiture Douceur du Verger Figues - 370g","p":1.58,"u":"4,27 €/KG","img":"https://fd8-photos.leclercdrive.fr/image.ashx?id=2965587&use=l&cat=p&typeid=i","cat":284480},{"id":174714,"n":"Confiture Douceur du Verger Mûres - 370g","p":1.99,"u":"5,38 €/KG","img":"https://fd8-photos.leclercdrive.fr/image.ashx?id=2970587&use=l&cat=p&typeid=i","cat":284480},{"id":174815,"n":"Confiture Douceur du Verger Myrtilles - 370g","p":1.72,"u":"4,65 €/KG","img":"https://fd8-photos.leclercdrive.fr/image.ashx?id=2965590&use=l&cat=p&typeid=i","cat":284480},{"id":174817,"n":"Gelée Douceur du Verger Mûres - 370g","p":1.99,"u":"5,38 €/KG","img":"https://fd8-photos.leclercdrive.fr/image.ashx?id=2965578&use=l&cat=p&typeid=i","cat":284480},{"id":174836,"n":"Steak haché façon bouchère x2 Soutenons Nos Agriculteurs 200g","p":4.49,"u":"22,45 €/KG","img":"https://fd8-photos.leclercdrive.fr/image.ashx?id=2291447&use=l&cat=p&typeid=i","cat":284332},{"id":174844,"n":"Amandes en poudre d'Espagne Sainte Lucie - 100g","p":2.79,"u":"27,90 €/KG","img":"https://fd8-photos.leclercdrive.fr/image.ashx?id=2774331&use=l&cat=p&typeid=i","cat":284504},{"id":174875,"n":"Gelée douceur du Verger Groseilles - 370g","p":1.29,"u":"3,49 €/KG","img":"https://fd8-photos.leclercdrive.fr/image.ashx?id=2965563&use=l&cat=p&typeid=i","cat":284480},{"id":174876,"n":"Gelée Douceur du Verger Coing - 370g","p":1.29,"u":"3,49 €/KG","img":"https://fd8-photos.leclercdrive.fr/image.ashx?id=2965566&use=l&cat=p&typeid=i","cat":284480},{"id":174881,"n":"Carottes râpées Bonduelle Au Citron de Sicile - 320g","p":1.41,"u":"4,41 €/KG","img":"https://fd8-photos.leclercdrive.fr/image.ashx?id=2894194&use=l&cat=p&typeid=i","cat":333657},{"id":174927,"n":"Viande hachée 15% MG Soutenons Nos Agriculteurs 300g","p":5.59,"u":"18,63 €/KG","img":"https://fd8-photos.leclercdrive.fr/image.ashx?id=2930558&use=l&cat=p&typeid=i","cat":284332},{"id":174931,"n":"Steak haché façon bouchère x4 Soutenons Nos Agriculteurs 400g","p":6.39,"u":"15,98 €/KG","img":"https://fd8-photos.leclercdrive.fr/image.ashx?id=2968070&use=l&cat=p&typeid=i","cat":319778},{"id":174941,"n":"Fromage blanc Engagé Soutenons Nos Agriculteurs 1kg","p":2.09,"u":"2,09 €/KG","img":"https://fd8-photos.leclercdrive.fr/image.ashx?id=2297292&use=l&cat=p&typeid=i","cat":284409},{"id":174949,"n":"Crème fluide légère 3x20cl Soutenons Nos Agriculteurs","p":2.45,"u":"4,08 €/L","img":"https://fd8-photos.leclercdrive.fr/image.ashx?id=2291417&use=l&cat=p&typeid=i","cat":284381},{"id":174954,"n":"Crème liquide UHT 3x20cl Soutenons Nos Agriculteurs","p":3.49,"u":"5,82 €/L","img":"https://fd8-photos.leclercdrive.fr/image.ashx?id=2291414&use=l&cat=p&typeid=i","cat":284381},{"id":174984,"n":"Miel Soutenons nos agriculteurs Crémeux - 500 g","p":5.59,"u":"11,18 €/KG","img":"https://fd8-photos.leclercdrive.fr/image.ashx?id=2921411&use=l&cat=p&typeid=i","cat":287643},{"id":174997,"n":"Jambon supérieur 2 tranches Soutenons Nos Agriculteurs 70g","p":1.71,"u":"24,43 €/KG","img":"https://fd8-photos.leclercdrive.fr/image.ashx?id=2437518&use=l&cat=p&typeid=i","cat":316009},{"id":174998,"n":"Jambon supérieur 6 tranches Soutenons Nos Agriculteurs 210g","p":3.89,"u":"18,52 €/KG","img":"https://fd8-photos.leclercdrive.fr/image.ashx?id=2943710&use=l&cat=p&typeid=i","cat":316009},{"id":174999,"n":"Jambon superieur 4 tranches Soutenons Nos Agriculteurs 140g","p":2.66,"u":"19,00 €/KG","img":"https://fd8-photos.leclercdrive.fr/image.ashx?id=2943707&use=l&cat=p&typeid=i","cat":316009},{"id":175031,"n":"Oeufs plein air Engagé Soutenons Nos Agriculteurs x6","p":1.59,"u":"0,27 €/P","img":"https://fd8-photos.leclercdrive.fr/image.ashx?id=2291984&use=l&cat=p&typeid=i","cat":284378},{"id":175040,"n":"Soin hydratant Aloe Vera BIO  Le Petit Marseillais - 400ml","p":4.25,"u":"10,63 €/L","img":"https://fd8-photos.leclercdrive.fr/image.ashx?id=2280711&use=l&cat=p&typeid=i","cat":325350},{"id":175058,"n":"Pois chiches Bonduelle Cuits Dans Très Peu De Jus 265g","p":1.19,"u":"4,49 €/KG","img":"https://fd8-photos.leclercdrive.fr/image.ashx?id=2926272&use=l&cat=p&typeid=i","cat":312609},{"id":175067,"n":"Secret de Mousse La Laitière Vanille coulis chocolat - 4x59g","p":1.69,"u":"7,16 €/KG","img":"https://fd8-photos.leclercdrive.fr/image.ashx?id=2847982&use=l&cat=p&typeid=i","cat":284417},{"id":175098,"n":"Tartines croustillantes Wasa Sésame - 250g","p":2.32,"u":"9,28 €/KG","img":"https://fd8-photos.leclercdrive.fr/image.ashx?id=3011860&use=l&cat=p&typeid=i","cat":284479},{"id":175114,"n":"AOP Alsace Gewurztraminer Ehrhart Moelleux - 75cl","p":7.4,"u":"9,87 €/L","img":"https://fd8-photos.leclercdrive.fr/image.ashx?id=2936950&use=l&cat=p&typeid=i","cat":289557},{"id":175122,"n":"Crème Douche Nourrissante Cadum Surgras Coco - 750ml","p":4.05,"u":"5,40 €/L","img":"https://fd8-photos.leclercdrive.fr/image.ashx?id=2393284&use=l&cat=p&typeid=i","cat":284594},{"id":175303,"n":"Skyr Siggi's  Citron - 2x140g","p":2.27,"u":"8,11 €/KG","img":"https://fd8-photos.leclercdrive.fr/image.ashx?id=2673082&use=l&cat=p&typeid=i","cat":315000},{"id":175339,"n":"Poivrons bicolores Eco+ x2","p":0.99,"u":"0,50 €/P","img":"https://fd8-photos.leclercdrive.fr/image.ashx?id=2709716&use=l&cat=p&typeid=i","cat":284352},{"id":175419,"n":"Citrons jaunes non traités Panier du Primeur Sachet x4","p":1.89,"u":"0,47 €/P","img":"https://fd8-photos.leclercdrive.fr/image.ashx?id=2930906&use=l&cat=p&typeid=i","cat":284356},{"id":175551,"n":"Confit de canard du Sud-Ouest Nos Régions ont du Talent  420g","p":8.68,"u":"20,67 €/KG","img":"https://fd8-photos.leclercdrive.fr/image.ashx?id=2753544&use=l&cat=p&typeid=i","cat":284339},{"id":175564,"n":"Gel Douche Le Petit Marseillais  Haute tolerance aloevera 400ml","p":2.41,"u":"6,03 €/L","img":"https://fd8-photos.leclercdrive.fr/image.ashx?id=2677429&use=l&cat=p&typeid=i","cat":284594},{"id":175572,"n":"Thé noir Earl Grey Bio Village Bio - x20 - 36g","p":1.09,"u":"30,28 €/KG","img":"https://fd8-photos.leclercdrive.fr/image.ashx?id=2897913&use=l&cat=p&typeid=i","cat":293233},{"id":175574,"n":"Sauce bolognaise Panzani Extra riche - 400g","p":2.74,"u":"6,85 €/KG","img":"https://fd8-photos.leclercdrive.fr/image.ashx?id=2887527&use=l&cat=p&typeid=i","cat":299047},{"id":175579,"n":"Pur jus Bio Village Bio Pomme  - 1L","p":2.14,"u":"2,14 €/L","img":"https://fd8-photos.leclercdrive.fr/image.ashx?id=2285081&use=l&cat=p&typeid=i","cat":284522},{"id":175585,"n":"Sachet fraicheur chat Sheba Soupe filets de thon - 4x40g","p":2.85,"u":"17,81 €/KG","img":"https://fd8-photos.leclercdrive.fr/image.ashx?id=2292593&use=l&cat=p&typeid=i","cat":285286},{"id":175586,"n":"Lentilles vertes Vivien Paille 1kg","p":3.64,"u":"3,64 €/KG","img":"https://fd8-photos.leclercdrive.fr/image.ashx?id=2285093&use=l&cat=p&typeid=i","cat":284430},{"id":175588,"n":"Cannelle entière Sainte Lucie 15g","p":2.45,"u":"163,33 €/KG","img":"https://fd8-photos.leclercdrive.fr/image.ashx?id=2984380&use=l&cat=p&typeid=i","cat":298297},{"id":175589,"n":"Bougie La Patelière Chiffre 9","p":1.66,"img":"https://fd8-photos.leclercdrive.fr/image.ashx?id=2285261&use=l&cat=p&typeid=i","cat":284504},{"id":175599,"n":"Eclats La Patelière De pistaches torréfiées - 50g","p":3.72,"u":"74,40 €/KG","img":"https://fd8-photos.leclercdrive.fr/image.ashx?id=2285267&use=l&cat=p&typeid=i","cat":284504},{"id":175600,"n":"Levure boulangère La Patelière 8x8g","p":1.55,"u":"24,22 €/KG","img":"https://fd8-photos.leclercdrive.fr/image.ashx?id=2285273&use=l&cat=p&typeid=i","cat":294686},{"id":175603,"n":"Thé vert bio Bio Village Menthe x20 - 36g","p":1.65,"u":"45,83 €/KG","img":"https://fd8-photos.leclercdrive.fr/image.ashx?id=2897907&use=l&cat=p&typeid=i","cat":293233},{"id":175605,"n":"Amandes California Sainte Lucie Décortiquées - 125g","p":3.86,"u":"30,88 €/KG","img":"https://fd8-photos.leclercdrive.fr/image.ashx?id=2285219&use=l&cat=p&typeid=i","cat":284504},{"id":175686,"n":"Farine de riz Jardin Bio Semi-complète bio - 400g","p":2.35,"u":"5,88 €/KG","img":"https://fd8-photos.leclercdrive.fr/image.ashx?id=2740097&use=l&cat=p&typeid=i","cat":284503},{"id":175713,"n":"Bière \"La Goudale\" Rubis - 6x25cl","p":4.88,"u":"3,25 €/L","img":"https://fd8-photos.leclercdrive.fr/image.ashx?id=2778245&use=l&cat=p&typeid=i","cat":334878},{"id":175765,"n":"Chocolat au lait Lindt Création Praliné Feuillantine - 110g","p":3.62,"u":"32,91 €/KG","img":"https://fd8-photos.leclercdrive.fr/image.ashx?id=2287394&use=l&cat=p&typeid=i","cat":284497},{"id":175900,"n":"Limoncello Villa Cardea 25° - 70cl","p":10.85,"u":"15,50 €/L","img":"https://fd8-photos.leclercdrive.fr/image.ashx?id=2828928&use=l&cat=p&typeid=i","cat":284551},{"id":175933,"n":"Pain de mie La Boulangère Avoine et graines - 500g","p":2.01,"u":"4,02 €/KG","img":"https://fd8-photos.leclercdrive.fr/image.ashx?id=2912431&use=l&cat=p&typeid=i","cat":325068},{"id":175954,"n":"Sauce Bolognaise Panzani Extra riche - 200g","p":1.69,"u":"8,45 €/KG","img":"https://fd8-photos.leclercdrive.fr/image.ashx?id=2918574&use=l&cat=p&typeid=i","cat":287599},{"id":175982,"n":"Huile de Bronzage SPF30 Garnier Protectrice - 150ml","p":10.12,"u":"67,47 €/L","img":"https://fd8-photos.leclercdrive.fr/image.ashx?id=2601121&use=l&cat=p&typeid=i","cat":325355},{"id":175986,"n":"Crème change bio Love & Green 100ml","p":5.75,"u":"57,50 €/L","img":"https://fd8-photos.leclercdrive.fr/image.ashx?id=2289267&use=l&cat=p&typeid=i","cat":284741},{"id":175991,"n":"Culottes Pampers Baby Dry Pants Taille 3 : 6/11kg - x96","p":30.28,"u":"0,32 €/P","img":"https://fd8-photos.leclercdrive.fr/image.ashx?id=2622834&use=l&cat=p&typeid=i","cat":290633},{"id":175999,"n":"Barquette chien Cesar Terrine veau et carottes - 300g","p":1.66,"u":"5,53 €/KG","img":"https://fd8-photos.leclercdrive.fr/image.ashx?id=2289249&use=l&cat=p&typeid=i","cat":284673},{"id":176034,"n":"Frites Express McCain Just Au Four - 600g","p":3.08,"u":"5,13 €/KG","img":"https://fd8-photos.leclercdrive.fr/image.ashx?id=2997337&use=l&cat=p&typeid=i","cat":319791},{"id":176238,"n":"Le rapé de Chèvre Soignon 150g","p":3.1,"u":"20,67 €/KG","img":"https://fd8-photos.leclercdrive.fr/image.ashx?id=2773694&use=l&cat=p&typeid=i","cat":314035},{"id":176239,"n":"Gnocchi Lustucru Selection  390g","p":1.72,"u":"4,41 €/KG","img":"https://fd8-photos.leclercdrive.fr/image.ashx?id=2965999&use=l&cat=p&typeid=i","cat":333682},{"id":176299,"n":"Biscottes Cracotte LU Fibre - 250g","p":2.14,"u":"8,56 €/KG","img":"https://fd8-photos.leclercdrive.fr/image.ashx?id=2871154&use=l&cat=p&typeid=i","cat":284479},{"id":176367,"n":"Couches Pampers Premium Protection - Taille 2 - x54","p":16.24,"u":"0,30 €/P","img":"https://fd8-photos.leclercdrive.fr/image.ashx?id=2507197&use=l&cat=p&typeid=i","cat":284737},{"id":176387,"n":"Masque Hydra-Régénérant Elsève Hyaluron Repulp - 310ml","p":5.54,"u":"17,87 €/L","img":"https://fd8-photos.leclercdrive.fr/image.ashx?id=2865878&use=l&cat=p&typeid=i","cat":284608},{"id":176391,"n":"Sérum Hydra-Texturisant Elsève Cheveux Déshydratés - 150ml","p":11.57,"u":"77,13 €/L","img":"https://fd8-photos.leclercdrive.fr/image.ashx?id=2870677&use=l&cat=p&typeid=i","cat":284608},{"id":176400,"n":"Gnocchi à poeler Lustucru  Lot de 2 + 1 offert - 900g","p":3.19,"u":"3,54 €/KG","img":"https://fd8-photos.leclercdrive.fr/image.ashx?id=2446671&use=l&cat=p&typeid=i","cat":333682},{"id":176534,"n":"Beurre bio Bio Village Doux  - 82% MG - 250g","p":2.85,"u":"11,40 €/KG","img":"https://fd8-photos.leclercdrive.fr/image.ashx?id=2961716&use=l&cat=p&typeid=i","cat":284379},{"id":176535,"n":"Beurre bio Bio Village  Demi-sel - 80% MG - 250g","p":2.99,"u":"11,96 €/KG","img":"https://fd8-photos.leclercdrive.fr/image.ashx?id=2961719&use=l&cat=p&typeid=i","cat":284379},{"id":176614,"n":"Compotes Pom'Potes Gourdes  Explorateurs Les Incas - 12x90g","p":5.92,"u":"5,48 €/KG","img":"https://fd8-photos.leclercdrive.fr/image.ashx?id=2900740&use=l&cat=p&typeid=i","cat":284508},{"id":176755,"n":"Lessive en poudre Uni Vert 1,25kg","p":3.89,"u":"3,11 €/KG","img":"https://fd8-photos.leclercdrive.fr/image.ashx?id=2450107&use=l&cat=p&typeid=i","cat":284642},{"id":176846,"n":"Knacki Original Herta x6 - 210g","p":1.61,"u":"7,67 €/KG","img":"https://fd8-photos.leclercdrive.fr/image.ashx?id=2299070&use=l&cat=p&typeid=i","cat":316012},{"id":176847,"n":"Knacki Original Herta x10 - 350g","p":1.75,"u":"5,00 €/KG","img":"https://fd8-photos.leclercdrive.fr/image.ashx?id=2304111&use=l&cat=p&typeid=i","cat":316012},{"id":176848,"n":"Knacki Original Herta Sans nitrite x6 - 210g","p":2.39,"u":"11,38 €/KG","img":"https://fd8-photos.leclercdrive.fr/image.ashx?id=2299073&use=l&cat=p&typeid=i","cat":316012},{"id":176930,"n":"Burger Moelleux Férial x4 - 440g","p":5.79,"u":"13,16 €/KG","img":"https://fd8-photos.leclercdrive.fr/image.ashx?id=2888410&use=l&cat=p&typeid=i","cat":284332},{"id":176974,"n":"Tablette de chocolat noir Lindt Corsé 70% - 100g","p":2.48,"u":"24,80 €/KG","img":"https://fd8-photos.leclercdrive.fr/image.ashx?id=2299696&use=l&cat=p&typeid=i","cat":284956},{"id":176988,"n":"Bonbon à sucer Ricola Menthol Stévia - 50g","p":1.55,"u":"31,00 €/KG","img":"https://fd8-photos.leclercdrive.fr/image.ashx?id=2382201&use=l&cat=p&typeid=i","cat":304252},{"id":176989,"n":"Bonbon à sucer Ricola Sans sucres -50g","p":1.54,"u":"30,80 €/KG","img":"https://fd8-photos.leclercdrive.fr/image.ashx?id=2382204&use=l&cat=p&typeid=i","cat":304252},{"id":176990,"n":"Bonbon à sucer Ricola Citron melisse stévia - 50g","p":1.51,"u":"30,20 €/KG","img":"https://fd8-photos.leclercdrive.fr/image.ashx?id=2382207&use=l&cat=p&typeid=i","cat":304252},{"id":176993,"n":"Bonbon à sucer Ricola Cassis Stevia - 50g","p":1.58,"u":"31,60 €/KG","img":"https://fd8-photos.leclercdrive.fr/image.ashx?id=2382213&use=l&cat=p&typeid=i","cat":304252},{"id":176996,"n":"Soin sans rinçage Elsève Color vive Water Acidic - 200ml","p":8.51,"u":"42,55 €/L","img":"https://fd8-photos.leclercdrive.fr/image.ashx?id=2439317&use=l&cat=p&typeid=i","cat":284608},{"id":177003,"n":"Tiramisu au spéculoos Equador 2x100g","p":2.25,"u":"11,25 €/KG","img":"https://fd8-photos.leclercdrive.fr/image.ashx?id=2566691&use=l&cat=p&typeid=i","cat":284419},{"id":177111,"n":"Pralines Raffaello Noix de coco amandes x26 - 260g","p":6.71,"u":"25,81 €/KG","img":"https://fd8-photos.leclercdrive.fr/image.ashx?id=2964030&use=l&cat=p&typeid=i","cat":327595},{"id":177112,"n":"Moulage chocolat Kinder Pain d'épice - 35g","p":1.76,"u":"50,29 €/KG","img":"https://fd8-photos.leclercdrive.fr/image.ashx?id=2619291&use=l&cat=p&typeid=i","cat":327592},{"id":177216,"n":"Bière blanche sans alcool 1664 0,0° - 6x25cl","p":5.04,"u":"3,36 €/L","img":"https://fd8-photos.leclercdrive.fr/image.ashx?id=2907890&use=l&cat=p&typeid=i","cat":334877},{"id":177257,"n":"Yaourt à la Grecque Nat&Vie Mangue Passion - 4x115g","p":2.6,"u":"5,65 €/KG","img":"https://fd8-photos.leclercdrive.fr/image.ashx?id=2901485&use=l&cat=p&typeid=i","cat":316071},{"id":177260,"n":"Bâtonnets Manger Main Bio Yooji Haricots Pois Semoule 225g","p":4.99,"u":"22,18 €/KG","img":"https://fd8-photos.leclercdrive.fr/image.ashx?id=2529039&use=l&cat=p&typeid=i","cat":290631},{"id":177262,"n":"Bâtonnets Manger Main Bio Yooji Butternut Quinoa blanc - 225g","p":4.19,"u":"18,62 €/KG","img":"https://fd8-photos.leclercdrive.fr/image.ashx?id=2529036&use=l&cat=p&typeid=i","cat":290631},{"id":177366,"n":"Feuille de chêne verte  Bonduelle - 175g","p":2.27,"u":"12,97 €/KG","img":"https://fd8-photos.leclercdrive.fr/image.ashx?id=2894203&use=l&cat=p&typeid=i","cat":284353},{"id":177381,"n":"Bière blonde Ch'ti 6.8% vol. - 75cl","p":3.07,"u":"4,09 €/L","img":"https://fd8-photos.leclercdrive.fr/image.ashx?id=2840169&use=l&cat=p&typeid=i","cat":334852},{"id":177482,"n":"Haché Moelleux nature Férial 500g","p":5.39,"u":"10,78 €/KG","img":"https://fd8-photos.leclercdrive.fr/image.ashx?id=2710888&use=l&cat=p&typeid=i","cat":284332},{"id":177643,"n":"Gnocchi Roll à poêler Lustucru Format maxi - 500g","p":3.0,"u":"6,00 €/KG","img":"https://fd8-photos.leclercdrive.fr/image.ashx?id=2786210&use=l&cat=p&typeid=i","cat":333682},{"id":177652,"n":"Jambon Label Rouge Fleury Michon sans nitrite x4- 160g","p":3.67,"u":"22,94 €/KG","img":"https://fd8-photos.leclercdrive.fr/image.ashx?id=2923957&use=l&cat=p&typeid=i","cat":316009},{"id":177655,"n":"Blanc de poulet Fleury Michon Doré au Four x6 - 190g","p":1.86,"u":"9,79 €/KG","img":"https://fd8-photos.leclercdrive.fr/image.ashx?id=3004972&use=l&cat=p&typeid=i","cat":316010},{"id":177670,"n":"Crème fraîche entière Yoplait 30%MG - 450g","p":2.01,"u":"4,47 €/KG","img":"https://fd8-photos.leclercdrive.fr/image.ashx?id=2811044&use=l&cat=p&typeid=i","cat":284381},{"id":177676,"n":"Skyr Yoplait  Nature 0%MG - 8x100G","p":3.43,"u":"4,29 €/KG","img":"https://fd8-photos.leclercdrive.fr/image.ashx?id=2884450&use=l&cat=p&typeid=i","cat":315000},{"id":177677,"n":"Skyr Yoplait  Lit Fruits Rouges 0%MG - 8x100G","p":3.45,"u":"4,31 €/KG","img":"https://fd8-photos.leclercdrive.fr/image.ashx?id=2884453&use=l&cat=p&typeid=i","cat":315000},{"id":177698,"n":"Knacki Original Herta Sans nitrite x4 - 140g","p":2.0,"u":"14,29 €/KG","img":"https://fd8-photos.leclercdrive.fr/image.ashx?id=2309423&use=l&cat=p&typeid=i","cat":316012},{"id":177704,"n":"Knacki Original Herta 100% Porc - 210g","p":2.15,"u":"10,24 €/KG","img":"https://fd8-photos.leclercdrive.fr/image.ashx?id=2309417&use=l&cat=p&typeid=i","cat":316012},{"id":177713,"n":"Basilic Paul & Julie Barquette 20g","p":2.18,"u":"109,00 €/KG","img":"https://fd8-photos.leclercdrive.fr/image.ashx?id=2322235&use=l&cat=p&typeid=i","cat":293607},{"id":177715,"n":"Persil plat  Barquette 20g","p":1.51,"u":"75,50 €/KG","img":"https://fd8-photos.leclercdrive.fr/image.ashx?id=2309723&use=l&cat=p&typeid=i","cat":293607},{"id":177837,"n":"Panettone beurre La Fornatera 500g","p":4.88,"u":"9,76 €/KG","img":"https://fd8-photos.leclercdrive.fr/image.ashx?id=2312527&use=l&cat=p&typeid=i","cat":289010},{"id":177849,"n":"Lessive Sanytol désinfectante fraicheur florale - 1,70L","p":10.21,"u":"6,01 €/L","img":"https://fd8-photos.leclercdrive.fr/image.ashx?id=2902978&use=l&cat=p&typeid=i","cat":284640},{"id":177914,"n":"Yaourt à boire Actimel Vanille - 8x100g","p":3.41,"u":"4,26 €/KG","img":"https://fd8-photos.leclercdrive.fr/image.ashx?id=2939190&use=l&cat=p&typeid=i","cat":284415},{"id":177919,"n":"Yaourt à boire Actimel Fraise Banane - 8x100g","p":3.46,"u":"4,33 €/KG","img":"https://fd8-photos.leclercdrive.fr/image.ashx?id=2939193&use=l&cat=p&typeid=i","cat":284415},{"id":177941,"n":"Courgettes Bio Bio Village Filet - 750g","p":3.99,"u":"5,32 €/KG","img":"https://fd8-photos.leclercdrive.fr/image.ashx?id=2625698&use=l&cat=p&typeid=i","cat":284352},{"id":178109,"n":"Burrata IGP Tradizioni d'Italia 120g","p":2.9,"u":"24,17 €/KG","img":"https://fd8-photos.leclercdrive.fr/image.ashx?id=2904022&use=l&cat=p&typeid=i","cat":314026},{"id":178110,"n":"Pizza Dr.Oetker Ristorante Thon - 355g","p":2.66,"u":"7,49 €/KG","img":"https://fd8-photos.leclercdrive.fr/image.ashx?id=2993056&use=l&cat=p&typeid=i","cat":284256},{"id":178111,"n":"Pizza Dr.Oetker Ristorante 4 fromages - 340g","p":2.47,"u":"7,26 €/KG","img":"https://fd8-photos.leclercdrive.fr/image.ashx?id=2993050&use=l&cat=p&typeid=i","cat":284256},{"id":178112,"n":"Pizza Dr.Oetker Ristorante Mozzarella - 335g","p":2.66,"u":"7,94 €/KG","img":"https://fd8-photos.leclercdrive.fr/image.ashx?id=2993062&use=l&cat=p&typeid=i","cat":284256},{"id":178113,"n":"Pizza Dr.Oetker Ristorante  Vegetale aux légumes - 385g","p":2.82,"u":"7,32 €/KG","img":"https://fd8-photos.leclercdrive.fr/image.ashx?id=2993068&use=l&cat=p&typeid=i","cat":284256},{"id":178114,"n":"Pizza Ristorante Dr Oetker Royale - 350g","p":2.86,"u":"8,17 €/KG","img":"https://fd8-photos.leclercdrive.fr/image.ashx?id=2993044&use=l&cat=p&typeid=i","cat":284256},{"id":178144,"n":"Thé glacé MayTea Saveur Pêche - 1,2L","p":1.96,"u":"1,63 €/L","img":"https://fd8-photos.leclercdrive.fr/image.ashx?id=2648661&use=l&cat=p&typeid=i","cat":295019},{"id":178147,"n":"Céréales Trésor Kellogg's Chocolat noisettes - 620g","p":4.39,"u":"7,08 €/KG","img":"https://fd8-photos.leclercdrive.fr/image.ashx?id=2598331&use=l&cat=p&typeid=i","cat":309513},{"id":178163,"n":"Thé glacé MayTea Saveur Menthe - 1,2L","p":1.95,"u":"1,63 €/L","img":"https://fd8-photos.leclercdrive.fr/image.ashx?id=2648664&use=l&cat=p&typeid=i","cat":295019},{"id":178186,"n":"Compotes Andros Poire williams 750g","p":2.42,"u":"3,23 €/KG","img":"https://fd8-photos.leclercdrive.fr/image.ashx?id=2313750&use=l&cat=p&typeid=i","cat":284508},{"id":178251,"n":"Brocoli Eco+ 400g","p":1.03,"u":"2,58 €/KG","img":"https://fd8-photos.leclercdrive.fr/image.ashx?id=2953398&use=l&cat=p&typeid=i","cat":284352},{"id":178260,"n":"Truite fumée Eco+ 100g","p":2.33,"u":"23,30 €/KG","img":"https://fd8-photos.leclercdrive.fr/image.ashx?id=2973505&use=l&cat=p&typeid=i","cat":285188},{"id":178274,"n":"IGP Atlantique rosé Gourmandise d'été Berticot - 75cl","p":4.11,"u":"5,48 €/L","img":"https://fd8-photos.leclercdrive.fr/image.ashx?id=2313963&use=l&cat=p&typeid=i","cat":289558},{"id":178355,"n":"Hachis Parmentier Fleury Michon à l'Emmental - 300g","p":3.22,"u":"10,73 €/KG","img":"https://fd8-photos.leclercdrive.fr/image.ashx?id=3003248&use=l&cat=p&typeid=i","cat":333665},{"id":178539,"n":"Gel Lavant Bébé Mots d'Enfants 2en1 Bio 750ml","p":3.95,"u":"5,27 €/L","img":"https://fd8-photos.leclercdrive.fr/image.ashx?id=3014305&use=l&cat=p&typeid=i","cat":284740},{"id":178564,"n":"Farine de riz complet Bio Bio Village - 500g","p":3.21,"u":"6,42 €/KG","img":"https://fd8-photos.leclercdrive.fr/image.ashx?id=2801798&use=l&cat=p&typeid=i","cat":288382},{"id":178573,"n":"Crème Lavante Manava  Velours Amande 1L","p":2.55,"u":"2,55 €/L","img":"https://fd8-photos.leclercdrive.fr/image.ashx?id=2935546&use=l&cat=p&typeid=i","cat":284597},{"id":178625,"n":"Recharge gel douche Sanex Zéro% Tous types de peaux - 500ml","p":3.17,"u":"6,34 €/L","img":"https://fd8-photos.leclercdrive.fr/image.ashx?id=2859986&use=l&cat=p&typeid=i","cat":284594},{"id":178680,"n":"Bière blonde Carlsberg 6X33cl","p":6.62,"u":"3,34 €/L","img":"https://fd8-photos.leclercdrive.fr/image.ashx?id=2803562&use=l&cat=p&typeid=i","cat":334873},{"id":178789,"n":"Dentifrice Sanogyl  soin gencives - 2x75ml","p":6.62,"u":"44,13 €/L","img":"https://fd8-photos.leclercdrive.fr/image.ashx?id=2320066&use=l&cat=p&typeid=i","cat":284612},{"id":178791,"n":"Huile d'olive Terra Delyssa Bio - 75cl","p":10.05,"u":"13,40 €/L","img":"https://fd8-photos.leclercdrive.fr/image.ashx?id=2736847&use=l&cat=p&typeid=i","cat":284453},{"id":178811,"n":"Compote Andros Pomme Poire - 8x100g","p":2.51,"u":"3,14 €/KG","img":"https://fd8-photos.leclercdrive.fr/image.ashx?id=2320654&use=l&cat=p&typeid=i","cat":284416},{"id":178812,"n":"Compote Andros Pomme Abricot - 8x100g","p":2.51,"u":"3,14 €/KG","img":"https://fd8-photos.leclercdrive.fr/image.ashx?id=2320657&use=l&cat=p&typeid=i","cat":284416},{"id":178813,"n":"Compote Andros Pomme Fraise - 8x100g","p":2.51,"u":"3,14 €/KG","img":"https://fd8-photos.leclercdrive.fr/image.ashx?id=2320660&use=l&cat=p&typeid=i","cat":284416},{"id":178845,"n":"Tampons Tampax Compak  Avec applicateur - Super+ - x22","p":3.02,"u":"0,14 €/P","img":"https://fd8-photos.leclercdrive.fr/image.ashx?id=2850405&use=l&cat=p&typeid=i","cat":284626},{"id":178862,"n":"Déodorant l'Arbre vert  Peaux sensibles - 50ml","p":3.86,"u":"77,20 €/L","img":"https://fd8-photos.leclercdrive.fr/image.ashx?id=2320737&use=l&cat=p&typeid=i","cat":284595},{"id":178868,"n":"Sels de bain Corine de Farme  Vanille - 1,3kg","p":3.23,"u":"2,48 €/KG","img":"https://fd8-photos.leclercdrive.fr/image.ashx?id=2359534&use=l&cat=p&typeid=i","cat":284594},{"id":178948,"n":"Gâteau Savane Brossard Tout chocolat pocket x7 210g","p":2.37,"u":"11,29 €/KG","img":"https://fd8-photos.leclercdrive.fr/image.ashx?id=2870728&use=l&cat=p&typeid=i","cat":294776},{"id":178949,"n":"Gâteau Savane Brossard Max Barr' Pocket x7 - 210g","p":2.32,"u":"11,05 €/KG","img":"https://fd8-photos.leclercdrive.fr/image.ashx?id=2870731&use=l&cat=p&typeid=i","cat":294776},{"id":178950,"n":"Eponge Spontex  Flash - x2","p":2.28,"u":"76,00 €/KG","img":"https://fd8-photos.leclercdrive.fr/image.ashx?id=2657781&use=l&cat=p&typeid=i","cat":284667},{"id":178954,"n":"Mouchoirs Family Kleenex® Boîte x128","p":1.8,"u":"0,01 €/P","img":"https://fd8-photos.leclercdrive.fr/image.ashx?id=3009017&use=l&cat=p&typeid=i","cat":284638},{"id":178974,"n":"Mouchoirs Balsam Kleenex® Boîte x64","p":1.81,"u":"0,03 €/P","img":"https://fd8-photos.leclercdrive.fr/image.ashx?id=2853353&use=l&cat=p&typeid=i","cat":284638},{"id":178976,"n":"Beurre moulé Grand Fermage Sel de mer - 80% MG - 125g","p":1.75,"u":"14,00 €/KG","img":"https://fd8-photos.leclercdrive.fr/image.ashx?id=2985330&use=l&cat=p&typeid=i","cat":284379},{"id":178977,"n":"Bûche de Chèvre Soignon  120g","p":2.02,"u":"16,83 €/KG","img":"https://fd8-photos.leclercdrive.fr/image.ashx?id=2676717&use=l&cat=p&typeid=i","cat":314031},{"id":178985,"n":"Diffuseur électrique Febreze 3volution Linge frais -20ml","p":8.53,"u":"426,50 €/L","img":"https://fd8-photos.leclercdrive.fr/image.ashx?id=2737519&use=l&cat=p&typeid=i","cat":311629},{"id":179027,"n":"Sacs poubelle 30L Handy Bag Ultra résistant - x15","p":2.88,"u":"0,19 €/P","img":"https://fd8-photos.leclercdrive.fr/image.ashx?id=2992278&use=l&cat=p&typeid=i","cat":285168},{"id":179028,"n":"Gel douche Sanex zéro 0% Peaux normales - 725ml","p":4.61,"u":"6,36 €/L","img":"https://fd8-photos.leclercdrive.fr/image.ashx?id=2685540&use=l&cat=p&typeid=i","cat":284594},{"id":179030,"n":"Sacs poubelle 30L Handy Bag Ultra résistant - x15","p":3.21,"u":"0,21 €/P","img":"https://fd8-photos.leclercdrive.fr/image.ashx?id=2633145&use=l&cat=p&typeid=i","cat":285168},{"id":179031,"n":"Gel douche Sanex zéro 0% Peaux normales - 475ml","p":3.17,"u":"6,67 €/L","img":"https://fd8-photos.leclercdrive.fr/image.ashx?id=2648851&use=l&cat=p&typeid=i","cat":284594},{"id":179034,"n":"Sacs poubelle 5L Handy Bag Salle de bain - à liens - x35","p":1.72,"img":"https://fd8-photos.leclercdrive.fr/image.ashx?id=2906733&use=l&cat=p&typeid=i","cat":285168},{"id":179039,"n":"Film fraîcheur Albal 30m","p":1.97,"img":"https://fd8-photos.leclercdrive.fr/image.ashx?id=2929056&use=l&cat=p&typeid=i","cat":334134},{"id":179040,"n":"Zipper 3L Albal  8 sacs","p":2.69,"img":"https://fd8-photos.leclercdrive.fr/image.ashx?id=2929062&use=l&cat=p&typeid=i","cat":334134},{"id":179056,"n":"Dentifrice Signal Integral 8  Fraîcheur et détox -75ml","p":2.03,"u":"27,07 €/L","img":"https://fd8-photos.leclercdrive.fr/image.ashx?id=2960228&use=l&cat=p&typeid=i","cat":284612},{"id":179072,"n":"Mascara Maybelline Colossal Very black","p":9.19,"img":"https://fd8-photos.leclercdrive.fr/image.ashx?id=2321959&use=l&cat=p&typeid=i","cat":287029},{"id":179087,"n":"Liquide Vaisselle Paic Citron - 750ml","p":1.7,"u":"2,27 €/L","img":"https://fd8-photos.leclercdrive.fr/image.ashx?id=2322835&use=l&cat=p&typeid=i","cat":284655},{"id":179088,"n":"Liquide Vaisselle Paic Citron Vert - 750ml","p":1.9,"u":"2,53 €/L","img":"https://fd8-photos.leclercdrive.fr/image.ashx?id=2322838&use=l&cat=p&typeid=i","cat":284655},{"id":179256,"n":"Jus Ocean Spray Classic  Cranberry - 1L","p":2.05,"u":"2,05 €/L","img":"https://fd8-photos.leclercdrive.fr/image.ashx?id=2324021&use=l&cat=p&typeid=i","cat":284915},{"id":179263,"n":"Sérum de nuit L'Oréal Paris Age Perfect anti-âge - 30ml","p":11.97,"pp":7.9,"u":"263,33 €/L","img":"https://fd8-photos.leclercdrive.fr/image.ashx?id=2867536&use=l&cat=p&typeid=i","cat":325345},{"id":179264,"n":"Sérum repulpant L'Oréal Paris Revitalift anti-rides - 20ml","p":14.96,"u":"748,00 €/L","img":"https://fd8-photos.leclercdrive.fr/image.ashx?id=2867539&use=l&cat=p&typeid=i","cat":325345},{"id":179299,"n":"Lait bébé Candia Baby  croissance 3ème âge - 6x1L","p":11.54,"u":"1,92 €/L","img":"https://fd8-photos.leclercdrive.fr/image.ashx?id=2963349&use=l&cat=p&typeid=i","cat":284728},{"id":179300,"n":"Lait bébé Candia Baby 4ème âge - 6x1L","p":11.5,"u":"1,92 €/L","img":"https://fd8-photos.leclercdrive.fr/image.ashx?id=2963358&use=l&cat=p&typeid=i","cat":284728},{"id":179301,"n":"Eau Micellaire Garnier Peaux Sèches, Sensibles - 400ml","p":2.83,"u":"7,08 €/L","img":"https://fd8-photos.leclercdrive.fr/image.ashx?id=2323637&use=l&cat=p&typeid=i","cat":284603},{"id":179326,"n":"Gel douche Sanex Zéro 0% Peaux sèches - 475ml","p":3.17,"u":"6,67 €/L","img":"https://fd8-photos.leclercdrive.fr/image.ashx?id=2692857&use=l&cat=p&typeid=i","cat":284594},{"id":179352,"n":"Eco recharge gel douche Sanex 0% Peaux sèches - 500ml","p":3.05,"u":"6,10 €/L","img":"https://fd8-photos.leclercdrive.fr/image.ashx?id=2866199&use=l&cat=p&typeid=i","cat":284594},{"id":179355,"n":"Eco recharge gel douche Sanex Zéro 0% famille hydratant - 1L","p":7.7,"u":"7,70 €/L","img":"https://fd8-photos.leclercdrive.fr/image.ashx?id=2676927&use=l&cat=p&typeid=i","cat":284594},{"id":179363,"n":"Huile essentielle SO'BiO étic Bio menthe poivrée - 10ml","p":7.25,"u":"725,00 €/L","img":"https://fd8-photos.leclercdrive.fr/image.ashx?id=2325197&use=l&cat=p&typeid=i","cat":284630},{"id":179377,"n":"Masque SO'BiO étic charbon  purifiant Yuzu bio - 75ml","p":8.26,"u":"110,13 €/L","img":"https://fd8-photos.leclercdrive.fr/image.ashx?id=2325236&use=l&cat=p&typeid=i","cat":284603},{"id":179382,"n":"Crème nutritive SO'BiO étic bio Argan Peaux matures - 50ml","p":14.11,"u":"282,20 €/L","img":"https://fd8-photos.leclercdrive.fr/image.ashx?id=2775628&use=l&cat=p&typeid=i","cat":325345},{"id":179389,"n":"Gel à raser SO'BiO Men précision - 150ml","p":5.18,"u":"34,53 €/L","img":"https://fd8-photos.leclercdrive.fr/image.ashx?id=2325251&use=l&cat=p&typeid=i","cat":284617},{"id":179410,"n":"Sac multi-usages Zipper Albal Petit modèle - 12 sacs","p":1.91,"u":"0,16 €/P","img":"https://fd8-photos.leclercdrive.fr/image.ashx?id=2929065&use=l&cat=p&typeid=i","cat":334134},{"id":179431,"n":"Brioche Pitch Chocolat x8 - 300g","p":1.82,"u":"6,07 €/KG","img":"https://fd8-photos.leclercdrive.fr/image.ashx?id=2452119&use=l&cat=p&typeid=i","cat":293505},{"id":179432,"n":"Brioches Pitch Fraise x8 - 300g","p":1.97,"u":"6,57 €/KG","img":"https://fd8-photos.leclercdrive.fr/image.ashx?id=2452116&use=l&cat=p&typeid=i","cat":293505},{"id":179433,"n":"Brioche Pitch Chocolat au lait x8 - 300g","p":2.15,"u":"7,17 €/KG","img":"https://fd8-photos.leclercdrive.fr/image.ashx?id=2452113&use=l&cat=p&typeid=i","cat":293505},{"id":179435,"n":"Brioche Pitch Chocolat x12 - 450g","p":3.1,"u":"6,89 €/KG","img":"https://fd8-photos.leclercdrive.fr/image.ashx?id=2452110&use=l&cat=p&typeid=i","cat":293505},{"id":179437,"n":"Brioches Pitch Pépites chocolat x8 - 300g","p":2.15,"u":"7,17 €/KG","img":"https://fd8-photos.leclercdrive.fr/image.ashx?id=2452107&use=l&cat=p&typeid=i","cat":293505},{"id":179438,"n":"Brioche Pitch Pépites de chocolat x12 - 450g","p":3.23,"u":"7,18 €/KG","img":"https://fd8-photos.leclercdrive.fr/image.ashx?id=2452104&use=l&cat=p&typeid=i","cat":293505},{"id":179439,"n":"Brioches Pitch Choco barre noir x8-  300g","p":2.88,"u":"9,60 €/KG","img":"https://fd8-photos.leclercdrive.fr/image.ashx?id=2452101&use=l&cat=p&typeid=i","cat":293505},{"id":179440,"n":"Brioches Pitch  Choco barre lait x8 - 300g","p":2.32,"u":"7,73 €/KG","img":"https://fd8-photos.leclercdrive.fr/image.ashx?id=2454115&use=l&cat=p&typeid=i","cat":293505},{"id":179443,"n":"Brioches Pitch Crousti x8 - 300g","p":2.78,"u":"9,27 €/KG","img":"https://fd8-photos.leclercdrive.fr/image.ashx?id=2454109&use=l&cat=p&typeid=i","cat":293505},{"id":179487,"n":"Gel douche Sanex Zéro 0% Peaux sèches - 2x475ml","p":6.17,"u":"6,49 €/L","img":"https://fd8-photos.leclercdrive.fr/image.ashx?id=2676921&use=l&cat=p&typeid=i","cat":284594},{"id":179488,"n":"Gel douche Sanex Zéro 0% Peaux normales - 2x475ml","p":6.17,"u":"6,49 €/L","img":"https://fd8-photos.leclercdrive.fr/image.ashx?id=2676924&use=l&cat=p&typeid=i","cat":284594},{"id":179505,"n":"Brosse à dents électrique  Oral B power pro-sensitive","p":58.28,"img":"https://fd8-photos.leclercdrive.fr/image.ashx?id=2328925&use=l&cat=p&typeid=i","cat":297133},{"id":179533,"n":"Soda Fanta citron  bouteille - 1.25L","p":1.68,"u":"1,34 €/L","img":"https://fd8-photos.leclercdrive.fr/image.ashx?id=2659394&use=l&cat=p&typeid=i","cat":284532},{"id":179645,"n":"Limonade double zest Lorina Bouteille - 1,25L","p":1.3,"u":"1,04 €/L","img":"https://fd8-photos.leclercdrive.fr/image.ashx?id=2723836&use=l&cat=p&typeid=i","cat":284531},{"id":179669,"n":"Liquide vaisselle Paic Citron - 1,5L","p":2.82,"u":"1,88 €/L","img":"https://fd8-photos.leclercdrive.fr/image.ashx?id=2328673&use=l&cat=p&typeid=i","cat":284655},{"id":179789,"n":"Plaisir Caramel et Beurre salé Recette Lenôtre - 410g","p":11.0,"u":"26,83 €/KG","img":"https://fd8-photos.leclercdrive.fr/image.ashx?id=2807753&use=l&cat=p&typeid=i","cat":284267},{"id":179842,"n":"Le coulis de Fruits rouges  Rians - 170g","p":2.89,"u":"17,00 €/KG","img":"https://fd8-photos.leclercdrive.fr/image.ashx?id=2329037&use=l&cat=p&typeid=i","cat":284416},{"id":179860,"n":"Glaces Kinder Bueno noisettes chocolat lait x4 248g","p":3.61,"u":"14,56 €/KG","img":"https://fd8-photos.leclercdrive.fr/image.ashx?id=2759068&use=l&cat=p&typeid=i","cat":284264},{"id":179934,"n":"Chips bio Jardin Bio Nature - 125g","p":2.47,"u":"19,76 €/KG","img":"https://fd8-photos.leclercdrive.fr/image.ashx?id=2792642&use=l&cat=p&typeid=i","cat":284447},{"id":179940,"n":"Crousti apéro bio Jardin Bio Cacahuètes - 85g","p":1.8,"u":"21,18 €/KG","img":"https://fd8-photos.leclercdrive.fr/image.ashx?id=2329239&use=l&cat=p&typeid=i","cat":284449},{"id":179951,"n":"Ravioles Bio Village bio - 240g","p":2.89,"u":"12,04 €/KG","img":"https://fd8-photos.leclercdrive.fr/image.ashx?id=2346101&use=l&cat=p&typeid=i","cat":333682},{"id":179961,"n":"Haricots verts Jardin Bio Etic Bio - sans sel ajouté - 185g","p":2.65,"u":"14,32 €/KG","img":"https://fd8-photos.leclercdrive.fr/image.ashx?id=2835421&use=l&cat=p&typeid=i","cat":312606},{"id":179967,"n":"Beurre de cacahuete Jardin Bio Bio - Creamy - 500g","p":6.04,"u":"12,08 €/KG","img":"https://fd8-photos.leclercdrive.fr/image.ashx?id=2926503&use=l&cat=p&typeid=i","cat":284481},{"id":179970,"n":"Thé noir bio Jardin Bio Etic Fruits rouges x20 - 28g","p":2.68,"u":"95,71 €/KG","img":"https://fd8-photos.leclercdrive.fr/image.ashx?id=2419089&use=l&cat=p&typeid=i","cat":293233},{"id":179973,"n":"Rosso  14,4% - 1L","p":3.47,"u":"3,47 €/L","img":"https://fd8-photos.leclercdrive.fr/image.ashx?id=2800228&use=l&cat=p&typeid=i","cat":284913},{"id":179974,"n":"Bianco 14,4% - 1L","p":3.5,"u":"3,50 €/L","img":"https://fd8-photos.leclercdrive.fr/image.ashx?id=2800231&use=l&cat=p&typeid=i","cat":284913},{"id":179975,"n":"Whisky Monkey Shoulder Smokey 40% - 70cl","p":32.59,"u":"46,56 €/L","img":"https://fd8-photos.leclercdrive.fr/image.ashx?id=2883714&use=l&cat=p&typeid=i","cat":284547},{"id":179978,"n":"Captain Morgan rhum blanc 37,5° - 70cl","p":15.65,"u":"22,36 €/L","img":"https://fd8-photos.leclercdrive.fr/image.ashx?id=2578322&use=l&cat=p&typeid=i","cat":284550},{"id":180024,"n":"Tablette de chocolat noir Lindt Noisette caramel - 100g","p":2.35,"u":"23,50 €/KG","img":"https://fd8-photos.leclercdrive.fr/image.ashx?id=2881296&use=l&cat=p&typeid=i","cat":284956},{"id":180026,"n":"Vin rouge Vacqueyras Les Guarrigues - 75cl","p":10.99,"u":"14,65 €/L","img":"https://fd8-photos.leclercdrive.fr/image.ashx?id=2983856&use=l&cat=p&typeid=i","cat":289556},{"id":180030,"n":"Sauce Crudités Bénédicta Nature - 735g","p":3.5,"u":"4,76 €/KG","img":"https://fd8-photos.leclercdrive.fr/image.ashx?id=2549777&use=l&cat=p&typeid=i","cat":284456},{"id":180041,"n":"Chips Tuiles Pringles Paprika - 175g","p":1.78,"u":"10,17 €/KG","img":"https://fd8-photos.leclercdrive.fr/image.ashx?id=2902301&use=l&cat=p&typeid=i","cat":287899},{"id":180044,"n":"Filtres à café brun Melitta FSC 1x4 - 80 filtres","p":1.78,"u":"12,11 €/KG","img":"https://fd8-photos.leclercdrive.fr/image.ashx?id=2908276&use=l&cat=p&typeid=i","cat":284751},{"id":180056,"n":"Vinaigre balsamique Ponti de Modène IGP - 500 ml","p":2.75,"u":"5,50 €/L","img":"https://fd8-photos.leclercdrive.fr/image.ashx?id=2330191&use=l&cat=p&typeid=i","cat":298543},{"id":180061,"n":"Thé vert bio Bio village  36g","p":1.33,"u":"36,94 €/KG","img":"https://fd8-photos.leclercdrive.fr/image.ashx?id=2897910&use=l&cat=p&typeid=i","cat":293233},{"id":180065,"n":"Rillettes de thon Petit Navire 125g","p":2.01,"u":"16,08 €/KG","img":"https://fd8-photos.leclercdrive.fr/image.ashx?id=2533388&use=l&cat=p&typeid=i","cat":303867},{"id":180069,"n":"Rillettes au saumon  Petit Navire - 125g","p":1.83,"u":"14,64 €/KG","img":"https://fd8-photos.leclercdrive.fr/image.ashx?id=2533391&use=l&cat=p&typeid=i","cat":305147},{"id":180074,"n":"Fond de veau Maggi - 240g","p":3.47,"u":"14,46 €/KG","img":"https://fd8-photos.leclercdrive.fr/image.ashx?id=2918047&use=l&cat=p&typeid=i","cat":288379},{"id":180079,"n":"Biscuits chocolats Kinder Duo Chocolat blanc et lait - 150g","p":2.06,"u":"13,73 €/KG","img":"https://fd8-photos.leclercdrive.fr/image.ashx?id=2959127&use=l&cat=p&typeid=i","cat":284488},{"id":180081,"n":"Moulin 3 poivres Sainte Lucie - 44g","p":3.48,"u":"79,09 €/KG","img":"https://fd8-photos.leclercdrive.fr/image.ashx?id=2774457&use=l&cat=p&typeid=i","cat":284457},{"id":180084,"n":"Basilic Sainte Lucie Saveur du potager - 4g","p":2.44,"u":"610,00 €/KG","img":"https://fd8-photos.leclercdrive.fr/image.ashx?id=2774466&use=l&cat=p&typeid=i","cat":298297},{"id":180088,"n":"Cerfeuil Sainte Lucie feuilles de France - 8g","p":1.82,"u":"227,50 €/KG","img":"https://fd8-photos.leclercdrive.fr/image.ashx?id=2973586&use=l&cat=p&typeid=i","cat":298297},{"id":180090,"n":"Baies de Genièvre Sainte Lucie - 30g","p":2.25,"u":"75,00 €/KG","img":"https://fd8-photos.leclercdrive.fr/image.ashx?id=2776130&use=l&cat=p&typeid=i","cat":298297},{"id":180118,"n":"Mais d'aucy  Bio - 2x140g","p":2.11,"u":"7,54 €/KG","img":"https://fd8-photos.leclercdrive.fr/image.ashx?id=2651825&use=l&cat=p&typeid=i","cat":312611},{"id":180121,"n":"Riz curry et poulet individuel William Saurin - 300g","p":3.07,"u":"10,23 €/KG","img":"https://fd8-photos.leclercdrive.fr/image.ashx?id=2335184&use=l&cat=p&typeid=i","cat":284953},{"id":180152,"n":"Foie de morue Connétable MSC nature au citron - 121g","p":2.02,"u":"16,69 €/KG","img":"https://fd8-photos.leclercdrive.fr/image.ashx?id=2330311&use=l&cat=p&typeid=i","cat":305147},{"id":180154,"n":"Chewing-gum Freedent Myrtille sans sucres 5x10 dragées -70g","p":2.58,"u":"36,86 €/KG","img":"https://fd8-photos.leclercdrive.fr/image.ashx?id=2330356&use=l&cat=p&typeid=i","cat":304251},{"id":180157,"n":"Gelée de Groseilles Bonne Maman - 370g","p":1.86,"u":"5,03 €/KG","img":"https://fd8-photos.leclercdrive.fr/image.ashx?id=2482975&use=l&cat=p&typeid=i","cat":284480},{"id":180178,"n":"Quenelles de brochet  Petit Jean - 400g","p":2.16,"u":"5,40 €/KG","img":"https://fd8-photos.leclercdrive.fr/image.ashx?id=2677228&use=l&cat=p&typeid=i","cat":284441},{"id":180179,"n":"Sauce tomate aux champignons  Panzani Bolets et cèpes - 210g","p":1.4,"u":"6,67 €/KG","img":"https://fd8-photos.leclercdrive.fr/image.ashx?id=2880676&use=l&cat=p&typeid=i","cat":299047},{"id":180180,"n":"Ramen Tanoshi saveur boeuf nouilles japonaises - 360g","p":3.02,"u":"8,39 €/KG","img":"https://fd8-photos.leclercdrive.fr/image.ashx?id=2922974&use=l&cat=p&typeid=i","cat":288992},{"id":180184,"n":"Sardines Connétable marinade citron-basilic sans huile -140g","p":1.58,"u":"11,29 €/KG","img":"https://fd8-photos.leclercdrive.fr/image.ashx?id=2797858&use=l&cat=p&typeid=i","cat":305146},{"id":180187,"n":"Sauce Pesto Tomates Basilic Panzani - 200G","p":1.79,"u":"8,95 €/KG","img":"https://fd8-photos.leclercdrive.fr/image.ashx?id=2977930&use=l&cat=p&typeid=i","cat":287599},{"id":180193,"n":"Soupe déshydratée Knorr Cèpes  champignons  - 75cl","p":1.89,"u":"20,77 €/KG","img":"https://fd8-photos.leclercdrive.fr/image.ashx?id=2790318&use=l&cat=p&typeid=i","cat":284463},{"id":180196,"n":"Brioches Pitch  Pomme poire - x8 - 300g","p":2.69,"u":"8,97 €/KG","img":"https://fd8-photos.leclercdrive.fr/image.ashx?id=2454100&use=l&cat=p&typeid=i","cat":293505},{"id":180201,"n":"Thé Earl Grey Twinings 50 sachets - 100g","p":4.02,"u":"40,20 €/KG","img":"https://fd8-photos.leclercdrive.fr/image.ashx?id=2893018&use=l&cat=p&typeid=i","cat":293233},{"id":180202,"n":"Purée de tomate Panzani Tomacouli ail & herbes - 500g","p":1.38,"u":"2,76 €/KG","img":"https://fd8-photos.leclercdrive.fr/image.ashx?id=2890610&use=l&cat=p&typeid=i","cat":288384},{"id":180204,"n":"Nouilles instantanées Tanoshi Blé bœuf - sachet 85g","p":0.87,"u":"10,24 €/KG","img":"https://fd8-photos.leclercdrive.fr/image.ashx?id=2955791&use=l&cat=p&typeid=i","cat":288992},{"id":180206,"n":"Haricots verts et beurre bio Extra fins Jardin Bio-400g","p":3.82,"u":"9,55 €/KG","img":"https://fd8-photos.leclercdrive.fr/image.ashx?id=2534848&use=l&cat=p&typeid=i","cat":312606},{"id":180217,"n":"Assaisonnement déshydraté Knorr Origan basilic romarin - 145g","p":2.97,"u":"20,48 €/KG","img":"https://fd8-photos.leclercdrive.fr/image.ashx?id=3014653&use=l&cat=p&typeid=i","cat":298297},{"id":180233,"n":"Crème de marrons vanille  Douceur du Verger - 500g","p":2.12,"u":"4,24 €/KG","img":"https://fd8-photos.leclercdrive.fr/image.ashx?id=2691471&use=l&cat=p&typeid=i","cat":284506},{"id":180240,"n":"Sucre roux de canne  Blonvilliers - 750g","p":2.84,"u":"3,79 €/KG","img":"https://fd8-photos.leclercdrive.fr/image.ashx?id=2460092&use=l&cat=p&typeid=i","cat":284502},{"id":180246,"n":"Couscous moyen Ferrero Bio - 800g","p":3.18,"u":"3,98 €/KG","img":"https://fd8-photos.leclercdrive.fr/image.ashx?id=2869558&use=l&cat=p&typeid=i","cat":284429},{"id":180247,"n":"Double concentré de tomates  Eco+ - 440g","p":1.31,"u":"2,98 €/KG","img":"https://fd8-photos.leclercdrive.fr/image.ashx?id=2669648&use=l&cat=p&typeid=i","cat":288384},{"id":180278,"n":"Sauce tomate pour pizza Zapetti - 300g","p":1.82,"u":"6,07 €/KG","img":"https://fd8-photos.leclercdrive.fr/image.ashx?id=2579990&use=l&cat=p&typeid=i","cat":288384},{"id":180302,"n":"Biscuits Palmier St Michel  au beurre - 87g","p":1.2,"u":"13,79 €/KG","img":"https://fd8-photos.leclercdrive.fr/image.ashx?id=2555379&use=l&cat=p&typeid=i","cat":284487},{"id":180303,"n":"Biscuits galettes St Michel au  beurre 1905 - 150g","p":1.46,"u":"9,73 €/KG","img":"https://fd8-photos.leclercdrive.fr/image.ashx?id=2937766&use=l&cat=p&typeid=i","cat":284487},{"id":180311,"n":"Double concentré de tomates  Eco+ - 200g","p":1.22,"u":"6,10 €/KG","img":"https://fd8-photos.leclercdrive.fr/image.ashx?id=2794820&use=l&cat=p&typeid=i","cat":288384},{"id":180317,"n":"Pistaches non salées Tokapi 125g","p":2.33,"u":"18,64 €/KG","img":"https://fd8-photos.leclercdrive.fr/image.ashx?id=2793302&use=l&cat=p&typeid=i","cat":284448},{"id":180342,"n":"Muesli avoine amande chocolat  bio Terres et Céréales - 500g","p":4.41,"u":"8,82 €/KG","img":"https://fd8-photos.leclercdrive.fr/image.ashx?id=2471877&use=l&cat=p&typeid=i","cat":309512},{"id":180344,"n":"Fromage enfant Mini Babybel 6 portions goûter - 132g","p":2.31,"u":"17,50 €/KG","img":"https://fd8-photos.leclercdrive.fr/image.ashx?id=2970822&use=l&cat=p&typeid=i","cat":314030},{"id":180345,"n":"Fromage enfant Mini Babybel 12 portions goûter - 264g","p":4.32,"u":"16,36 €/KG","img":"https://fd8-photos.leclercdrive.fr/image.ashx?id=2970825&use=l&cat=p&typeid=i","cat":314030},{"id":180348,"n":"Rondelles de cornichons Rustica aigres doux - 185g","p":1.6,"u":"8,65 €/KG","img":"https://fd8-photos.leclercdrive.fr/image.ashx?id=2916725&use=l&cat=p&typeid=i","cat":284458},{"id":180350,"n":"Vinaigre d'alcool Bio Village  blanc 8% Bio - 1L","p":1.05,"u":"1,05 €/L","img":"https://fd8-photos.leclercdrive.fr/image.ashx?id=2869528&use=l&cat=p&typeid=i","cat":325365},{"id":180356,"n":"Muesli croustillant chocolat  bio Terres et Céréales-1kg","p":6.55,"u":"6,55 €/KG","img":"https://fd8-photos.leclercdrive.fr/image.ashx?id=2802458&use=l&cat=p&typeid=i","cat":309512},{"id":180360,"n":"Tablette de chocolat noir Lindt Sel rose de l'Himalaya - 100g","p":2.76,"u":"27,60 €/KG","img":"https://fd8-photos.leclercdrive.fr/image.ashx?id=2750393&use=l&cat=p&typeid=i","cat":284956},{"id":180366,"n":"Pâte à tartiner NRT Noisettes - 400g","p":4.67,"u":"11,68 €/KG","img":"https://fd8-photos.leclercdrive.fr/image.ashx?id=2791123&use=l&cat=p&typeid=i","cat":284481},{"id":180370,"n":"Tablette de chocolat Lindt Orange sanguine de Sicile 100g","p":2.74,"u":"27,40 €/KG","img":"https://fd8-photos.leclercdrive.fr/image.ashx?id=2689508&use=l&cat=p&typeid=i","cat":284956},{"id":180378,"n":"Chocolat au lait Bio Village  Noisettes Bio - 200g","p":3.55,"u":"17,75 €/KG","img":"https://fd8-photos.leclercdrive.fr/image.ashx?id=2649677&use=l&cat=p&typeid=i","cat":284497},{"id":180397,"n":"Barres Chocolatées KINDER BUENO  Chocolat au Lait x3 - 129g","p":2.22,"u":"17,21 €/KG","img":"https://fd8-photos.leclercdrive.fr/image.ashx?id=2762295&use=l&cat=p&typeid=i","cat":284498},{"id":180401,"n":"Mayonnaise Bénédicta Nature - 255g","p":1.82,"u":"7,14 €/KG","img":"https://fd8-photos.leclercdrive.fr/image.ashx?id=2658734&use=l&cat=p&typeid=i","cat":298295},{"id":180405,"n":"Thon au Naturel Petit Navire 2x112g","p":4.1,"u":"18,30 €/KG","img":"https://fd8-photos.leclercdrive.fr/image.ashx?id=2944618&use=l&cat=p&typeid=i","cat":303867},{"id":180418,"n":"Pois chiches Sultanines 530g","p":1.51,"u":"2,85 €/KG","img":"https://fd8-photos.leclercdrive.fr/image.ashx?id=2331363&use=l&cat=p&typeid=i","cat":312609},{"id":180420,"n":"Café moulu Malongo  Goût italien - 250g","p":4.23,"u":"16,92 €/KG","img":"https://fd8-photos.leclercdrive.fr/image.ashx?id=2331384&use=l&cat=p&typeid=i","cat":284750},{"id":180432,"n":"Thé noir Twinings vanille x20 - 32g","p":2.67,"u":"83,44 €/KG","img":"https://fd8-photos.leclercdrive.fr/image.ashx?id=2893057&use=l&cat=p&typeid=i","cat":293233},{"id":180433,"n":"Sérum Physiologique  Mercurochrome 30x5ml","p":3.79,"u":"25,27 €/L","img":"https://fd8-photos.leclercdrive.fr/image.ashx?id=2731474&use=l&cat=p&typeid=i","cat":284741},{"id":180444,"n":"Isey Skyr Cheesecake Citron - 400g","p":2.87,"u":"7,18 €/KG","img":"https://fd8-photos.leclercdrive.fr/image.ashx?id=2598618&use=l&cat=p&typeid=i","cat":315000},{"id":180453,"n":"Thé glacé Fuze Tea  Pêche Intense - 6x33cl","p":3.78,"u":"1,91 €/L","img":"https://fd8-photos.leclercdrive.fr/image.ashx?id=2940405&use=l&cat=p&typeid=i","cat":295019},{"id":180498,"n":"Chips ancienne nature Lay's Sel - 155g","p":1.3,"u":"8,39 €/KG","img":"https://fd8-photos.leclercdrive.fr/image.ashx?id=2996596&use=l&cat=p&typeid=i","cat":284447},{"id":180543,"n":"Blocs WC Ball Activ'Effect Floral - x1","p":2.36,"img":"https://fd8-photos.leclercdrive.fr/image.ashx?id=2683574&use=l&cat=p&typeid=i","cat":284662},{"id":180546,"n":"Serviettes Ultra Régulier+ Nana Deo Ailettes Flux modéré - x14","p":2.09,"u":"0,15 €/P","img":"https://fd8-photos.leclercdrive.fr/image.ashx?id=2767225&use=l&cat=p&typeid=i","cat":284624},{"id":180549,"n":"Serviettes Ultra Régulier Nana Deo Ailettes Flux modéré - x28","p":3.85,"u":"0,14 €/P","img":"https://fd8-photos.leclercdrive.fr/image.ashx?id=3005299&use=l&cat=p&typeid=i","cat":284624},{"id":180550,"n":"Serviettes hygiéniques Nana Ultra - Spécial Nuit - x10","p":1.88,"u":"0,19 €/P","img":"https://fd8-photos.leclercdrive.fr/image.ashx?id=2944990&use=l&cat=p&typeid=i","cat":284624},{"id":180551,"n":"Serviettes hygiéniques Nana Ultra - Spécial Nuit - x20","p":3.04,"u":"0,15 €/P","img":"https://fd8-photos.leclercdrive.fr/image.ashx?id=2756401&use=l&cat=p&typeid=i","cat":284624},{"id":180552,"n":"Soda à l'orange Orangina 6x25cl verre","p":5.34,"u":"3,56 €/L","img":"https://fd8-photos.leclercdrive.fr/image.ashx?id=2476431&use=l&cat=p&typeid=i","cat":284532},{"id":180554,"n":"Sirop de cassis Bio Village Bio - 50cl","p":2.98,"u":"5,96 €/L","img":"https://fd8-photos.leclercdrive.fr/image.ashx?id=2873201&use=l&cat=p&typeid=i","cat":295020},{"id":180556,"n":"Sirop de Citron Bio Village Bio - 50cl","p":2.29,"u":"4,58 €/L","img":"https://fd8-photos.leclercdrive.fr/image.ashx?id=2873192&use=l&cat=p&typeid=i","cat":295020},{"id":180563,"n":"Viande des Grisons Aoste 10 Tranches - 70g","p":4.55,"u":"65,00 €/KG","img":"https://fd8-photos.leclercdrive.fr/image.ashx?id=2939838&use=l&cat=p&typeid=i","cat":316007},{"id":180797,"n":"Mouchoirs UltraSoft Kleenex® Boîte x64","p":1.62,"img":"https://fd8-photos.leclercdrive.fr/image.ashx?id=2853350&use=l&cat=p&typeid=i","cat":284638},{"id":180800,"n":"Lait Corps Le Petit Marseillais  Bio miel argan - 250ml","p":4.89,"u":"19,56 €/L","img":"https://fd8-photos.leclercdrive.fr/image.ashx?id=2904856&use=l&cat=p&typeid=i","cat":325349},{"id":180803,"n":"Lait Corps Le Petit Marseillais  Bio amande douce - 250ml","p":5.72,"u":"22,88 €/L","img":"https://fd8-photos.leclercdrive.fr/image.ashx?id=2339751&use=l&cat=p&typeid=i","cat":null},{"id":180872,"n":"Miettes de thon huile d'olive 2x160g","p":6.22,"u":"19,44 €/KG","img":"https://fd8-photos.leclercdrive.fr/image.ashx?id=2340509&use=l&cat=p&typeid=i","cat":303867},{"id":181685,"n":"Roller Frixion Point Clicker  Pilot Noir/Bleu - X 4","p":7.65,"img":"https://fd8-photos.leclercdrive.fr/image.ashx?id=2558467&use=l&cat=p&typeid=i","cat":284696},{"id":181742,"n":"Lait Corps Le Petit Marseillais  Bio fleur d'oranger - 250ml","p":4.79,"u":"19,16 €/L","img":"https://fd8-photos.leclercdrive.fr/image.ashx?id=2341591&use=l&cat=p&typeid=i","cat":null},{"id":181761,"n":"Shampoing Le Petit Marseillais  Bio pomme & aloe vera - 250ml","p":4.17,"u":"17,38 €/L","img":"https://fd8-photos.leclercdrive.fr/image.ashx?id=2684194&use=l&cat=p&typeid=i","cat":284606},{"id":181962,"n":"Lave glace été Eco+ 5 L","p":1.97,"u":"0,39 €/L","img":"https://fd8-photos.leclercdrive.fr/image.ashx?id=2499519&use=l&cat=p&typeid=i","cat":298252},{"id":182003,"n":"Saint Félicien Sainte Colombe 160g","p":2.45,"u":"15,31 €/KG","img":"https://fd8-photos.leclercdrive.fr/image.ashx?id=2342403&use=l&cat=p&typeid=i","cat":329558},{"id":182004,"n":"Saint Marcellin Sainte Colombe rouleaux 3x80g - 240g","p":3.36,"u":"14,00 €/KG","img":"https://fd8-photos.leclercdrive.fr/image.ashx?id=2342400&use=l&cat=p&typeid=i","cat":329558},{"id":182013,"n":"Café Moulu  Espresso - Méo - 1kg","p":15.25,"u":"15,25 €/KG","img":"https://fd8-photos.leclercdrive.fr/image.ashx?id=2571293&use=l&cat=p&typeid=i","cat":284750},{"id":182047,"n":"Jambon de Bayonne Saint Azay 6 tranches - 150g","p":3.72,"u":"24,80 €/KG","img":"https://fd8-photos.leclercdrive.fr/image.ashx?id=2342190&use=l&cat=p&typeid=i","cat":316007},{"id":182098,"n":"Panés Mozzarella Grand Fermage 100g","p":2.23,"u":"22,30 €/KG","img":"https://fd8-photos.leclercdrive.fr/image.ashx?id=2645209&use=l&cat=p&typeid=i","cat":314027},{"id":182107,"n":"DOC Prosecco Perlino vin Pétillant rosé - 75cl","p":6.4,"u":"8,53 €/L","img":"https://fd8-photos.leclercdrive.fr/image.ashx?id=2612784&use=l&cat=p&typeid=i","cat":289461},{"id":182111,"n":"DOC Prosecco perlino Vin pétillant 37.5cl","p":3.93,"u":"10,48 €/L","img":"https://fd8-photos.leclercdrive.fr/image.ashx?id=2955513&use=l&cat=p&typeid=i","cat":284544},{"id":182132,"n":"Parmesan Râpé Giovanni Ferrari  22 mois AOP - 140g","p":3.79,"u":"27,07 €/KG","img":"https://fd8-photos.leclercdrive.fr/image.ashx?id=3002300&use=l&cat=p&typeid=i","cat":314035},{"id":182137,"n":"Cheddar Bristish Heritage AOP  Extra Mature Bloc - 200g","p":3.67,"u":"18,35 €/KG","img":"https://fd8-photos.leclercdrive.fr/image.ashx?id=2766535&use=l&cat=p&typeid=i","cat":314034},{"id":182152,"n":"Emmental râpé fondant Président 350g","p":3.56,"u":"10,17 €/KG","img":"https://fd8-photos.leclercdrive.fr/image.ashx?id=2490599&use=l&cat=p&typeid=i","cat":314035},{"id":182157,"n":"Dentifrice enfants Bionaia Bio - 50ml","p":1.15,"u":"23,00 €/L","img":"https://fd8-photos.leclercdrive.fr/image.ashx?id=2498837&use=l&cat=p&typeid=i","cat":288898},{"id":182159,"n":"Recharge gel lavant Bionaia Bio - abricot - 250ml","p":0.9,"u":"3,60 €/L","img":"https://fd8-photos.leclercdrive.fr/image.ashx?id=2935543&use=l&cat=p&typeid=i","cat":284597},{"id":182179,"n":"Boisson aux fruits Oasis Tropical - 1,5L","p":2.04,"u":"1,36 €/L","img":"https://fd8-photos.leclercdrive.fr/image.ashx?id=2666698&use=l&cat=p&typeid=i","cat":295018},{"id":182180,"n":"Sirop de Grenadine Bio Village Bio - 50cl","p":2.45,"u":"4,90 €/L","img":"https://fd8-photos.leclercdrive.fr/image.ashx?id=2931947&use=l&cat=p&typeid=i","cat":295020},{"id":182181,"n":"Sirop de Menthe Bio Village Bio - 50cl","p":2.45,"u":"4,90 €/L","img":"https://fd8-photos.leclercdrive.fr/image.ashx?id=2873189&use=l&cat=p&typeid=i","cat":295020},{"id":182212,"n":"Semoule moyenne panzani 500g","p":1.29,"u":"2,58 €/KG","img":"https://fd8-photos.leclercdrive.fr/image.ashx?id=2745562&use=l&cat=p&typeid=i","cat":284429},{"id":182218,"n":"Chips paysanne nature Lay's Sel - 155g","p":1.22,"u":"7,87 €/KG","img":"https://fd8-photos.leclercdrive.fr/image.ashx?id=2818602&use=l&cat=p&typeid=i","cat":284447},{"id":182259,"n":"Chips ancienne nature Lay's Sel format familial - 295g","p":2.25,"u":"7,63 €/KG","img":"https://fd8-photos.leclercdrive.fr/image.ashx?id=2999243&use=l&cat=p&typeid=i","cat":284447},{"id":182260,"n":"Chips paysanne nature Lay's Sel format familial - 295g","p":2.26,"u":"7,66 €/KG","img":"https://fd8-photos.leclercdrive.fr/image.ashx?id=2848716&use=l&cat=p&typeid=i","cat":284447},{"id":182266,"n":"Shampooing sec Batiste Original - 200ml","p":3.4,"u":"17,00 €/L","img":"https://fd8-photos.leclercdrive.fr/image.ashx?id=2344046&use=l&cat=p&typeid=i","cat":289143},{"id":182267,"n":"Shampooing sec Batiste Blush - 200ml","p":3.4,"u":"17,00 €/L","img":"https://fd8-photos.leclercdrive.fr/image.ashx?id=2630454&use=l&cat=p&typeid=i","cat":289143},{"id":182315,"n":"Rillettes de thon Petit Navire Olives vertes - 125g","p":1.97,"u":"15,76 €/KG","img":"https://fd8-photos.leclercdrive.fr/image.ashx?id=2523924&use=l&cat=p&typeid=i","cat":303867},{"id":182340,"n":"Lait en poudre Guigoz Optipro 2ème âge - 6-12 mois - 830g","p":15.39,"u":"18,54 €/KG","img":"https://fd8-photos.leclercdrive.fr/image.ashx?id=2737747&use=l&cat=p&typeid=i","cat":284727},{"id":182342,"n":"Lait bébé en poudre Guigoz Gest 2ème âge - 6-12 mois - 830g","p":17.75,"u":"21,39 €/KG","img":"https://fd8-photos.leclercdrive.fr/image.ashx?id=2469478&use=l&cat=p&typeid=i","cat":284727},{"id":182365,"n":"Jambon de Bayonne Saint Azay 4 tranches - 100g","p":2.48,"u":"24,80 €/KG","img":"https://fd8-photos.leclercdrive.fr/image.ashx?id=2345848&use=l&cat=p&typeid=i","cat":316007},{"id":182373,"n":"Skyr Siggi's  Mangue Passion - 2x140g","p":2.19,"u":"7,82 €/KG","img":"https://fd8-photos.leclercdrive.fr/image.ashx?id=2792027&use=l&cat=p&typeid=i","cat":315000},{"id":182392,"n":"Soda Coca-Cola sans sucres Sans caféine - 6x33cl","p":3.72,"u":"1,88 €/L","img":"https://fd8-photos.leclercdrive.fr/image.ashx?id=2997232&use=l&cat=p&typeid=i","cat":284530},{"id":182395,"n":"Soda Coca-Cola original Bouteille en verre- 75cl","p":2.61,"u":"3,48 €/L","img":"https://fd8-photos.leclercdrive.fr/image.ashx?id=3014874&use=l&cat=p&typeid=i","cat":284530},{"id":182402,"n":"Sirop de fraise Bio Village Bio - 50cl","p":2.55,"u":"5,10 €/L","img":"https://fd8-photos.leclercdrive.fr/image.ashx?id=2873195&use=l&cat=p&typeid=i","cat":295020},{"id":182465,"n":"Bière sans alcool Tourtel Twist Ananas 0,0° - 6x27,5cl","p":4.75,"u":"2,88 €/L","img":"https://fd8-photos.leclercdrive.fr/image.ashx?id=2684925&use=l&cat=p&typeid=i","cat":334877},{"id":182470,"n":"Bière Gallia champ libre  12x33cl","p":15.1,"u":"3,81 €/L","img":"https://fd8-photos.leclercdrive.fr/image.ashx?id=2971209&use=l&cat=p&typeid=i","cat":334872},{"id":182479,"n":"Huile d'Olive Tramier Vierge  Extra Sans Pesticides 75cl","p":8.79,"u":"11,72 €/L","img":"https://fd8-photos.leclercdrive.fr/image.ashx?id=2647188&use=l&cat=p&typeid=i","cat":284453},{"id":182480,"n":"Lait bébé en poudre Guigoz Gest 1er âge - 0-6 mois - 830g","p":18.43,"u":"22,20 €/KG","img":"https://fd8-photos.leclercdrive.fr/image.ashx?id=2895047&use=l&cat=p&typeid=i","cat":284726},{"id":182490,"n":"Lait bébé Guigoz Pelargon Poudre- 2e âge- 6-12 mois -780g","p":18.0,"u":"23,08 €/KG","img":"https://fd8-photos.leclercdrive.fr/image.ashx?id=2347386&use=l&cat=p&typeid=i","cat":284727},{"id":182502,"n":"Complément alimentaire Bronzage Expert x40 gélules","p":4.21,"u":"0,11 €/P","img":"https://fd8-photos.leclercdrive.fr/image.ashx?id=2771984&use=l&cat=p&typeid=i","cat":313217},{"id":182507,"n":"Chocolat noir Bio Ethiquable  100% Pérou - 100g","p":3.19,"u":"31,90 €/KG","img":"https://fd8-photos.leclercdrive.fr/image.ashx?id=2870971&use=l&cat=p&typeid=i","cat":284956},{"id":182510,"n":"Chocolat noir Bio Ethiquable  Gianduja noisettes - 100g","p":2.99,"u":"29,90 €/KG","img":"https://fd8-photos.leclercdrive.fr/image.ashx?id=2870965&use=l&cat=p&typeid=i","cat":284956},{"id":182512,"n":"Chocolat Ethiquable lait 56% cacao Pérou Bio - 100g","p":3.16,"u":"31,60 €/KG","img":"https://fd8-photos.leclercdrive.fr/image.ashx?id=2870968&use=l&cat=p&typeid=i","cat":284956},{"id":182524,"n":"Brioch' Bagel La Fournée Dorée x4 - 300g","p":1.99,"u":"6,63 €/KG","img":"https://fd8-photos.leclercdrive.fr/image.ashx?id=2479300&use=l&cat=p&typeid=i","cat":284985},{"id":182790,"n":"Bière blonde Leffe sans alcool 0,0% - 12x25cl","p":9.43,"u":"3,14 €/L","img":"https://fd8-photos.leclercdrive.fr/image.ashx?id=2548306&use=l&cat=p&typeid=i","cat":334877},{"id":182820,"n":"Céréales Weetabix original  430g","p":3.0,"u":"6,98 €/KG","img":"https://fd8-photos.leclercdrive.fr/image.ashx?id=2853347&use=l&cat=p&typeid=i","cat":309512},{"id":182833,"n":"Biscuits sablés Guet Apens LU Chocolat noisette - 105g","p":1.89,"u":"18,00 €/KG","img":"https://fd8-photos.leclercdrive.fr/image.ashx?id=3002219&use=l&cat=p&typeid=i","cat":284487},{"id":182840,"n":"Coffret Johnnie Walker  12ans 40% 70cl","p":28.42,"u":"40,60 €/L","img":"https://fd8-photos.leclercdrive.fr/image.ashx?id=2349248&use=l&cat=p&typeid=i","cat":284547},{"id":182856,"n":"Saucisse de Strasbourg Tradilège x6 - 210g","p":1.4,"u":"6,67 €/KG","img":"https://fd8-photos.leclercdrive.fr/image.ashx?id=2349379&use=l&cat=p&typeid=i","cat":316012},{"id":182887,"n":"Fromage à tartiner Boursin Ail & fines herbes - 150g","p":2.16,"u":"14,40 €/KG","img":"https://fd8-photos.leclercdrive.fr/image.ashx?id=2964449&use=l&cat=p&typeid=i","cat":314029},{"id":182888,"n":"Lait bébé poudre Guigoz Optipro 1er âge - 0-6mois - 830g","p":16.34,"u":"19,69 €/KG","img":"https://fd8-photos.leclercdrive.fr/image.ashx?id=2806423&use=l&cat=p&typeid=i","cat":284726},{"id":182894,"n":"Epice Sainte Lucie mélange italien  - 30g","p":2.25,"u":"75,00 €/KG","img":"https://fd8-photos.leclercdrive.fr/image.ashx?id=2975170&use=l&cat=p&typeid=i","cat":298297},{"id":182896,"n":"Citronnelle lyophilisée 7g","p":2.56,"u":"365,71 €/KG","img":"https://fd8-photos.leclercdrive.fr/image.ashx?id=2349770&use=l&cat=p&typeid=i","cat":298297},{"id":182905,"n":"Piment oiseaux Sainte Lucie 15g","p":2.14,"u":"142,67 €/KG","img":"https://fd8-photos.leclercdrive.fr/image.ashx?id=2974321&use=l&cat=p&typeid=i","cat":298297},{"id":182908,"n":"Sauge Sainte Lucie feuilles coupées - 15g","p":1.71,"u":"114,00 €/KG","img":"https://fd8-photos.leclercdrive.fr/image.ashx?id=2349779&use=l&cat=p&typeid=i","cat":298297},{"id":182914,"n":"Foie de morue Connetable MSC -50% de sel - 121g","p":2.06,"u":"17,02 €/KG","img":"https://fd8-photos.leclercdrive.fr/image.ashx?id=2757310&use=l&cat=p&typeid=i","cat":305147},{"id":182925,"n":"Pâtes Collezione Barilla Bucatini Grandi -  500g","p":2.09,"u":"4,18 €/KG","img":"https://fd8-photos.leclercdrive.fr/image.ashx?id=2726521&use=l&cat=p&typeid=i","cat":284427},{"id":182939,"n":"Chips Tuiles Pringles Barbecue - 175g","p":2.18,"u":"12,46 €/KG","img":"https://fd8-photos.leclercdrive.fr/image.ashx?id=2662502&use=l&cat=p&typeid=i","cat":287899},{"id":183049,"n":"Masque Tissu Skinactive Garnier Booster d'éclat Vitamine C","p":2.18,"img":"https://fd8-photos.leclercdrive.fr/image.ashx?id=2849100&use=l&cat=p&typeid=i","cat":325346},{"id":183104,"n":"Nutella Biscuit pâte à tartiner Cacao Noisettes - 207g","p":2.52,"u":"12,17 €/KG","img":"https://fd8-photos.leclercdrive.fr/image.ashx?id=2834035&use=l&cat=p&typeid=i","cat":284488},{"id":183105,"n":"Eau gazeuse San Pellegrino Essenza citron - 6x33cL","p":3.32,"u":"1,68 €/L","img":"https://fd8-photos.leclercdrive.fr/image.ashx?id=2864203&use=l&cat=p&typeid=i","cat":284536},{"id":183106,"n":"Eau gazeuse San Pellegrino Essenza sanguine - 6x33cl","p":3.29,"u":"1,66 €/L","img":"https://fd8-photos.leclercdrive.fr/image.ashx?id=2852010&use=l&cat=p&typeid=i","cat":284536},{"id":183107,"n":"Eau gazeuse San Pellegrino Essenza Pêche melon - 6x33cl","p":3.41,"u":"1,72 €/L","img":"https://fd8-photos.leclercdrive.fr/image.ashx?id=2997292&use=l&cat=p&typeid=i","cat":284536},{"id":183128,"n":"Epinards hachés à la crème  Findus légume - 500g","p":2.33,"u":"4,66 €/KG","img":"https://fd8-photos.leclercdrive.fr/image.ashx?id=3008767&use=l&cat=p&typeid=i","cat":319805},{"id":183129,"n":"Epinards Légumes Findus branches à la crème - 480g","p":2.79,"u":"5,81 €/KG","img":"https://fd8-photos.leclercdrive.fr/image.ashx?id=2937349&use=l&cat=p&typeid=i","cat":319805},{"id":183130,"n":"Epinards hachés Findus À la crème fraîche - 900g","p":3.36,"u":"3,73 €/KG","img":"https://fd8-photos.leclercdrive.fr/image.ashx?id=2904245&use=l&cat=p&typeid=i","cat":319805},{"id":183134,"n":"Muffins complet Jacquet x4 - 245g","p":1.94,"u":"7,92 €/KG","img":"https://fd8-photos.leclercdrive.fr/image.ashx?id=2894791&use=l&cat=p&typeid=i","cat":284477},{"id":183159,"n":"Pizza Ristorante Dr.Oetker Bolognaise - 375g","p":2.85,"u":"7,60 €/KG","img":"https://fd8-photos.leclercdrive.fr/image.ashx?id=2993071&use=l&cat=p&typeid=i","cat":284256},{"id":183172,"n":"Emietté de thon Petit Navire Vinaigre balsamique - 110g","p":2.31,"u":"21,00 €/KG","img":"https://fd8-photos.leclercdrive.fr/image.ashx?id=2682860&use=l&cat=p&typeid=i","cat":303867},{"id":183190,"n":"Pile alcaline Varta Longlife Power C - x2","p":4.9,"u":"2,45 €/P","img":"https://fd8-photos.leclercdrive.fr/image.ashx?id=2354950&use=l&cat=p&typeid=i","cat":300572},{"id":183211,"n":"Madeleines longues Le Ster Marbrées choco - 4x250g","p":4.81,"u":"4,81 €/KG","img":"https://fd8-photos.leclercdrive.fr/image.ashx?id=2827224&use=l&cat=p&typeid=i","cat":284492},{"id":183213,"n":"Eau Micellaire Garnier Tout en 1 Vitamine C - 400mL","p":4.8,"u":"12,00 €/L","img":"https://fd8-photos.leclercdrive.fr/image.ashx?id=2353782&use=l&cat=p&typeid=i","cat":284603},{"id":183232,"n":"Olives vertes entières La Ciota - 2x170g","p":3.56,"u":"10,47 €/KG","img":"https://fd8-photos.leclercdrive.fr/image.ashx?id=2496710&use=l&cat=p&typeid=i","cat":284458},{"id":183255,"n":"Crème Corps Apaisante Superfood  Aloe vera Magnésium - 380ml","p":5.8,"u":"15,26 €/L","img":"https://fd8-photos.leclercdrive.fr/image.ashx?id=2371206&use=l&cat=p&typeid=i","cat":325350},{"id":183257,"n":"Skinactive Body Garnier  Body Food All Uses - 380ml","p":6.65,"u":"17,50 €/L","img":"https://fd8-photos.leclercdrive.fr/image.ashx?id=2371209&use=l&cat=p&typeid=i","cat":325350},{"id":183259,"n":"Crème Corps Avocat Superfood Peaux sèches - 380ml","p":5.6,"u":"14,74 €/L","img":"https://fd8-photos.leclercdrive.fr/image.ashx?id=2867551&use=l&cat=p&typeid=i","cat":325350},{"id":183260,"n":"Crème corps hydratant Superfood Peaux très sèches - 380ml","p":5.7,"u":"15,00 €/L","img":"https://fd8-photos.leclercdrive.fr/image.ashx?id=2360812&use=l&cat=p&typeid=i","cat":325350},{"id":183262,"n":"Sérum Éclat Vitamine C Garnier Anti-taches - 30ml","p":8.79,"u":"293,00 €/L","img":"https://fd8-photos.leclercdrive.fr/image.ashx?id=2908180&use=l&cat=p&typeid=i","cat":325345},{"id":183321,"n":"Le Kit pour tout déchirer Bic","p":10.2,"img":"https://fd8-photos.leclercdrive.fr/image.ashx?id=2373842&use=l&cat=p&typeid=i","cat":334133},{"id":183391,"n":"Fraisoo' bool 200g","p":1.77,"u":"8,85 €/KG","img":"https://fd8-photos.leclercdrive.fr/image.ashx?id=2454172&use=l&cat=p&typeid=i","cat":304250},{"id":183395,"n":"Huile d'olive Puget 75cl","p":8.95,"u":"11,93 €/L","img":"https://fd8-photos.leclercdrive.fr/image.ashx?id=2460925&use=l&cat=p&typeid=i","cat":284453},{"id":183496,"n":"Brocolis fleurette Notre Jardin 900g","p":1.99,"u":"2,21 €/KG","img":"https://fd8-photos.leclercdrive.fr/image.ashx?id=2873168&use=l&cat=p&typeid=i","cat":319805},{"id":183520,"n":"Déodorant Spray Rexona Anti- Transpirant 72H Invisible 200ml","p":3.21,"u":"16,05 €/L","img":"https://fd8-photos.leclercdrive.fr/image.ashx?id=2850306&use=l&cat=p&typeid=i","cat":284595},{"id":183523,"n":"Rexona Déodorant Femme Spray   72H Musc 200ml","p":3.77,"u":"18,85 €/L","img":"https://fd8-photos.leclercdrive.fr/image.ashx?id=2850312&use=l&cat=p&typeid=i","cat":284595},{"id":183848,"n":"Dissolvant Maybelline New York Express sans acétone - 125ml","p":2.76,"u":"22,08 €/L","img":"https://fd8-photos.leclercdrive.fr/image.ashx?id=2358123&use=l&cat=p&typeid=i","cat":325347},{"id":183849,"n":"Déodorant L'Arbre Vert Argan   Hamamélis - 50ml","p":3.27,"u":"65,40 €/L","img":"https://fd8-photos.leclercdrive.fr/image.ashx?id=2862491&use=l&cat=p&typeid=i","cat":284595},{"id":183854,"n":"Déodorant Rexona Men anti transpirant Cobalt Dry - 200ml","p":3.54,"u":"17,70 €/L","img":"https://fd8-photos.leclercdrive.fr/image.ashx?id=2858711&use=l&cat=p&typeid=i","cat":284618},{"id":183856,"n":"Yaourt Gourmand Mamie Nova Mandarine Citron x2 - 300g","p":1.47,"u":"4,90 €/KG","img":"https://fd8-photos.leclercdrive.fr/image.ashx?id=2879053&use=l&cat=p&typeid=i","cat":284410},{"id":183857,"n":"Gel Douche Le Petit Marseillais  Lait d'amande douce - 650ml","p":3.27,"u":"5,03 €/L","img":"https://fd8-photos.leclercdrive.fr/image.ashx?id=2684197&use=l&cat=p&typeid=i","cat":284594},{"id":183862,"n":"Bloc WC Bref Brilliant Gel Toilettes propres - 42g x1","p":2.07,"u":"49,29 €/KG","img":"https://fd8-photos.leclercdrive.fr/image.ashx?id=2976782&use=l&cat=p&typeid=i","cat":284662},{"id":183866,"n":"Dentifrice blancheur Colgate Max white one - 75ml","p":1.95,"u":"26,00 €/L","img":"https://fd8-photos.leclercdrive.fr/image.ashx?id=2767255&use=l&cat=p&typeid=i","cat":284612},{"id":183873,"n":"Détachant poudre Vanish  Stop Odeurs - 470g","p":5.48,"u":"11,66 €/KG","img":"https://fd8-photos.leclercdrive.fr/image.ashx?id=2679936&use=l&cat=p&typeid=i","cat":284651},{"id":183877,"n":"Désodorisant diffuseur Airwick  Electrique Vanille - 19ml","p":3.6,"u":"189,47 €/L","img":"https://fd8-photos.leclercdrive.fr/image.ashx?id=2768237&use=l&cat=p&typeid=i","cat":311629},{"id":183888,"n":"Bière blonde Corona Cero 0,0% - 6x33cl","p":7.28,"u":"3,68 €/L","img":"https://fd8-photos.leclercdrive.fr/image.ashx?id=2526496&use=l&cat=p&typeid=i","cat":334877},{"id":183907,"n":"Dentifrice blancheur Colgate Max white optic - 75ml","p":2.38,"u":"31,73 €/L","img":"https://fd8-photos.leclercdrive.fr/image.ashx?id=2738395&use=l&cat=p&typeid=i","cat":284612},{"id":183910,"n":"Perles de Cire Chaude Expert  Veet A la Cire d'abeille 250ml","p":6.43,"u":"27,96 €/KG","img":"https://fd8-photos.leclercdrive.fr/image.ashx?id=2960678&use=l&cat=p&typeid=i","cat":325351},{"id":183916,"n":"Torsade Alpina Savoie Collection 1844 - 500g","p":2.02,"u":"4,04 €/KG","img":"https://fd8-photos.leclercdrive.fr/image.ashx?id=2358153&use=l&cat=p&typeid=i","cat":284427},{"id":183935,"n":"Fond de Teint L'Oréal Paris Infaillible 24H 130 Beige Peau","p":14.41,"img":"https://fd8-photos.leclercdrive.fr/image.ashx?id=2358183&use=l&cat=p&typeid=i","cat":287029},{"id":183937,"n":"Sachets armoire Soupline Grand  air - x3","p":3.08,"u":"1,03 €/P","img":"https://fd8-photos.leclercdrive.fr/image.ashx?id=2944470&use=l&cat=p&typeid=i","cat":325302},{"id":184000,"n":"Déodorant L'Arbre Vert Fleurs de cerisiers, Hamamélis - 50ml","p":3.33,"u":"66,60 €/L","img":"https://fd8-photos.leclercdrive.fr/image.ashx?id=2865824&use=l&cat=p&typeid=i","cat":284595},{"id":184005,"n":"Gel Douche Le Petit Marseillais  Fleur d'oranger - 650ml","p":3.38,"u":"5,20 €/L","img":"https://fd8-photos.leclercdrive.fr/image.ashx?id=2684533&use=l&cat=p&typeid=i","cat":284594},{"id":184009,"n":"Gel WC Canard Forêt Aquatique - 750ml","p":2.67,"u":"3,56 €/L","img":"https://fd8-photos.leclercdrive.fr/image.ashx?id=2746313&use=l&cat=p&typeid=i","cat":284662},{"id":184143,"n":"Desserts Lactés P'TIT BRASSE Fraise banane 6M+ - 4x90g","p":2.06,"u":"5,72 €/KG","img":"https://fd8-photos.leclercdrive.fr/image.ashx?id=2594229&use=l&cat=p&typeid=i","cat":312392},{"id":184148,"n":"Biscuits croquants Délichoc Chocolat au lait - 150g","p":1.91,"u":"12,73 €/KG","img":"https://fd8-photos.leclercdrive.fr/image.ashx?id=2867365&use=l&cat=p&typeid=i","cat":284488},{"id":184155,"n":"Bougie La Patelière - chiffre","p":1.66,"img":"https://fd8-photos.leclercdrive.fr/image.ashx?id=2359333&use=l&cat=p&typeid=i","cat":284504},{"id":184157,"n":"Bougie La Patelière - chiffre 2","p":1.66,"img":"https://fd8-photos.leclercdrive.fr/image.ashx?id=2359336&use=l&cat=p&typeid=i","cat":335913},{"id":184170,"n":"Bougie La Patelière - chiffre 3","p":1.66,"img":"https://fd8-photos.leclercdrive.fr/image.ashx?id=2359339&use=l&cat=p&typeid=i","cat":284504},{"id":184172,"n":"Bougie La Patelière - chiffre 4","p":1.66,"img":"https://fd8-photos.leclercdrive.fr/image.ashx?id=2359342&use=l&cat=p&typeid=i","cat":284504},{"id":184173,"n":"Bougie La Patelière - chiffre 5","p":1.66,"img":"https://fd8-photos.leclercdrive.fr/image.ashx?id=2359345&use=l&cat=p&typeid=i","cat":284504},{"id":184175,"n":"Bougie La Patelière - chiffre 6","p":1.66,"img":"https://fd8-photos.leclercdrive.fr/image.ashx?id=2359348&use=l&cat=p&typeid=i","cat":335913},{"id":184176,"n":"Bougie La Patelière - chiffre 7","p":1.66,"img":"https://fd8-photos.leclercdrive.fr/image.ashx?id=2359351&use=l&cat=p&typeid=i","cat":335913},{"id":184178,"n":"Bougie La Patelière Chiffre 8","p":1.66,"img":"https://fd8-photos.leclercdrive.fr/image.ashx?id=2359354&use=l&cat=p&typeid=i","cat":335913},{"id":184182,"n":"Purée poire bébé Good Goût bio - 120g - dès 4 mois","p":1.33,"u":"11,08 €/L","img":"https://fd8-photos.leclercdrive.fr/image.ashx?id=2640043&use=l&cat=p&typeid=i","cat":312387},{"id":184192,"n":"Purée fraise banane bébé Good Goût bio - 120g - dès 4 mois","p":1.49,"u":"12,42 €/KG","img":"https://fd8-photos.leclercdrive.fr/image.ashx?id=2640046&use=l&cat=p&typeid=i","cat":312387},{"id":184305,"n":"Carré de porc sans os L'Atelier Boucherie x10 - 440g","p":4.94,"u":"11,23 €/KG","img":"https://fd8-photos.leclercdrive.fr/image.ashx?id=2932701&use=l&cat=p&typeid=i","cat":284331},{"id":184307,"n":"Côtes de porc première L'Atelier Boucherie x2 - 300g","p":2.7,"u":"9,00 €/KG","img":"https://fd8-photos.leclercdrive.fr/image.ashx?id=2930552&use=l&cat=p&typeid=i","cat":284331},{"id":184308,"n":"Côtes de porc échine L'Atelier Boucherie x4 - 680g","p":5.14,"u":"7,56 €/KG","img":"https://fd8-photos.leclercdrive.fr/image.ashx?id=2930555&use=l&cat=p&typeid=i","cat":284331},{"id":184310,"n":"Entrecôte de boeuf*** L'Atelier Boucherie x1 - 200g","p":6.09,"u":"30,45 €/KG","img":"https://fd8-photos.leclercdrive.fr/image.ashx?id=2913781&use=l&cat=p&typeid=i","cat":284328},{"id":184312,"n":"Faux-filet de boeuf*** L'Atelier Boucherie x1 - 180g","p":5.12,"u":"28,44 €/KG","img":"https://fd8-photos.leclercdrive.fr/image.ashx?id=2913784&use=l&cat=p&typeid=i","cat":284328},{"id":184315,"n":"Steak de boeuf** L'Atelier Boucherie x2 - 260g","p":5.39,"u":"20,73 €/KG","img":"https://fd8-photos.leclercdrive.fr/image.ashx?id=2930582&use=l&cat=p&typeid=i","cat":284328},{"id":184316,"n":"Bavette d'Aloyau*** L'Atelier Boucherie x1 - 150g","p":4.95,"u":"33,00 €/KG","img":"https://fd8-photos.leclercdrive.fr/image.ashx?id=2930585&use=l&cat=p&typeid=i","cat":284328},{"id":184317,"n":"Rumsteck en tournedos*** L'Atelier Boucherie x2 - 280g","p":7.19,"u":"25,68 €/KG","img":"https://fd8-photos.leclercdrive.fr/image.ashx?id=2930588&use=l&cat=p&typeid=i","cat":284328},{"id":184318,"n":"Rôti de boeuf*** L'Atelier Boucherie - 600g","p":14.39,"u":"23,98 €/KG","img":"https://fd8-photos.leclercdrive.fr/image.ashx?id=2930591&use=l&cat=p&typeid=i","cat":284328},{"id":184319,"n":"Pièce à fondue / Brochette L'Atelier Boucherie - 500g","p":12.99,"u":"25,98 €/KG","img":"https://fd8-photos.leclercdrive.fr/image.ashx?id=2930594&use=l&cat=p&typeid=i","cat":284328},{"id":184320,"n":"Rôti de porc L'Atelier Boucherie - 600g","p":6.59,"u":"10,98 €/KG","img":"https://fd8-photos.leclercdrive.fr/image.ashx?id=2953749&use=l&cat=p&typeid=i","cat":284331},{"id":184321,"n":"Filet mignon de porc L'Atelier Boucherie x2 - 990g","p":13.59,"u":"13,73 €/KG","img":"https://fd8-photos.leclercdrive.fr/image.ashx?id=2932704&use=l&cat=p&typeid=i","cat":284331},{"id":184322,"n":"Escalope de veau*** L'Atelier Boucherie x2 - 260g","p":6.99,"u":"26,88 €/KG","img":"https://fd8-photos.leclercdrive.fr/image.ashx?id=2930597&use=l&cat=p&typeid=i","cat":284329},{"id":184323,"n":"Sauté de veau*** à mijoter L'Atelier Boucherie - 500g","p":9.99,"u":"19,98 €/KG","img":"https://fd8-photos.leclercdrive.fr/image.ashx?id=2930600&use=l&cat=p&typeid=i","cat":284329},{"id":184351,"n":"Oignons frits Kühne Goût Bacon - 100g","p":1.72,"u":"17,20 €/KG","img":"https://fd8-photos.leclercdrive.fr/image.ashx?id=2868897&use=l&cat=p&typeid=i","cat":298297},{"id":184353,"n":"Soda Coca-Cola Vanille Canette - Pack 6x33CL","p":4.69,"u":"2,37 €/L","img":"https://fd8-photos.leclercdrive.fr/image.ashx?id=2997238&use=l&cat=p&typeid=i","cat":284530},{"id":184355,"n":"Boisson énergisante Red Bull  Goût Fruit du Dragon, 250ml","p":1.23,"u":"4,92 €/L","img":"https://fd8-photos.leclercdrive.fr/image.ashx?id=3011992&use=l&cat=p&typeid=i","cat":284533},{"id":184392,"n":"Trousse Benchmark Eastpak Black Denim","p":11.5,"img":"https://fd8-photos.leclercdrive.fr/image.ashx?id=2363120&use=l&cat=p&typeid=i","cat":334133},{"id":184427,"n":"Thé glacé Oasis Ice Tea Saveur Pêche - 1,5L","p":1.81,"u":"1,21 €/L","img":"https://fd8-photos.leclercdrive.fr/image.ashx?id=2688836&use=l&cat=p&typeid=i","cat":295019},{"id":184431,"n":"Boisson aux fruits Oasis Saveur Pomme Poire - 2L","p":2.52,"u":"1,26 €/L","img":"https://fd8-photos.leclercdrive.fr/image.ashx?id=3014455&use=l&cat=p&typeid=i","cat":295018},{"id":184514,"n":"Lingettes bébé Waterwipes 99,9% d'eau - x60","p":3.99,"u":"0,07 €/P","img":"https://fd8-photos.leclercdrive.fr/image.ashx?id=2363084&use=l&cat=p&typeid=i","cat":290387},{"id":184540,"n":"Fromage Fouetté Nature à tartiner Les Croisés - 150g","p":1.41,"u":"9,40 €/KG","img":"https://fd8-photos.leclercdrive.fr/image.ashx?id=2662634&use=l&cat=p&typeid=i","cat":314029},{"id":184553,"n":"Blocs WC Syphon fraîcheur marine x2 - 110g","p":2.0,"u":"18,18 €/KG","img":"https://fd8-photos.leclercdrive.fr/image.ashx?id=2670359&use=l&cat=p&typeid=i","cat":284662},{"id":184559,"n":"Liquide vaisselle Paic Eucalyptus - 750ml","p":2.24,"u":"2,99 €/L","img":"https://fd8-photos.leclercdrive.fr/image.ashx?id=2363243&use=l&cat=p&typeid=i","cat":284655},{"id":184561,"n":"Glaces Kinder Bueno x4 noisettes chocolat blanc - 248g","p":4.01,"u":"16,17 €/KG","img":"https://fd8-photos.leclercdrive.fr/image.ashx?id=2759071&use=l&cat=p&typeid=i","cat":284264},{"id":184566,"n":"Boisson végétale Bio Village Noisette bio - 1l","p":1.87,"u":"1,87 €/L","img":"https://fd8-photos.leclercdrive.fr/image.ashx?id=2362504&use=l&cat=p&typeid=i","cat":316067},{"id":184568,"n":"Muesli croustillant Bio village Bio Chocolat quinoa - 500g","p":4.2,"u":"8,40 €/KG","img":"https://fd8-photos.leclercdrive.fr/image.ashx?id=2720196&use=l&cat=p&typeid=i","cat":309512},{"id":184569,"n":"Muesli croustillant Bio Village Bio Chocolat - 500g","p":3.72,"u":"7,44 €/KG","img":"https://fd8-photos.leclercdrive.fr/image.ashx?id=2559984&use=l&cat=p&typeid=i","cat":309512},{"id":184571,"n":"Sauce barbecue Amora 285g","p":1.74,"u":"6,11 €/KG","img":"https://fd8-photos.leclercdrive.fr/image.ashx?id=3004447&use=l&cat=p&typeid=i","cat":318431},{"id":184583,"n":"Brumisateur Evian - 150ml","p":2.73,"u":"18,20 €/L","img":"https://fd8-photos.leclercdrive.fr/image.ashx?id=2862500&use=l&cat=p&typeid=i","cat":290295},{"id":184837,"n":"Compotes Pom'Potes Gourdes  Pomme Banane - 4x90g","p":2.3,"u":"6,39 €/KG","img":"https://fd8-photos.leclercdrive.fr/image.ashx?id=2978637&use=l&cat=p&typeid=i","cat":284508},{"id":184917,"n":"Saucisses cocktail Madrange Classique x30 - 225g","p":1.99,"u":"8,84 €/KG","img":"https://fd8-photos.leclercdrive.fr/image.ashx?id=2941562&use=l&cat=p&typeid=i","cat":316012},{"id":184926,"n":"Sugo alla bolognese 340g","p":2.75,"u":"8,09 €/KG","img":"https://fd8-photos.leclercdrive.fr/image.ashx?id=2840022&use=l&cat=p&typeid=i","cat":287599},{"id":184987,"n":"Truite fumée des Pyrénées Pêcheries Basques - 110g","p":4.9,"u":"44,55 €/KG","img":"https://fd8-photos.leclercdrive.fr/image.ashx?id=2372778&use=l&cat=p&typeid=i","cat":285188},{"id":184996,"n":"Infusion verveine Elephant Menthe, bio - x20","p":1.97,"u":"75,77 €/KG","img":"https://fd8-photos.leclercdrive.fr/image.ashx?id=2507578&use=l&cat=p&typeid=i","cat":293234},{"id":184997,"n":"Infusion bio Elephant Detox - x20","p":1.85,"u":"54,41 €/KG","img":"https://fd8-photos.leclercdrive.fr/image.ashx?id=2507566&use=l&cat=p&typeid=i","cat":293234},{"id":184999,"n":"Infusion bio Elephant Relax - x20","p":2.26,"u":"86,92 €/KG","img":"https://fd8-photos.leclercdrive.fr/image.ashx?id=2507572&use=l&cat=p&typeid=i","cat":293234},{"id":185000,"n":"Infusion Bio Eléphant Menthe Thym - x20 sachets","p":2.29,"u":"88,08 €/KG","img":"https://fd8-photos.leclercdrive.fr/image.ashx?id=2507563&use=l&cat=p&typeid=i","cat":293234},{"id":185004,"n":"Infusion Bio Elephant Verveine - x20 sachets","p":2.52,"u":"96,92 €/KG","img":"https://fd8-photos.leclercdrive.fr/image.ashx?id=2520755&use=l&cat=p&typeid=i","cat":293234},{"id":185031,"n":"Dentifrice blancheur Colgate Max White Optic - 2x75ml","p":4.19,"u":"27,93 €/L","img":"https://fd8-photos.leclercdrive.fr/image.ashx?id=2369246&use=l&cat=p&typeid=i","cat":284612},{"id":185165,"n":"Skyr Yoplait  Coco 1%Mg - 4x100g","p":2.07,"u":"5,18 €/KG","img":"https://fd8-photos.leclercdrive.fr/image.ashx?id=2884459&use=l&cat=p&typeid=i","cat":315000},{"id":185166,"n":"Skyr Yoplait  Vanille 0%MG - 4x100G","p":2.27,"u":"5,68 €/KG","img":"https://fd8-photos.leclercdrive.fr/image.ashx?id=2884456&use=l&cat=p&typeid=i","cat":315000},{"id":185443,"n":"Thé vert citron Yate x25 - 37,5g","p":0.79,"u":"20,79 €/KG","img":"https://fd8-photos.leclercdrive.fr/image.ashx?id=2646008&use=l&cat=p&typeid=i","cat":293233},{"id":185459,"n":"Crème dessert La Laitière  Frais Fondant chocolat - 4x115g","p":2.11,"u":"4,59 €/KG","img":"https://fd8-photos.leclercdrive.fr/image.ashx?id=2904062&use=l&cat=p&typeid=i","cat":285041},{"id":185460,"n":"Crème dessert La Laitière  Frais Fondant vanille - 4x115g","p":2.11,"u":"4,59 €/KG","img":"https://fd8-photos.leclercdrive.fr/image.ashx?id=2674548&use=l&cat=p&typeid=i","cat":285041},{"id":185516,"n":"Lait de coco fluide Jardin Bio bio 200ml","p":1.74,"u":"8,70 €/L","img":"https://fd8-photos.leclercdrive.fr/image.ashx?id=2375307&use=l&cat=p&typeid=i","cat":294991},{"id":185567,"n":"Liniment oléo-calcaire Biolane  700 ml","p":7.01,"u":"10,01 €/L","img":"https://fd8-photos.leclercdrive.fr/image.ashx?id=2586864&use=l&cat=p&typeid=i","cat":284741},{"id":185568,"n":"Gel Lavant Biolane Corps et cheveux 750 ml","p":5.77,"u":"7,69 €/L","img":"https://fd8-photos.leclercdrive.fr/image.ashx?id=2586867&use=l&cat=p&typeid=i","cat":284740},{"id":185571,"n":"Eau pure H2O Biolane 750 ml","p":5.42,"u":"7,23 €/L","img":"https://fd8-photos.leclercdrive.fr/image.ashx?id=2733247&use=l&cat=p&typeid=i","cat":284741},{"id":185634,"n":"Pain Bruschetta Florelli à l'huile d'olive - 400g","p":2.76,"u":"6,90 €/KG","img":"https://fd8-photos.leclercdrive.fr/image.ashx?id=3012206&use=l&cat=p&typeid=i","cat":289010},{"id":185768,"n":"Riz forestière individuel William Saurin - 300g","p":3.18,"u":"10,60 €/KG","img":"https://fd8-photos.leclercdrive.fr/image.ashx?id=2528726&use=l&cat=p&typeid=i","cat":284953},{"id":185789,"n":"Myrtilles Panier du Primeur 125g","p":1.99,"u":"15,92 €/KG","img":"https://fd8-photos.leclercdrive.fr/image.ashx?id=2375773&use=l&cat=p&typeid=i","cat":284356},{"id":185854,"n":"Bière blonde Tripel Karmeliet 8,4% - 12x25cl","p":16.07,"u":"5,36 €/L","img":"https://fd8-photos.leclercdrive.fr/image.ashx?id=2457485&use=l&cat=p&typeid=i","cat":334872},{"id":185999,"n":"Boisson végétale Bio Village Riz nature bio - 1l","p":1.65,"u":"1,65 €/L","img":"https://fd8-photos.leclercdrive.fr/image.ashx?id=2381581&use=l&cat=p&typeid=i","cat":316067},{"id":186004,"n":"Terrine de Caille aux Raisins « marinés au cognac » 180g","p":4.88,"u":"27,11 €/KG","img":"https://fd8-photos.leclercdrive.fr/image.ashx?id=2848223&use=l&cat=p&typeid=i","cat":305149},{"id":186019,"n":"Bière Nepo Blanche Combawa  33cl","p":2.26,"u":"6,85 €/L","img":"https://fd8-photos.leclercdrive.fr/image.ashx?id=2382535&use=l&cat=p&typeid=i","cat":334878},{"id":186020,"n":"Bière Nepo Blanche Combawa 75cl","p":4.74,"u":"6,32 €/L","img":"https://fd8-photos.leclercdrive.fr/image.ashx?id=2382568&use=l&cat=p&typeid=i","cat":334878},{"id":186026,"n":"Bière Nepo Pohazy IPA 33cl","p":2.33,"u":"7,06 €/L","img":"https://fd8-photos.leclercdrive.fr/image.ashx?id=2382541&use=l&cat=p&typeid=i","cat":334872},{"id":186043,"n":"Lardons Nature Herta  Sans nitrite - 2x75g","p":1.91,"u":"12,73 €/KG","img":"https://fd8-photos.leclercdrive.fr/image.ashx?id=2785802&use=l&cat=p&typeid=i","cat":316011},{"id":186056,"n":"Boisson énergisante Red Bull Goût Coco-Acaï, 250ml","p":1.25,"u":"5,00 €/L","img":"https://fd8-photos.leclercdrive.fr/image.ashx?id=2471658&use=l&cat=p&typeid=i","cat":284533},{"id":186071,"n":"Brandade à la morue gratinée  Maison Briau - 750g","p":8.33,"u":"11,11 €/KG","img":"https://fd8-photos.leclercdrive.fr/image.ashx?id=2851072&use=l&cat=p&typeid=i","cat":285340},{"id":186089,"n":"Crème mains absorption express Neutrogena - 75ml","p":4.99,"u":"66,53 €/L","img":"https://fd8-photos.leclercdrive.fr/image.ashx?id=2928840&use=l&cat=p&typeid=i","cat":290424},{"id":186108,"n":"Savon solide Bio Mots d'enfants 100g","p":1.29,"u":"12,90 €/KG","img":"https://fd8-photos.leclercdrive.fr/image.ashx?id=3015126&use=l&cat=p&typeid=i","cat":284740},{"id":186130,"n":"Acérola Vitamine C Herbesan Goût cerise - 90 comprimés","p":9.99,"pp":6.99,"u":"0,08 €/P","img":"https://fd8-photos.leclercdrive.fr/image.ashx?id=2382896&use=l&cat=p&typeid=i","cat":301264},{"id":186162,"n":"Spray désinfectant Septimyl Chlorhexidine 0,5% - 100ml","p":3.9,"u":"39,00 €/L","img":"https://fd8-photos.leclercdrive.fr/image.ashx?id=2383112&use=l&cat=p&typeid=i","cat":291163},{"id":186164,"n":"Ampoule vitamine C SVR 30ml","p":25.59,"u":"853,00 €/L","img":"https://fd8-photos.leclercdrive.fr/image.ashx?id=2971649&use=l&cat=p&typeid=i","cat":291171},{"id":186165,"n":"Ampoule vitamine B3 SVR 30ml","p":28.3,"u":"943,33 €/L","img":"https://fd8-photos.leclercdrive.fr/image.ashx?id=2971179&use=l&cat=p&typeid=i","cat":291171},{"id":186171,"n":"Baume réparateur Eucerin Aquaphor - 40ml","p":6.9,"u":"172,50 €/L","img":"https://fd8-photos.leclercdrive.fr/image.ashx?id=2383176&use=l&cat=p&typeid=i","cat":290421},{"id":186173,"n":"Crème mains 5% d'Urée Eucerin UreaRepair Plus - 75ml","p":4.99,"u":"66,53 €/L","img":"https://fd8-photos.leclercdrive.fr/image.ashx?id=2832311&use=l&cat=p&typeid=i","cat":290424},{"id":186176,"n":"Dentifrice Parogencyl Prévention gencives - 2x75ml","p":6.07,"u":"40,47 €/L","img":"https://fd8-photos.leclercdrive.fr/image.ashx?id=2659439&use=l&cat=p&typeid=i","cat":290419},{"id":186181,"n":"Baume réparateur Eucerin Aquaphore - 198g","p":14.4,"u":"72,73 €/KG","img":"https://fd8-photos.leclercdrive.fr/image.ashx?id=2383197&use=l&cat=p&typeid=i","cat":290421},{"id":186202,"n":"Mozzarella Les Croisés Tranchettes - 200g","p":1.99,"u":"9,95 €/KG","img":"https://fd8-photos.leclercdrive.fr/image.ashx?id=2383094&use=l&cat=p&typeid=i","cat":314026},{"id":186236,"n":"Abattant WC Blanc L. 44 x l. 38 cm","p":23.9,"img":"https://fd8-photos.leclercdrive.fr/image.ashx?id=2387355&use=l&cat=p&typeid=i","cat":335909},{"id":186238,"n":"Crème blur mousse SPF50 SVR 50ml","p":12.89,"u":"257,80 €/L","img":"https://fd8-photos.leclercdrive.fr/image.ashx?id=2971191&use=l&cat=p&typeid=i","cat":290396},{"id":186240,"n":"Baume Protect+ Topialyse SVR 400ml","p":14.99,"pp":11.24,"u":"28,10 €/L","img":"https://fd8-photos.leclercdrive.fr/image.ashx?id=2971658&use=l&cat=p&typeid=i","cat":290421},{"id":186246,"n":"Sérum anti-imperfections SVR SEBIACLEAR - 30ml","p":14.9,"u":"496,67 €/L","img":"https://fd8-photos.leclercdrive.fr/image.ashx?id=2965136&use=l&cat=p&typeid=i","cat":291166},{"id":186258,"n":"Lessive Capsules Tout-en-1 Skip Fraîcheur Intense x26 Capsules","p":11.24,"u":"20,40 €/KG","img":"https://fd8-photos.leclercdrive.fr/image.ashx?id=2978934&use=l&cat=p&typeid=i","cat":284641},{"id":186263,"n":"Lessive Capsules Tout-en-1 Skip Fraîcheur Intense 38 Lavages","p":14.67,"u":"18,20 €/KG","img":"https://fd8-photos.leclercdrive.fr/image.ashx?id=2929236&use=l&cat=p&typeid=i","cat":284641},{"id":186265,"n":"Lingettes bébé Harmonie Aqua Pampers - 48 lingettes","p":3.45,"u":"0,07 €/P","img":"https://fd8-photos.leclercdrive.fr/image.ashx?id=2805903&use=l&cat=p&typeid=i","cat":284738},{"id":186267,"n":"Lingettes bébé visage et mains Biolane - 64 lingettes","p":2.3,"u":"0,04 €/P","img":"https://fd8-photos.leclercdrive.fr/image.ashx?id=2876539&use=l&cat=p&typeid=i","cat":284738},{"id":186293,"n":"Répare crevaison Tech9 400ml","p":5.19,"u":"12,98 €/L","img":"https://fd8-photos.leclercdrive.fr/image.ashx?id=2527337&use=l&cat=p&typeid=i","cat":298252},{"id":186296,"n":"Lessive Capsules Skip Tout-en-1 Active Clean x38","p":13.35,"u":"16,56 €/KG","img":"https://fd8-photos.leclercdrive.fr/image.ashx?id=2757114&use=l&cat=p&typeid=i","cat":284641},{"id":186451,"n":"Vin Mousseux Kriter demi-sec 6x75cl","p":18.93,"u":"4,21 €/L","img":"https://fd8-photos.leclercdrive.fr/image.ashx?id=2837280&use=l&cat=p&typeid=i","cat":284544},{"id":186459,"n":"Pâtes Tortiglioni Panzani 500g","p":1.27,"u":"2,54 €/KG","img":"https://fd8-photos.leclercdrive.fr/image.ashx?id=2902951&use=l&cat=p&typeid=i","cat":284427},{"id":186466,"n":"Mayonnaise citron Bénédicta Bocal - 255g","p":2.22,"u":"8,71 €/KG","img":"https://fd8-photos.leclercdrive.fr/image.ashx?id=2828148&use=l&cat=p&typeid=i","cat":298295},{"id":186471,"n":"Gousses de vanille Madagascar Sainte Lucie - 5.4g","p":4.97,"u":"994,00 €/KG","img":"https://fd8-photos.leclercdrive.fr/image.ashx?id=2386569&use=l&cat=p&typeid=i","cat":284504},{"id":186526,"n":"AOP Graves blanc Chateau de Chantegrive 75cl","p":16.9,"u":"22,53 €/L","img":"https://fd8-photos.leclercdrive.fr/image.ashx?id=2389265&use=l&cat=p&typeid=i","cat":289557},{"id":186531,"n":"Lot de 3 culottes menstruelles  Feel Natural - x1","p":34.95,"img":"https://fd8-photos.leclercdrive.fr/image.ashx?id=2608250&use=l&cat=p&typeid=i","cat":284624},{"id":186657,"n":"Crème dessert Delisse Chocolat - 6x125g","p":1.42,"u":"1,89 €/KG","img":"https://fd8-photos.leclercdrive.fr/image.ashx?id=2441492&use=l&cat=p&typeid=i","cat":285041},{"id":186659,"n":"Crème dessert Delisse Vanille - 6x125g","p":1.33,"u":"1,77 €/KG","img":"https://fd8-photos.leclercdrive.fr/image.ashx?id=2441498&use=l&cat=p&typeid=i","cat":285041},{"id":186660,"n":"Dessert végétal soja Alpro  Citron et Citron Vert - 500g","p":1.98,"u":"3,96 €/KG","img":"https://fd8-photos.leclercdrive.fr/image.ashx?id=2977678&use=l&cat=p&typeid=i","cat":316071},{"id":186661,"n":"Crème dessert Delisse Caramel - 6x125g","p":1.39,"u":"1,85 €/KG","img":"https://fd8-photos.leclercdrive.fr/image.ashx?id=2441504&use=l&cat=p&typeid=i","cat":285041},{"id":186676,"n":"AOP Bordeaux rouge Château de Reignac - 75cl","p":19.75,"u":"26,33 €/L","img":"https://fd8-photos.leclercdrive.fr/image.ashx?id=2388015&use=l&cat=p&typeid=i","cat":289556},{"id":186686,"n":"Déodorant stick Homme Mennen Marine Sans Alcool - 60ml","p":3.21,"u":"53,50 €/L","img":"https://fd8-photos.leclercdrive.fr/image.ashx?id=2869107&use=l&cat=p&typeid=i","cat":284618},{"id":186688,"n":"Déodorant stick Homme Mennen Sans Alcool Anti-Traces - 60ml","p":3.21,"u":"53,50 €/L","img":"https://fd8-photos.leclercdrive.fr/image.ashx?id=2869110&use=l&cat=p&typeid=i","cat":284618},{"id":186690,"n":"AOP Haut médoc rouge Chateau Charmail - 75cl","p":17.95,"u":"23,93 €/L","img":"https://fd8-photos.leclercdrive.fr/image.ashx?id=2388060&use=l&cat=p&typeid=i","cat":289556},{"id":186717,"n":"Anti-transpirant 72h Rexona Men Cobalt Dry - Lot de 2","p":5.44,"u":"2,72 €/P","img":"https://fd8-photos.leclercdrive.fr/image.ashx?id=2944476&use=l&cat=p&typeid=i","cat":284618},{"id":186722,"n":"Anti-transparant 72h Rexona Invisible Pure - Lot de 2","p":5.33,"u":"13,33 €/L","img":"https://fd8-photos.leclercdrive.fr/image.ashx?id=2971784&use=l&cat=p&typeid=i","cat":284595},{"id":186809,"n":"AOP Santenay rouge premier cru Vieilles vignes - 75cl","p":24.08,"u":"32,11 €/L","img":"https://fd8-photos.leclercdrive.fr/image.ashx?id=2389800&use=l&cat=p&typeid=i","cat":289556},{"id":186844,"n":"AOP Champagne premier cru Brut Gaston Dericbourg - 75cl","p":24.52,"u":"32,69 €/L","img":"https://fd8-photos.leclercdrive.fr/image.ashx?id=2535037&use=l&cat=p&typeid=i","cat":289557},{"id":186853,"n":"Lessive Capsules Tout-en-1 Skip Touche de Cajoline 24 Lavages","p":10.27,"u":"20,18 €/KG","img":"https://fd8-photos.leclercdrive.fr/image.ashx?id=2956688&use=l&cat=p&typeid=i","cat":284641},{"id":186856,"n":"Lessive Capsules Skip Tout-en-1 Extra Détachant x24","p":11.16,"u":"21,93 €/KG","img":"https://fd8-photos.leclercdrive.fr/image.ashx?id=2956691&use=l&cat=p&typeid=i","cat":284641},{"id":186857,"n":"Lessive Capsules Skip Tout-en-1 Cajoline 36 Lavages","p":13.34,"u":"17,48 €/KG","img":"https://fd8-photos.leclercdrive.fr/image.ashx?id=2929239&use=l&cat=p&typeid=i","cat":284641},{"id":186859,"n":"AOP Chateau de Castres  Graves rouge 75cl","p":16.09,"u":"21,45 €/L","img":"https://fd8-photos.leclercdrive.fr/image.ashx?id=2390347&use=l&cat=p&typeid=i","cat":289556},{"id":186920,"n":"Tuiles Monster Munch Crazy Original - 150g","p":1.9,"u":"12,67 €/KG","img":"https://fd8-photos.leclercdrive.fr/image.ashx?id=2921735&use=l&cat=p&typeid=i","cat":287899},{"id":186923,"n":"Tuiles Monster Munch  Crazy crème oignon - 150g","p":2.0,"u":"13,33 €/KG","img":"https://fd8-photos.leclercdrive.fr/image.ashx?id=2916881&use=l&cat=p&typeid=i","cat":287899},{"id":186926,"n":"Tuiles Monster Munch Crazy paprika - 150g","p":2.01,"u":"13,40 €/KG","img":"https://fd8-photos.leclercdrive.fr/image.ashx?id=2955339&use=l&cat=p&typeid=i","cat":287899},{"id":186946,"n":"Mouliné Bio Village Bio - légumes variés  - 2x30cl","p":1.69,"u":"5,63 €/L","img":"https://fd8-photos.leclercdrive.fr/image.ashx?id=2404157&use=l&cat=p&typeid=i","cat":284462},{"id":186967,"n":"Dentifrice blancheur Colgate Max White Charbon Actif - 75ml","p":3.16,"u":"42,13 €/L","img":"https://fd8-photos.leclercdrive.fr/image.ashx?id=2829024&use=l&cat=p&typeid=i","cat":284612},{"id":187028,"n":"Crème de change bébé bio Mots d'enfants - 75ml","p":2.5,"u":"33,33 €/L","img":"https://fd8-photos.leclercdrive.fr/image.ashx?id=3014308&use=l&cat=p&typeid=i","cat":284741},{"id":187029,"n":"Coton-tiges ouatés Inell Boîte - x300 bâtonnets","p":0.73,"img":"https://fd8-photos.leclercdrive.fr/image.ashx?id=2824301&use=l&cat=p&typeid=i","cat":284636},{"id":187061,"n":"Chips Bret's Pesto Mozzarella 125g","p":1.45,"u":"11,60 €/KG","img":"https://fd8-photos.leclercdrive.fr/image.ashx?id=2629115&use=l&cat=p&typeid=i","cat":284447},{"id":187126,"n":"Crunch Chocolat Noël Moulage Renne - 88g","p":2.8,"u":"31,82 €/KG","img":"https://fd8-photos.leclercdrive.fr/image.ashx?id=2394096&use=l&cat=p&typeid=i","cat":327592},{"id":187238,"n":"Savon Le Petit Marseillais  Solide chevrefeuile-4x100g","p":2.12,"u":"5,30 €/KG","img":"https://fd8-photos.leclercdrive.fr/image.ashx?id=2684200&use=l&cat=p&typeid=i","cat":284597},{"id":187241,"n":"Savon Le Petit Marseillais  Solide amande douce - 2x100g","p":1.86,"u":"9,30 €/KG","img":"https://fd8-photos.leclercdrive.fr/image.ashx?id=2684203&use=l&cat=p&typeid=i","cat":284597},{"id":187247,"n":"Serviettes hygiéniques Always Cotton Protection Long - x9","p":3.07,"u":"0,34 €/P","img":"https://fd8-photos.leclercdrive.fr/image.ashx?id=2910225&use=l&cat=p&typeid=i","cat":284624},{"id":187249,"n":"Culottes incontinence 0%  Always Discreet - L - x8","p":10.38,"u":"1,30 €/P","img":"https://fd8-photos.leclercdrive.fr/image.ashx?id=2677552&use=l&cat=p&typeid=i","cat":284628},{"id":187282,"n":"Biscuits Oreo  3x246g","p":7.06,"u":"9,57 €/KG","img":"https://fd8-photos.leclercdrive.fr/image.ashx?id=2525735&use=l&cat=p&typeid=i","cat":284488},{"id":187287,"n":"Desserts Lactés P'TIT BRASSE Banane pêche 6M+ - 4x90g","p":2.04,"u":"5,67 €/KG","img":"https://fd8-photos.leclercdrive.fr/image.ashx?id=2616252&use=l&cat=p&typeid=i","cat":312392},{"id":187288,"n":"Desserts Lactés P'TIT BRASSE Poire SSA 6M+ - 4x90g","p":2.06,"u":"5,72 €/KG","img":"https://fd8-photos.leclercdrive.fr/image.ashx?id=2593050&use=l&cat=p&typeid=i","cat":312392},{"id":187330,"n":"Porto Tawny Dorrao 18°C - 75cl","p":6.42,"u":"8,56 €/L","img":"https://fd8-photos.leclercdrive.fr/image.ashx?id=2869877&use=l&cat=p&typeid=i","cat":284913},{"id":187336,"n":"Tarte chocolat noisette Biscuits Hafner - 500g","p":9.35,"u":"18,70 €/KG","img":"https://fd8-photos.leclercdrive.fr/image.ashx?id=2464132&use=l&cat=p&typeid=i","cat":284360},{"id":187337,"n":"Brownie  Biscuits Hafner - 350g","p":7.34,"u":"20,97 €/KG","img":"https://fd8-photos.leclercdrive.fr/image.ashx?id=2437653&use=l&cat=p&typeid=i","cat":284360},{"id":187341,"n":"Macarons fruités Biscuits Hafner x10 - 135g","p":6.76,"u":"50,07 €/KG","img":"https://fd8-photos.leclercdrive.fr/image.ashx?id=2395945&use=l&cat=p&typeid=i","cat":284360},{"id":187343,"n":"Bûche Pilpa Exquise 3 Chocolats - 535g","p":5.27,"u":"9,85 €/KG","img":"https://fd8-photos.leclercdrive.fr/image.ashx?id=2751027&use=l&cat=p&typeid=i","cat":284266},{"id":187344,"n":"Bûche Pilpa Caramel beurre salé - 535g","p":5.27,"u":"9,85 €/KG","img":"https://fd8-photos.leclercdrive.fr/image.ashx?id=2751036&use=l&cat=p&typeid=i","cat":284266},{"id":187348,"n":"Bûchettes Pilpa Les Délices Fraise Vanille Chocolat x6 354g","p":3.88,"u":"10,96 €/KG","img":"https://fd8-photos.leclercdrive.fr/image.ashx?id=2395930&use=l&cat=p&typeid=i","cat":284266},{"id":187352,"n":"Bûche Pilpa Caprices des Îles - 564g","p":5.27,"u":"9,34 €/KG","img":"https://fd8-photos.leclercdrive.fr/image.ashx?id=2749961&use=l&cat=p&typeid=i","cat":284266},{"id":187353,"n":"Bûchettes Pilpa Les Délices Chocolat x6 - 360g","p":3.52,"u":"9,78 €/KG","img":"https://fd8-photos.leclercdrive.fr/image.ashx?id=2395924&use=l&cat=p&typeid=i","cat":284266},{"id":187369,"n":"Escargots de Bourgogne Escal x60 - 336g","p":19.22,"u":"57,20 €/KG","img":"https://fd8-photos.leclercdrive.fr/image.ashx?id=2913241&use=l&cat=p&typeid=i","cat":319775},{"id":187392,"n":"Tagliatelle Lustucru Selection  Basilic - 300g","p":2.16,"u":"7,20 €/KG","img":"https://fd8-photos.leclercdrive.fr/image.ashx?id=2939490&use=l&cat=p&typeid=i","cat":333682},{"id":187395,"n":"Tortellini Lustucru Selection  Poulet Crème 300g","p":2.34,"u":"7,80 €/KG","img":"https://fd8-photos.leclercdrive.fr/image.ashx?id=2975212&use=l&cat=p&typeid=i","cat":333682},{"id":187411,"n":"Sélection de gambas sauvages Pescanova - 800g","p":24.9,"pp":16.43,"u":"20,54 €/KG","img":"https://fd8-photos.leclercdrive.fr/image.ashx?id=2395948&use=l&cat=p&typeid=i","cat":319787},{"id":187453,"n":"Thé noir Lipton Yellow x100 sachets - 200g","p":3.89,"u":"19,45 €/KG","img":"https://fd8-photos.leclercdrive.fr/image.ashx?id=2517655&use=l&cat=p&typeid=i","cat":293233},{"id":187454,"n":"Crème dessert Sojasun Caramel pointe de sel - 4x100g","p":1.71,"u":"4,28 €/KG","img":"https://fd8-photos.leclercdrive.fr/image.ashx?id=2397349&use=l&cat=p&typeid=i","cat":316071},{"id":187461,"n":"Préparation Tablier Blanc Fondant au chocolat - 320g","p":2.19,"u":"6,84 €/KG","img":"https://fd8-photos.leclercdrive.fr/image.ashx?id=2487500&use=l&cat=p&typeid=i","cat":284505},{"id":187462,"n":"Préparation Tablier Blanc Moelleux au chocolat - 435g","p":1.97,"u":"4,53 €/KG","img":"https://fd8-photos.leclercdrive.fr/image.ashx?id=2487503&use=l&cat=p&typeid=i","cat":284505},{"id":187488,"n":"Compote de fruits Materne Multi saveurs - 16x100g","p":6.19,"u":"3,87 €/KG","img":"https://fd8-photos.leclercdrive.fr/image.ashx?id=2729623&use=l&cat=p&typeid=i","cat":284508},{"id":187547,"n":"Moutarde Fine & Forte AMORA Flacon Souple - 460g","p":2.38,"u":"5,17 €/KG","img":"https://fd8-photos.leclercdrive.fr/image.ashx?id=2877271&use=l&cat=p&typeid=i","cat":288850},{"id":187576,"n":"Pâtes Coquillette Panzani Complètement Bon - 500G","p":1.28,"u":"2,56 €/KG","img":"https://fd8-photos.leclercdrive.fr/image.ashx?id=2902960&use=l&cat=p&typeid=i","cat":284427},{"id":187578,"n":"Pâtes Torti Panzani Complètement Bon - 500G","p":1.28,"u":"2,56 €/KG","img":"https://fd8-photos.leclercdrive.fr/image.ashx?id=2902963&use=l&cat=p&typeid=i","cat":284427},{"id":187690,"n":"Fond de teint L'Oréal Paris Infaillible 140 haute couvrance","p":14.45,"img":"https://fd8-photos.leclercdrive.fr/image.ashx?id=2735365&use=l&cat=p&typeid=i","cat":287029},{"id":187706,"n":"Madeleine Bonne Maman Citron - 300g","p":3.32,"u":"11,07 €/KG","img":"https://fd8-photos.leclercdrive.fr/image.ashx?id=2936227&use=l&cat=p&typeid=i","cat":284492},{"id":187707,"n":"Madeleine Bonne Maman Chocolat - 300g","p":3.63,"u":"12,10 €/KG","img":"https://fd8-photos.leclercdrive.fr/image.ashx?id=2957020&use=l&cat=p&typeid=i","cat":284492},{"id":187710,"n":"Petites madeleines St Michel Nature - 4x85g","p":2.5,"u":"7,35 €/KG","img":"https://fd8-photos.leclercdrive.fr/image.ashx?id=2936206&use=l&cat=p&typeid=i","cat":284492},{"id":187712,"n":"Cake moelleux St Michel 500g","p":2.7,"u":"5,40 €/KG","img":"https://fd8-photos.leclercdrive.fr/image.ashx?id=2399508&use=l&cat=p&typeid=i","cat":284493},{"id":187719,"n":"Biscuit Chocorico St Michel 225g","p":1.94,"u":"8,62 €/KG","img":"https://fd8-photos.leclercdrive.fr/image.ashx?id=2949994&use=l&cat=p&typeid=i","cat":284488},{"id":187808,"n":"Haricots rouges D'aucy  2x125g","p":1.7,"u":"6,80 €/KG","img":"https://fd8-photos.leclercdrive.fr/image.ashx?id=2861933&use=l&cat=p&typeid=i","cat":312606},{"id":187924,"n":"Ciboulette Sainte Lucie Tibulaire - 10g","p":2.25,"u":"225,00 €/KG","img":"https://fd8-photos.leclercdrive.fr/image.ashx?id=2774448&use=l&cat=p&typeid=i","cat":298297},{"id":187925,"n":"Sucre vanilline Sainte Lucie 5 sachets","p":0.47,"u":"12,37 €/KG","img":"https://fd8-photos.leclercdrive.fr/image.ashx?id=2776127&use=l&cat=p&typeid=i","cat":284504},{"id":187929,"n":"Nouilles Sautées Yakisoba Classique - 93g","p":1.95,"u":"20,97 €/KG","img":"https://fd8-photos.leclercdrive.fr/image.ashx?id=2536140&use=l&cat=p&typeid=i","cat":288992},{"id":187930,"n":"Nouilles Sautées Yakisoba Poulet - 93g","p":1.96,"u":"21,08 €/KG","img":"https://fd8-photos.leclercdrive.fr/image.ashx?id=2536143&use=l&cat=p&typeid=i","cat":288992},{"id":187931,"n":"Nouilles Sautées Yakisoba Curry - 93g","p":2.04,"u":"21,94 €/KG","img":"https://fd8-photos.leclercdrive.fr/image.ashx?id=2536146&use=l&cat=p&typeid=i","cat":288992},{"id":187932,"n":"Nouilles sautées Yakisoba Boeuf - 93g","p":1.93,"u":"20,75 €/KG","img":"https://fd8-photos.leclercdrive.fr/image.ashx?id=3004423&use=l&cat=p&typeid=i","cat":288992},{"id":187933,"n":"Nouilles sautées Yakisoba  BBQ - 93g","p":1.97,"u":"21,18 €/KG","img":"https://fd8-photos.leclercdrive.fr/image.ashx?id=2536152&use=l&cat=p&typeid=i","cat":288992},{"id":187934,"n":"Nouilles sautées Yakisoba Pad Thai - 93g","p":1.96,"u":"21,08 €/KG","img":"https://fd8-photos.leclercdrive.fr/image.ashx?id=2536155&use=l&cat=p&typeid=i","cat":288992},{"id":187986,"n":"Déodorant stick Mennen  Homme intraçable 72h - 60ml","p":4.11,"u":"68,50 €/L","img":"https://fd8-photos.leclercdrive.fr/image.ashx?id=2402346&use=l&cat=p&typeid=i","cat":284618},{"id":187987,"n":"Déodorant stick Homme Mennen 24H Musk Sans Alcool - 60ml","p":3.21,"u":"53,50 €/L","img":"https://fd8-photos.leclercdrive.fr/image.ashx?id=2869113&use=l&cat=p&typeid=i","cat":284618},{"id":187989,"n":"Lait corps hydratant Mixa Raffermissant  - 250ml","p":4.27,"u":"17,08 €/L","img":"https://fd8-photos.leclercdrive.fr/image.ashx?id=2402358&use=l&cat=p&typeid=i","cat":325349},{"id":187990,"n":"Lait Corps Réparateur Mixa Peau abîmée desséchée - 300ml","p":3.99,"u":"13,30 €/L","img":"https://fd8-photos.leclercdrive.fr/image.ashx?id=2908186&use=l&cat=p&typeid=i","cat":325349},{"id":187999,"n":"Lait Corps réparateur Mixa Peaux desséchées - 300ml","p":3.65,"u":"12,17 €/L","img":"https://fd8-photos.leclercdrive.fr/image.ashx?id=2402394&use=l&cat=p&typeid=i","cat":325349},{"id":188000,"n":"Epices curry Sainte Lucie 40g","p":2.24,"u":"56,00 €/KG","img":"https://fd8-photos.leclercdrive.fr/image.ashx?id=2996590&use=l&cat=p&typeid=i","cat":298297},{"id":188001,"n":"Gel coiffant Vivelle DOP Fixation Extrême - 190ml","p":3.63,"u":"19,11 €/L","img":"https://fd8-photos.leclercdrive.fr/image.ashx?id=2402403&use=l&cat=p&typeid=i","cat":284609},{"id":188002,"n":"Gingembre moulu Sainte Lucie 32g","p":2.84,"u":"88,75 €/KG","img":"https://fd8-photos.leclercdrive.fr/image.ashx?id=2774373&use=l&cat=p&typeid=i","cat":298297},{"id":188003,"n":"Gel Coiffant Béton Dop Vivelle Fixation 24h - 190ml","p":3.63,"u":"19,11 €/L","img":"https://fd8-photos.leclercdrive.fr/image.ashx?id=2402406&use=l&cat=p&typeid=i","cat":284609},{"id":188005,"n":"Quatre épices Sainte Lucie  35g","p":2.22,"u":"63,43 €/KG","img":"https://fd8-photos.leclercdrive.fr/image.ashx?id=2774436&use=l&cat=p&typeid=i","cat":298297},{"id":188010,"n":"Lait corps nutritif Mixa A l'huile de karité - 250ml","p":3.98,"u":"15,92 €/L","img":"https://fd8-photos.leclercdrive.fr/image.ashx?id=2402361&use=l&cat=p&typeid=i","cat":325349},{"id":188011,"n":"Tablette de chocolat Lindt Lait noisettes - 2x100g","p":4.71,"u":"23,55 €/KG","img":"https://fd8-photos.leclercdrive.fr/image.ashx?id=2654614&use=l&cat=p&typeid=i","cat":284497},{"id":188013,"n":"Tablette de chocolat Lindt Lait extra fin - 3x100g","p":5.77,"u":"19,23 €/KG","img":"https://fd8-photos.leclercdrive.fr/image.ashx?id=2655853&use=l&cat=p&typeid=i","cat":284497},{"id":188015,"n":"Cœurs de palmier D'aucy  125g","p":4.1,"u":"18,64 €/KG","img":"https://fd8-photos.leclercdrive.fr/image.ashx?id=2401369&use=l&cat=p&typeid=i","cat":312611},{"id":188168,"n":"Féta AOP Salakis Fromage brebis et chèvre - 150g","p":2.87,"u":"19,13 €/KG","img":"https://fd8-photos.leclercdrive.fr/image.ashx?id=2879128&use=l&cat=p&typeid=i","cat":314026},{"id":188293,"n":"Moutarde Amora Mi-forte - 260g","p":2.3,"u":"8,85 €/KG","img":"https://fd8-photos.leclercdrive.fr/image.ashx?id=3005398&use=l&cat=p&typeid=i","cat":288850},{"id":188295,"n":"Jambon Le Bon Paris Herta À l'étouffée x4 - 170g","p":2.1,"u":"12,35 €/KG","img":"https://fd8-photos.leclercdrive.fr/image.ashx?id=2731390&use=l&cat=p&typeid=i","cat":316009},{"id":188296,"n":"Jambon Le Bon Paris Herta À l'étouffée x6 - 255g","p":2.95,"u":"11,57 €/KG","img":"https://fd8-photos.leclercdrive.fr/image.ashx?id=2418720&use=l&cat=p&typeid=i","cat":316009},{"id":188297,"n":"Jambon Le Bon Paris Herta À l'étouffée x8 - 340g","p":3.86,"u":"11,35 €/KG","img":"https://fd8-photos.leclercdrive.fr/image.ashx?id=2921519&use=l&cat=p&typeid=i","cat":316009},{"id":188299,"n":"Jambon Le Bon Paris Herta À l'étouffée x10 - 425g","p":4.77,"u":"11,22 €/KG","img":"https://fd8-photos.leclercdrive.fr/image.ashx?id=2757599&use=l&cat=p&typeid=i","cat":316009},{"id":188418,"n":"Ail Eco+ Filet 250g","p":1.99,"u":"7,96 €/KG","img":"https://fd8-photos.leclercdrive.fr/image.ashx?id=2919586&use=l&cat=p&typeid=i","cat":284352},{"id":188631,"n":"Aubergine  1kg","p":2.89,"u":"2,89 €/KG","img":"https://fd8-photos.leclercdrive.fr/image.ashx?id=1631409&use=l&cat=p&typeid=i","cat":284352},{"id":188706,"n":"Aubergine Bio Bio Village x2","p":2.99,"u":"1,50 €/P","img":"https://fd8-photos.leclercdrive.fr/image.ashx?id=2928333&use=l&cat=p&typeid=i","cat":284352},{"id":188718,"n":"Avocat Bio Bio Village En barquette x2","p":3.59,"u":"1,80 €/P","img":"https://fd8-photos.leclercdrive.fr/image.ashx?id=2551984&use=l&cat=p&typeid=i","cat":284352},{"id":188723,"n":"Avocats mûrs à point  Panier du Primeur x2","p":3.39,"u":"1,70 €/P","img":"https://fd8-photos.leclercdrive.fr/image.ashx?id=2373012&use=l&cat=p&typeid=i","cat":284352},{"id":188739,"n":"Avocats Eco+ Filet x3","p":1.99,"u":"0,66 €/P","img":"https://fd8-photos.leclercdrive.fr/image.ashx?id=2373009&use=l&cat=p&typeid=i","cat":284352},{"id":188796,"n":"Bananes Panier du Primeur x5","p":1.69,"u":"0,34 €/P","img":"https://fd8-photos.leclercdrive.fr/image.ashx?id=2302456&use=l&cat=p&typeid=i","cat":284356},{"id":188808,"n":"Banane Bio Max Havelaar  Bio Village x5","p":1.99,"u":"0,40 €/P","img":"https://fd8-photos.leclercdrive.fr/image.ashx?id=2323988&use=l&cat=p&typeid=i","cat":284356},{"id":189003,"n":"Carotte fane la botte   1p","p":2.0,"img":"https://fd8-photos.leclercdrive.fr/image.ashx?id=1632695&use=l&cat=p&typeid=i","cat":284352},{"id":189021,"n":"Carotte Bio Bio Village 1kg","p":1.89,"u":"1,89 €/KG","img":"https://fd8-photos.leclercdrive.fr/image.ashx?id=1457160&use=l&cat=p&typeid=i","cat":284352},{"id":189757,"n":"Citrons bio Bio Village Sachet x4","p":1.99,"u":"0,50 €/P","img":"https://fd8-photos.leclercdrive.fr/image.ashx?id=2805063&use=l&cat=p&typeid=i","cat":284356},{"id":189759,"n":"Citrons verts Panier du Primeur 500g","p":1.99,"u":"3,98 €/KG","img":"https://fd8-photos.leclercdrive.fr/image.ashx?id=2373018&use=l&cat=p&typeid=i","cat":284356},{"id":189924,"n":"Concombre 1p","p":2.05,"img":"https://fd8-photos.leclercdrive.fr/image.ashx?id=1631895&use=l&cat=p&typeid=i","cat":284352},{"id":190011,"n":"Tomates cerises mélangées Barquette 400g","p":2.0,"u":"5,00 €/KG","img":"https://fd8-photos.leclercdrive.fr/image.ashx?id=1633238&use=l&cat=p&typeid=i","cat":284352},{"id":190321,"n":"Courgette Eco+ 1kg","p":2.49,"u":"2,49 €/KG","img":"https://fd8-photos.leclercdrive.fr/image.ashx?id=2625692&use=l&cat=p&typeid=i","cat":284352},{"id":190491,"n":"Echalotes Eco+ Filet 500g","p":1.19,"u":"2,38 €/KG","img":"https://fd8-photos.leclercdrive.fr/image.ashx?id=2777946&use=l&cat=p&typeid=i","cat":284352},{"id":190581,"n":"Épinards à cuire Panier Primeur 400g","p":1.99,"u":"4,98 €/KG","img":"https://fd8-photos.leclercdrive.fr/image.ashx?id=2715994&use=l&cat=p&typeid=i","cat":284353},{"id":190899,"n":"Tomates rondes Eco+ Filet 1kg","p":1.89,"u":"1,89 €/KG","img":"https://fd8-photos.leclercdrive.fr/image.ashx?id=2769420&use=l&cat=p&typeid=i","cat":284352},{"id":191139,"n":"Patate douce bio Bio Village 500g","p":2.49,"u":"4,98 €/KG","img":"https://fd8-photos.leclercdrive.fr/image.ashx?id=2934805&use=l&cat=p&typeid=i","cat":284352},{"id":191586,"n":"Pomme de terre rouge Vapeur  Sautées Panier du Primeur - 2kg","p":2.29,"u":"1,15 €/KG","img":"https://fd8-photos.leclercdrive.fr/image.ashx?id=2959638&use=l&cat=p&typeid=i","cat":284352},{"id":191661,"n":"Pommes de terre Bio Bio Village Vapeur et sautées  - 1.5kg","p":2.99,"u":"1,99 €/KG","img":"https://fd8-photos.leclercdrive.fr/image.ashx?id=2960535&use=l&cat=p&typeid=i","cat":284352},{"id":191748,"n":"Pomme de terre Bio Bio Village Four Potage - 1.5kg","p":2.99,"u":"1,99 €/KG","img":"https://fd8-photos.leclercdrive.fr/image.ashx?id=2959752&use=l&cat=p&typeid=i","cat":284352},{"id":191969,"n":"Pomme de terre de consommation Eco+ 5kg","p":2.99,"u":"0,60 €/KG","img":"https://fd8-photos.leclercdrive.fr/image.ashx?id=2888926&use=l&cat=p&typeid=i","cat":284352},{"id":192024,"n":"Pomme de terre filière vapeur  sautées Panier du Primeur - 2kg","p":2.29,"u":"1,15 €/KG","img":"https://fd8-photos.leclercdrive.fr/image.ashx?id=2959644&use=l&cat=p&typeid=i","cat":284352},{"id":192033,"n":"Pomme de terre Panier Primeur Micro-ondes - 750g","p":1.79,"u":"2,39 €/KG","img":"https://fd8-photos.leclercdrive.fr/image.ashx?id=2649903&use=l&cat=p&typeid=i","cat":284352},{"id":192060,"n":"Pommes de terre Grenailles  Panier du Primeur - 1kg","p":1.99,"u":"1,99 €/KG","img":"https://fd8-photos.leclercdrive.fr/image.ashx?id=2233214&use=l&cat=p&typeid=i","cat":284352},{"id":192316,"n":"Pommes Pink Lady Barquette x6","p":2.99,"u":"0,50 €/P","img":"https://fd8-photos.leclercdrive.fr/image.ashx?id=2121671&use=l&cat=p&typeid=i","cat":284356},{"id":192342,"n":"Pommes Canada  1kg","p":2.68,"u":"2,68 €/KG","img":"https://fd8-photos.leclercdrive.fr/image.ashx?id=1631137&use=l&cat=p&typeid=i","cat":284356},{"id":192544,"n":"Pomme jaune bio Bio Village x4","p":1.99,"u":"0,50 €/P","img":"https://fd8-photos.leclercdrive.fr/image.ashx?id=2556544&use=l&cat=p&typeid=i","cat":284356},{"id":192639,"n":"Pommes bicolores Panier du Primeur Barquette x6","p":2.49,"u":"0,42 €/P","img":"https://fd8-photos.leclercdrive.fr/image.ashx?id=2553920&use=l&cat=p&typeid=i","cat":284356},{"id":192750,"n":"Pommes jaunes Eco+ Sachet 2kg","p":2.99,"u":"1,50 €/KG","img":"https://fd8-photos.leclercdrive.fr/image.ashx?id=2441890&use=l&cat=p&typeid=i","cat":284356},{"id":193449,"n":"Haricot vert 500g","p":1.9,"u":"3,80 €/KG","img":"https://fd8-photos.leclercdrive.fr/image.ashx?id=1634297&use=l&cat=p&typeid=i","cat":284352},{"id":193533,"n":"Kiwis Bio Bio Village x6","p":3.49,"u":"0,58 €/P","img":"https://fd8-photos.leclercdrive.fr/image.ashx?id=2556443&use=l&cat=p&typeid=i","cat":284356},{"id":193590,"n":"Kiwis jaunes 4p","p":3.99,"img":"https://fd8-photos.leclercdrive.fr/image.ashx?id=1633952&use=l&cat=p&typeid=i","cat":284356},{"id":193824,"n":"Mandarines Panier du Primeur Filet 1.5kg","p":3.99,"u":"2,66 €/KG","img":"https://fd8-photos.leclercdrive.fr/image.ashx?id=2922433&use=l&cat=p&typeid=i","cat":284356},{"id":194064,"n":"Jambon Le Bon Paris Herta  sans nitrite x6 - 210g","p":3.46,"u":"16,48 €/KG","img":"https://fd8-photos.leclercdrive.fr/image.ashx?id=2731396&use=l&cat=p&typeid=i","cat":316009},{"id":194071,"n":"Jambon Le Bon Paris Herta -25% de sel x2 - 70g","p":1.48,"u":"21,14 €/KG","img":"https://fd8-photos.leclercdrive.fr/image.ashx?id=2405899&use=l&cat=p&typeid=i","cat":316009},{"id":194073,"n":"Jambon Le Bon Paris Herta -25% de sel x4 - 140g","p":2.39,"u":"17,07 €/KG","img":"https://fd8-photos.leclercdrive.fr/image.ashx?id=2995067&use=l&cat=p&typeid=i","cat":316009},{"id":194075,"n":"Jambon Le Bon Paris Herta -25%  de sel sans nitrite x4 - 140g","p":2.61,"u":"18,64 €/KG","img":"https://fd8-photos.leclercdrive.fr/image.ashx?id=2910124&use=l&cat=p&typeid=i","cat":316009},{"id":194078,"n":"Jambon Le Bon Paris Herta Fumé x4 - 140g","p":2.47,"u":"17,64 €/KG","img":"https://fd8-photos.leclercdrive.fr/image.ashx?id=2918664&use=l&cat=p&typeid=i","cat":316009},{"id":194081,"n":"Jambon Le Bon Paris Fumé Herta sans nitrite x4 - 140g","p":2.77,"u":"19,79 €/KG","img":"https://fd8-photos.leclercdrive.fr/image.ashx?id=2881807&use=l&cat=p&typeid=i","cat":316009},{"id":194297,"n":"Tranches de fromage Leerdammer L'Original - 8 Tranches - 200g","p":2.45,"u":"12,25 €/KG","img":"https://fd8-photos.leclercdrive.fr/image.ashx?id=2489199&use=l&cat=p&typeid=i","cat":314028},{"id":194298,"n":"Tranches de fromage Leerdammer L'Original - 16 Tranches - 400g","p":4.62,"u":"11,55 €/KG","img":"https://fd8-photos.leclercdrive.fr/image.ashx?id=2489196&use=l&cat=p&typeid=i","cat":314028},{"id":194299,"n":"Tranches de fromage Leerdammer Le Moelleux-10 Tranches-250g","p":3.85,"u":"15,40 €/KG","img":"https://fd8-photos.leclercdrive.fr/image.ashx?id=2507599&use=l&cat=p&typeid=i","cat":314028},{"id":194301,"n":"Tranches de fromage Leerdammer L'Original - 12 Tranches - 300g","p":3.58,"u":"11,93 €/KG","img":"https://fd8-photos.leclercdrive.fr/image.ashx?id=2507602&use=l&cat=p&typeid=i","cat":314028},{"id":194310,"n":"Bonbons KINDER Schoko-Bons Chocolat blanc - 200G","p":3.85,"u":"19,25 €/KG","img":"https://fd8-photos.leclercdrive.fr/image.ashx?id=2406265&use=l&cat=p&typeid=i","cat":304238},{"id":194644,"n":"Saucisson sec  Salaisonniers du Pilat - 300g","p":7.6,"u":"25,33 €/KG","img":"https://fd8-photos.leclercdrive.fr/image.ashx?id=2872907&use=l&cat=p&typeid=i","cat":316006},{"id":194647,"n":"Cacao cru noir Ethiquable 70% Equateur - Bio - 80g","p":4.98,"u":"62,25 €/KG","img":"https://fd8-photos.leclercdrive.fr/image.ashx?id=2870977&use=l&cat=p&typeid=i","cat":284956},{"id":194699,"n":"Lait Corps Nourissant Mixa Effet Soleil - 250ml","p":4.59,"u":"18,36 €/L","img":"https://fd8-photos.leclercdrive.fr/image.ashx?id=2409379&use=l&cat=p&typeid=i","cat":325349},{"id":195892,"n":"Mini brownie chocolat St Michel - 8x240g","p":2.68,"u":"11,17 €/KG","img":"https://fd8-photos.leclercdrive.fr/image.ashx?id=2936209&use=l&cat=p&typeid=i","cat":294776},{"id":195960,"n":"Coton-tiges bébé Mots d'Enfants Bio - x60","p":0.65,"u":"0,01 €/P","img":"https://fd8-photos.leclercdrive.fr/image.ashx?id=3015129&use=l&cat=p&typeid=i","cat":284739},{"id":195965,"n":"Mascara waterproof Maybelline Sky High volume & longueur Noir","p":9.45,"img":"https://fd8-photos.leclercdrive.fr/image.ashx?id=2833153&use=l&cat=p&typeid=i","cat":287029},{"id":195969,"n":"Mascara Telescopic L'Oréal  Noir - x1","p":13.21,"img":"https://fd8-photos.leclercdrive.fr/image.ashx?id=2997046&use=l&cat=p&typeid=i","cat":287029},{"id":195972,"n":"Mascara L'Oréal Paris  Pro XXL effet rehaussement cils","p":13.51,"img":"https://fd8-photos.leclercdrive.fr/image.ashx?id=2412837&use=l&cat=p&typeid=i","cat":287029},{"id":195981,"n":"Liquide vaisselle Excel Paic Anti-odeur actif à froid -500ml","p":2.12,"u":"4,24 €/L","img":"https://fd8-photos.leclercdrive.fr/image.ashx?id=2413176&use=l&cat=p&typeid=i","cat":284655},{"id":195983,"n":"Liquide vaisselle Excel Paic Dégraissant actif à froid 500ml","p":1.92,"u":"3,84 €/L","img":"https://fd8-photos.leclercdrive.fr/image.ashx?id=2413182&use=l&cat=p&typeid=i","cat":284655},{"id":195985,"n":"Mascara Volume L'Oréal Paris Pro Xxl Effet Faux Cils","p":12.79,"img":"https://fd8-photos.leclercdrive.fr/image.ashx?id=2412840&use=l&cat=p&typeid=i","cat":287029},{"id":196116,"n":"Jambon Le Bon Paris Herta  -25% Sel x6 - 210g","p":2.78,"u":"13,24 €/KG","img":"https://fd8-photos.leclercdrive.fr/image.ashx?id=2707750&use=l&cat=p&typeid=i","cat":316009},{"id":196120,"n":"Jambon Le Bon Paris Herta Broche x4 - 140g","p":2.72,"u":"19,43 €/KG","img":"https://fd8-photos.leclercdrive.fr/image.ashx?id=3008158&use=l&cat=p&typeid=i","cat":316009},{"id":196123,"n":"Eyeliner L'Oréal Paris  Infaillible Waterproof Noir","p":9.0,"img":"https://fd8-photos.leclercdrive.fr/image.ashx?id=2419179&use=l&cat=p&typeid=i","cat":287029},{"id":196165,"n":"Barre de céréales Nature Valley Crunchy chocolat lait X8-160g","p":2.88,"u":"18,00 €/KG","img":"https://fd8-photos.leclercdrive.fr/image.ashx?id=2754465&use=l&cat=p&typeid=i","cat":300032},{"id":196175,"n":"Capsules Starbucks by Nespresso  House Blend Int 8 - x18","p":6.19,"u":"60,10 €/KG","img":"https://fd8-photos.leclercdrive.fr/image.ashx?id=3009113&use=l&cat=p&typeid=i","cat":284749},{"id":196176,"n":"Capsules Starbucks by Nespresso  Espresso Roast Int 11 - x18","p":6.13,"u":"59,51 €/KG","img":"https://fd8-photos.leclercdrive.fr/image.ashx?id=2737144&use=l&cat=p&typeid=i","cat":284749},{"id":196241,"n":"Jambon supérieur Eco+ Sans couenne 4 tranches - 160g","p":1.38,"u":"8,63 €/KG","img":"https://fd8-photos.leclercdrive.fr/image.ashx?id=2744407&use=l&cat=p&typeid=i","cat":316009},{"id":196266,"n":"Mousse à Raser 0% Alcool Mennen Peaux sensibles - 250ml","p":2.28,"u":"9,12 €/L","img":"https://fd8-photos.leclercdrive.fr/image.ashx?id=2661733&use=l&cat=p&typeid=i","cat":284617},{"id":196267,"n":"Mousse à Raser 0% Alcool Mennen Hypoallergénique - 250ml","p":2.28,"u":"9,12 €/L","img":"https://fd8-photos.leclercdrive.fr/image.ashx?id=2661736&use=l&cat=p&typeid=i","cat":284617},{"id":196278,"n":"Crème à récurer CIF Citron CleanBoost 101 Usages 750ml","p":2.66,"u":"3,55 €/L","img":"https://fd8-photos.leclercdrive.fr/image.ashx?id=2948540&use=l&cat=p&typeid=i","cat":325357},{"id":196280,"n":"Couches Jumbo Biolane Taille 5 - x40","p":17.44,"u":"0,44 €/P","img":"https://fd8-photos.leclercdrive.fr/image.ashx?id=2876527&use=l&cat=p&typeid=i","cat":284737},{"id":196320,"n":"Jambon supérieur Eco+ Avec couenne 6 tranches - 240g","p":2.14,"u":"8,92 €/KG","img":"https://fd8-photos.leclercdrive.fr/image.ashx?id=2706553&use=l&cat=p&typeid=i","cat":316009},{"id":196321,"n":"Jambon supérieur Eco+ Sans couenne 6 tranches - 240g","p":2.09,"u":"8,71 €/KG","img":"https://fd8-photos.leclercdrive.fr/image.ashx?id=2706556&use=l&cat=p&typeid=i","cat":316009},{"id":196372,"n":"Boîte de chocolats Kinder Happy Moments - 231g","p":6.37,"u":"27,58 €/KG","img":"https://fd8-photos.leclercdrive.fr/image.ashx?id=3011899&use=l&cat=p&typeid=i","cat":327592},{"id":196374,"n":"Bueno eggs kinder Chocolat - 140g","p":5.35,"u":"38,21 €/KG","img":"https://fd8-photos.leclercdrive.fr/image.ashx?id=2764353&use=l&cat=p&typeid=i","cat":327592},{"id":196376,"n":"Mix boite sélection  Kinder Chocolat - 174g","p":6.82,"u":"39,20 €/KG","img":"https://fd8-photos.leclercdrive.fr/image.ashx?id=2799656&use=l&cat=p&typeid=i","cat":327592},{"id":196378,"n":"Boîte chocolats Ferrero Rocher x16 pralines - 200g","p":5.58,"u":"27,90 €/KG","img":"https://fd8-photos.leclercdrive.fr/image.ashx?id=2963841&use=l&cat=p&typeid=i","cat":327600},{"id":196379,"n":"Boîte chocolats Ferrero Rocher x30 pralines - 375g","p":7.97,"u":"21,25 €/KG","img":"https://fd8-photos.leclercdrive.fr/image.ashx?id=2938091&use=l&cat=p&typeid=i","cat":327600},{"id":196423,"n":"Mini roc Côte d'Or Mix - 195g","p":7.49,"u":"38,41 €/KG","img":"https://fd8-photos.leclercdrive.fr/image.ashx?id=2427491&use=l&cat=p&typeid=i","cat":327595},{"id":196428,"n":"Coffret papier cadeaux Esquisse Motifs divers - 4 rouleaux","p":3.95,"u":"0,99 €/P","img":"https://fd8-photos.leclercdrive.fr/image.ashx?id=2419912&use=l&cat=p&typeid=i","cat":335914},{"id":196431,"n":"Beurre Nature de Breton  Demi-sel - 80% MG - 250g","p":2.65,"u":"10,60 €/KG","img":"https://fd8-photos.leclercdrive.fr/image.ashx?id=2872042&use=l&cat=p&typeid=i","cat":284379},{"id":196439,"n":"Beurre Nature de Breton Doux - 82% MG - 250g","p":2.64,"u":"10,56 €/KG","img":"https://fd8-photos.leclercdrive.fr/image.ashx?id=2872039&use=l&cat=p&typeid=i","cat":284379},{"id":196452,"n":"Authentique Revillon  Pralinés - 360g","p":9.49,"u":"26,36 €/KG","img":"https://fd8-photos.leclercdrive.fr/image.ashx?id=2662000&use=l&cat=p&typeid=i","cat":327597},{"id":196454,"n":"Authentique Revillon  Noir - 360g","p":8.77,"u":"24,36 €/KG","img":"https://fd8-photos.leclercdrive.fr/image.ashx?id=2661997&use=l&cat=p&typeid=i","cat":327597},{"id":196476,"n":"Panettone premium Motta Poire chocolat - 750g","p":15.41,"u":"20,55 €/KG","img":"https://fd8-photos.leclercdrive.fr/image.ashx?id=2679269&use=l&cat=p&typeid=i","cat":327607},{"id":196488,"n":"Authentique Revillon Chocolat  Lait Voie Lactée - 360g","p":7.68,"u":"21,33 €/KG","img":"https://fd8-photos.leclercdrive.fr/image.ashx?id=2662116&use=l&cat=p&typeid=i","cat":327597},{"id":196500,"n":"Authentique Révillon Noir Lait et Blanc - 360g","p":9.49,"u":"26,36 €/KG","img":"https://fd8-photos.leclercdrive.fr/image.ashx?id=2661994&use=l&cat=p&typeid=i","cat":327597},{"id":196525,"n":"Guimauves au chocolat Révillon  Noir & lait  - 300g","p":11.49,"u":"38,30 €/KG","img":"https://fd8-photos.leclercdrive.fr/image.ashx?id=2662119&use=l&cat=p&typeid=i","cat":327597},{"id":196526,"n":"Papillotes Révillon Pâtes de   fruits de nos région - 370g","p":11.49,"u":"31,05 €/KG","img":"https://fd8-photos.leclercdrive.fr/image.ashx?id=2662122&use=l&cat=p&typeid=i","cat":327597},{"id":196566,"n":"Fromage de Chèvre Chavroux Frais Nature - 150g","p":2.07,"u":"13,80 €/KG","img":"https://fd8-photos.leclercdrive.fr/image.ashx?id=2912161&use=l&cat=p&typeid=i","cat":314031},{"id":196616,"n":"Déodorant bille 24h Adidas Instant cool - 50ml","p":3.57,"u":"71,40 €/L","img":"https://fd8-photos.leclercdrive.fr/image.ashx?id=2474644&use=l&cat=p&typeid=i","cat":284618},{"id":196617,"n":"Déodorant spray 24h Adidas Compressé - Instant cool -100ml","p":3.64,"u":"36,40 €/L","img":"https://fd8-photos.leclercdrive.fr/image.ashx?id=2474647&use=l&cat=p&typeid=i","cat":284618},{"id":196620,"n":"Housse de lavage Elephant Neo - x1","p":8.79,"img":"https://fd8-photos.leclercdrive.fr/image.ashx?id=2570424&use=l&cat=p&typeid=i","cat":284669},{"id":196625,"n":"Coffret 15 marqueurs peinture Posca","p":42.5,"img":"https://fd8-photos.leclercdrive.fr/image.ashx?id=2965073&use=l&cat=p&typeid=i","cat":334381},{"id":196647,"n":"Spray dégraissant Chanteclair Universel Marseille - 600ml","p":2.33,"u":"3,88 €/L","img":"https://fd8-photos.leclercdrive.fr/image.ashx?id=2419743&use=l&cat=p&typeid=i","cat":325357},{"id":196685,"n":"Pizza Numero Uno Italpizza Margherita - 410g","p":3.71,"u":"9,05 €/KG","img":"https://fd8-photos.leclercdrive.fr/image.ashx?id=2419752&use=l&cat=p&typeid=i","cat":284256},{"id":196688,"n":"Pizza Numero Uno Italpizza Salamino - 410g","p":4.15,"u":"10,12 €/KG","img":"https://fd8-photos.leclercdrive.fr/image.ashx?id=2419755&use=l&cat=p&typeid=i","cat":284256},{"id":196727,"n":"Whisky Johnnie Walker 40% vol - 70cl","p":23.95,"u":"34,21 €/L","img":"https://fd8-photos.leclercdrive.fr/image.ashx?id=2420015&use=l&cat=p&typeid=i","cat":284547},{"id":196798,"n":"Lait en poudre Picot  1er âge - 850g","p":18.15,"u":"21,35 €/KG","img":"https://fd8-photos.leclercdrive.fr/image.ashx?id=2925421&use=l&cat=p&typeid=i","cat":284726},{"id":196799,"n":"Lait en poudre Picot 2ème âge - 850g","p":14.81,"u":"17,42 €/KG","img":"https://fd8-photos.leclercdrive.fr/image.ashx?id=2925424&use=l&cat=p&typeid=i","cat":284727},{"id":196800,"n":"Lait de croissance Picot 3ème âge - 850g","p":11.83,"u":"13,92 €/KG","img":"https://fd8-photos.leclercdrive.fr/image.ashx?id=2925427&use=l&cat=p&typeid=i","cat":290219},{"id":196820,"n":"Sucre Vanillé Sainte Lucie  Bourbon - x5","p":2.17,"u":"57,11 €/KG","img":"https://fd8-photos.leclercdrive.fr/image.ashx?id=2421132&use=l&cat=p&typeid=i","cat":284504},{"id":196827,"n":"Poivre noir Sainte Lucie Tellicherry - 46g","p":4.76,"u":"103,48 €/KG","img":"https://fd8-photos.leclercdrive.fr/image.ashx?id=2968163&use=l&cat=p&typeid=i","cat":284457},{"id":196829,"n":"Poivre rouge Sainte Lucie Kampot - 52g","p":7.57,"u":"145,58 €/KG","img":"https://fd8-photos.leclercdrive.fr/image.ashx?id=2421147&use=l&cat=p&typeid=i","cat":284457},{"id":196856,"n":"Croquettes chat Purina One Chat stérilisé sensible - 1.5kg","p":7.56,"u":"5,04 €/KG","img":"https://fd8-photos.leclercdrive.fr/image.ashx?id=2488085&use=l&cat=p&typeid=i","cat":284680},{"id":196965,"n":"Liqueur de menthe Get 27 17,9° - 70cl","p":12.46,"u":"17,80 €/L","img":"https://fd8-photos.leclercdrive.fr/image.ashx?id=2835565&use=l&cat=p&typeid=i","cat":286032},{"id":196989,"n":"Assortiment compotes x Materne  Pomme Poire banane mangue 100g","p":6.19,"u":"3,87 €/KG","img":"https://fd8-photos.leclercdrive.fr/image.ashx?id=2721595&use=l&cat=p&typeid=i","cat":284508},{"id":197161,"n":"Traîneau chocolat oeuf Kinder Jaune - 75g","p":3.78,"u":"50,40 €/KG","img":"https://fd8-photos.leclercdrive.fr/image.ashx?id=2426809&use=l&cat=p&typeid=i","cat":327592},{"id":197163,"n":"Traîneau chocolat œuf Kinder Blanc - 75g","p":3.78,"u":"50,40 €/KG","img":"https://fd8-photos.leclercdrive.fr/image.ashx?id=2426812&use=l&cat=p&typeid=i","cat":327592},{"id":197164,"n":"Traîneau chocolat œuf Kinder Vert - 75g","p":3.78,"u":"50,40 €/KG","img":"https://fd8-photos.leclercdrive.fr/image.ashx?id=2426815&use=l&cat=p&typeid=i","cat":327592},{"id":197170,"n":"Ruban adhésif gris Pattex Power Tape Extrême - 20m","p":17.52,"u":"0,88 €/MT","img":"https://fd8-photos.leclercdrive.fr/image.ashx?id=2429239&use=l&cat=p&typeid=i","cat":300576},{"id":197174,"n":"Colle Super glue 3 Loctite Power gel - 3x1g","p":3.94,"u":"1,31 €/P","img":"https://fd8-photos.leclercdrive.fr/image.ashx?id=2425682&use=l&cat=p&typeid=i","cat":300576},{"id":197175,"n":"Tube mastic Re-New Rubson Blanc - 5m de joint","p":8.1,"u":"101,25 €/KG","img":"https://fd8-photos.leclercdrive.fr/image.ashx?id=2425685&use=l&cat=p&typeid=i","cat":300576},{"id":197242,"n":"Oranges à jus Panier du Primeur Filet 2kg","p":3.39,"u":"1,70 €/KG","img":"https://fd8-photos.leclercdrive.fr/image.ashx?id=2414570&use=l&cat=p&typeid=i","cat":284356},{"id":197277,"n":"Orange à déguster bio Bio Village Sachet x4","p":2.79,"u":"0,70 €/P","img":"https://fd8-photos.leclercdrive.fr/image.ashx?id=2801061&use=l&cat=p&typeid=i","cat":284356},{"id":197349,"n":"Gousse de vanille Sainte Lucie Bourbon de Madagascar - 6g","p":4.27,"u":"711,67 €/KG","img":"https://fd8-photos.leclercdrive.fr/image.ashx?id=2731507&use=l&cat=p&typeid=i","cat":284504},{"id":197356,"n":"Tablette de chocolat Lindt Double lait - 2X100G","p":4.6,"u":"23,00 €/KG","img":"https://fd8-photos.leclercdrive.fr/image.ashx?id=2654617&use=l&cat=p&typeid=i","cat":284497},{"id":197475,"n":"Effilés Chat Junior Purina One Sauce saumon ou poulet - 8x85g","p":4.66,"u":"6,85 €/KG","img":"https://fd8-photos.leclercdrive.fr/image.ashx?id=2899731&use=l&cat=p&typeid=i","cat":285286},{"id":197625,"n":"Tablette de chocolat noir Lindt 3x100g","p":4.46,"u":"14,87 €/KG","img":"https://fd8-photos.leclercdrive.fr/image.ashx?id=2721422&use=l&cat=p&typeid=i","cat":284956},{"id":197635,"n":"Ail de France Sainte Lucie 55g","p":3.77,"u":"68,55 €/KG","img":"https://fd8-photos.leclercdrive.fr/image.ashx?id=2427970&use=l&cat=p&typeid=i","cat":298297},{"id":197638,"n":"Coriandre poudre Sainte Lucie 30g","p":2.15,"u":"71,67 €/KG","img":"https://fd8-photos.leclercdrive.fr/image.ashx?id=2435186&use=l&cat=p&typeid=i","cat":298297},{"id":197642,"n":"Décors à manger Sainte Lucie Licornes  x1","p":3.54,"img":"https://fd8-photos.leclercdrive.fr/image.ashx?id=2427976&use=l&cat=p&typeid=i","cat":284504},{"id":197648,"n":"Crayon pâtissier Sainte Lucie Goût choco-noisette - 20g","p":2.3,"u":"115,00 €/KG","img":"https://fd8-photos.leclercdrive.fr/image.ashx?id=2427979&use=l&cat=p&typeid=i","cat":284504},{"id":197697,"n":"Crème de nuit L'Oréal Paris Age perfect Anti-âge - 50ml","p":11.97,"pp":7.9,"u":"158,00 €/L","img":"https://fd8-photos.leclercdrive.fr/image.ashx?id=2428441&use=l&cat=p&typeid=i","cat":325345},{"id":197713,"n":"Fromage à Tartiner St Môret  Nature - 500g","p":5.57,"u":"11,14 €/KG","img":"https://fd8-photos.leclercdrive.fr/image.ashx?id=2427991&use=l&cat=p&typeid=i","cat":314029},{"id":197926,"n":"Pochette cadeau Esquisse Losanges - 26x13x32 cm","p":0.75,"img":"https://fd8-photos.leclercdrive.fr/image.ashx?id=2436939&use=l&cat=p&typeid=i","cat":335914},{"id":197930,"n":"Kiwi jaune Panier du Primeur x4","p":3.49,"u":"0,87 €/P","img":"https://fd8-photos.leclercdrive.fr/image.ashx?id=2928303&use=l&cat=p&typeid=i","cat":284356},{"id":197934,"n":"Pochette cadeau Esquisse Losanges - 118x10x23cm","p":0.55,"img":"https://fd8-photos.leclercdrive.fr/image.ashx?id=2436921&use=l&cat=p&typeid=i","cat":335914},{"id":197952,"n":"Pastabox Sodebo  Tortellini chèvre tomate - 280g","p":3.09,"u":"11,04 €/KG","img":"https://fd8-photos.leclercdrive.fr/image.ashx?id=2833429&use=l&cat=p&typeid=i","cat":334983},{"id":197976,"n":"Papier cadeau Maena Sapin - 2x0.7m","p":1.25,"img":"https://fd8-photos.leclercdrive.fr/image.ashx?id=2436915&use=l&cat=p&typeid=i","cat":335914},{"id":197979,"n":"Pochette cadeau Esquisse Rayures - 118x10x23cm","p":0.55,"img":"https://fd8-photos.leclercdrive.fr/image.ashx?id=2436927&use=l&cat=p&typeid=i","cat":335914},{"id":197980,"n":"Pochette cadeau Esquisse Feuilles - 32x14x40cm","p":0.95,"img":"https://fd8-photos.leclercdrive.fr/image.ashx?id=2436933&use=l&cat=p&typeid=i","cat":335914},{"id":197981,"n":"Pochette cadeau Esquisse Rayures - 32x14x40cm","p":0.95,"img":"https://fd8-photos.leclercdrive.fr/image.ashx?id=2436936&use=l&cat=p&typeid=i","cat":335914},{"id":197983,"n":"Pochette cadeau Esquisse Feuilles - 26x13x32 cm","p":0.75,"img":"https://fd8-photos.leclercdrive.fr/image.ashx?id=2436942&use=l&cat=p&typeid=i","cat":335914},{"id":197984,"n":"Pochette cadeau Esquisse Rayures - 26x13x32 cm","p":0.75,"img":"https://fd8-photos.leclercdrive.fr/image.ashx?id=2436945&use=l&cat=p&typeid=i","cat":335914},{"id":198066,"n":"Papier cadeau Reine des Neiges2 Best friends - 5mx70cm","p":2.1,"img":"https://fd8-photos.leclercdrive.fr/image.ashx?id=2430755&use=l&cat=p&typeid=i","cat":335914},{"id":198067,"n":"Papier cadeau Reine des Neiges2 Forest spirit - 5mx70cm","p":2.1,"img":"https://fd8-photos.leclercdrive.fr/image.ashx?id=2430758&use=l&cat=p&typeid=i","cat":335914},{"id":198068,"n":"Papier cadeau Reine des Neiges2 Olaf - 5mx70cm","p":2.1,"img":"https://fd8-photos.leclercdrive.fr/image.ashx?id=2430761&use=l&cat=p&typeid=i","cat":335914},{"id":198073,"n":"Sac bouteille Esquisse Rayures - 12x8.5x35cm - Rayures","p":0.55,"img":"https://fd8-photos.leclercdrive.fr/image.ashx?id=2436948&use=l&cat=p&typeid=i","cat":335914},{"id":198074,"n":"Sac bouteille Esquisse Losanges - 12x8.5x35cm","p":0.55,"img":"https://fd8-photos.leclercdrive.fr/image.ashx?id=2436951&use=l&cat=p&typeid=i","cat":335914},{"id":198193,"n":"Bière Lindemans framboise 25cl","p":1.8,"u":"7,20 €/L","img":"https://fd8-photos.leclercdrive.fr/image.ashx?id=2433458&use=l&cat=p&typeid=i","cat":334872},{"id":198233,"n":"Colle Répare tout  Extreme Gel - 20g","p":5.13,"img":"https://fd8-photos.leclercdrive.fr/image.ashx?id=2435411&use=l&cat=p&typeid=i","cat":300576},{"id":198268,"n":"Gin Bombay Citron Pressé 37,5° - 70cl","p":24.49,"u":"34,99 €/L","img":"https://fd8-photos.leclercdrive.fr/image.ashx?id=2842951&use=l&cat=p&typeid=i","cat":284550},{"id":198289,"n":"Colle Répare tout Sader Extrême Gel - 30g","p":7.7,"img":"https://fd8-photos.leclercdrive.fr/image.ashx?id=2435432&use=l&cat=p&typeid=i","cat":300576},{"id":198292,"n":"Colle Répare tout Sader Instantanée Gel - 3g","p":4.48,"img":"https://fd8-photos.leclercdrive.fr/image.ashx?id=2435420&use=l&cat=p&typeid=i","cat":300576},{"id":198319,"n":"Boisson énergisante Monster Mango loco - 4x50cl","p":6.2,"u":"3,10 €/L","img":"https://fd8-photos.leclercdrive.fr/image.ashx?id=2983465&use=l&cat=p&typeid=i","cat":284533},{"id":198338,"n":"Confiture Douceur du Verger Fraise intense - 320 g","p":1.42,"u":"4,44 €/KG","img":"https://fd8-photos.leclercdrive.fr/image.ashx?id=2965605&use=l&cat=p&typeid=i","cat":284480},{"id":198348,"n":"Confiture Douceur du Verger Abricot intense - 320 g","p":1.42,"u":"4,44 €/KG","img":"https://fd8-photos.leclercdrive.fr/image.ashx?id=2965608&use=l&cat=p&typeid=i","cat":284480},{"id":198349,"n":"Confiture Douceur du Verger Myrtille intense - 320g","p":1.99,"u":"6,22 €/KG","img":"https://fd8-photos.leclercdrive.fr/image.ashx?id=2965611&use=l&cat=p&typeid=i","cat":284480},{"id":198355,"n":"Confiture Douceur du Verger Framboise intense - 320g","p":2.1,"u":"6,56 €/KG","img":"https://fd8-photos.leclercdrive.fr/image.ashx?id=2965614&use=l&cat=p&typeid=i","cat":284480},{"id":198356,"n":"Confiture Douceur du Verger 3 agrumes Intense - 320g","p":1.66,"u":"5,19 €/KG","img":"https://fd8-photos.leclercdrive.fr/image.ashx?id=2966376&use=l&cat=p&typeid=i","cat":284480},{"id":198357,"n":"Confiture Douceur du Verger Fruits rouges intense - 320g","p":1.7,"u":"5,31 €/KG","img":"https://fd8-photos.leclercdrive.fr/image.ashx?id=2965617&use=l&cat=p&typeid=i","cat":284480},{"id":198522,"n":"Haricots vert Bio Village Bio - 180g","p":1.99,"u":"11,06 €/KG","img":"https://fd8-photos.leclercdrive.fr/image.ashx?id=3002713&use=l&cat=p&typeid=i","cat":312606},{"id":198523,"n":"Desserts Lactés P'TIT ONCTUEUX Fromage blanc 6M+ - 4x90g","p":2.11,"u":"5,86 €/KG","img":"https://fd8-photos.leclercdrive.fr/image.ashx?id=2435707&use=l&cat=p&typeid=i","cat":312392},{"id":198524,"n":"Desserts Lactés P'TIT ONCTUEUX Banane 6M+ - 4x90g","p":1.99,"u":"5,53 €/KG","img":"https://fd8-photos.leclercdrive.fr/image.ashx?id=2435710&use=l&cat=p&typeid=i","cat":312392},{"id":198535,"n":"Velouté Knorr Légumes français -1L","p":2.9,"u":"2,90 €/L","img":"https://fd8-photos.leclercdrive.fr/image.ashx?id=2435935&use=l&cat=p&typeid=i","cat":284462},{"id":198552,"n":"Arome vanille Sainte Lucie naturel -  50ml","p":2.89,"u":"57,80 €/KG","img":"https://fd8-photos.leclercdrive.fr/image.ashx?id=2435908&use=l&cat=p&typeid=i","cat":284504},{"id":198582,"n":"Desserts Lactés P'TIT ONCTUEUX Mangue ananas 6M+ - 4x90g","p":2.06,"u":"5,72 €/KG","img":"https://fd8-photos.leclercdrive.fr/image.ashx?id=2435932&use=l&cat=p&typeid=i","cat":312392},{"id":198669,"n":"Sugo al basilico  340g","p":1.69,"u":"4,97 €/KG","img":"https://fd8-photos.leclercdrive.fr/image.ashx?id=2840025&use=l&cat=p&typeid=i","cat":288384},{"id":198696,"n":"Champagne Montaudon 75cl","p":30.9,"u":"41,20 €/L","img":"https://fd8-photos.leclercdrive.fr/image.ashx?id=2436885&use=l&cat=p&typeid=i","cat":284542},{"id":198701,"n":"Champagne Chanoine Heritage 1er cru - 75cl","p":27.58,"u":"36,77 €/L","img":"https://fd8-photos.leclercdrive.fr/image.ashx?id=2436359&use=l&cat=p&typeid=i","cat":284542},{"id":198794,"n":"Protège-slips Doulys Ultra-mince Long - x30","p":1.25,"u":"0,04 €/P","img":"https://fd8-photos.leclercdrive.fr/image.ashx?id=2882343&use=l&cat=p&typeid=i","cat":284625},{"id":198796,"n":"Tondeuse à barbe Gillette King C Gillette Style Master","p":36.17,"img":"https://fd8-photos.leclercdrive.fr/image.ashx?id=2644845&use=l&cat=p&typeid=i","cat":284616},{"id":198806,"n":"Fromage pour Tartiflette Président - 480g","p":5.64,"u":"11,75 €/KG","img":"https://fd8-photos.leclercdrive.fr/image.ashx?id=2757018&use=l&cat=p&typeid=i","cat":314037},{"id":198835,"n":"Gel à raser Satin Care Gillette Nettoyant 2 en 1 - 190ML","p":11.59,"u":"61,00 €/L","img":"https://fd8-photos.leclercdrive.fr/image.ashx?id=2529132&use=l&cat=p&typeid=i","cat":325352},{"id":198877,"n":"Rasoir Mach 3 Gillette 3 lames -x1","p":10.11,"img":"https://fd8-photos.leclercdrive.fr/image.ashx?id=2971416&use=l&cat=p&typeid=i","cat":284616},{"id":198905,"n":"Lames de rasoir Gillette Mach 3 - x8","p":20.67,"u":"2,58 €/P","img":"https://fd8-photos.leclercdrive.fr/image.ashx?id=2859917&use=l&cat=p&typeid=i","cat":284616},{"id":198920,"n":"Lames de rasoir GilletteLabs x4","p":22.82,"u":"5,71 €/P","img":"https://fd8-photos.leclercdrive.fr/image.ashx?id=2437683&use=l&cat=p&typeid=i","cat":284616},{"id":198951,"n":"Rasoir GilletteLabs Barre exfoliante - 3 lames - x1","p":34.36,"img":"https://fd8-photos.leclercdrive.fr/image.ashx?id=2437011&use=l&cat=p&typeid=i","cat":284616},{"id":198959,"n":"Gel désodorisant Uni vert Lavande Eucalyptus","p":1.39,"img":"https://fd8-photos.leclercdrive.fr/image.ashx?id=2478934&use=l&cat=p&typeid=i","cat":311628},{"id":198968,"n":"Bloc wc javel Syphon eau bleue x2 - 100g","p":1.78,"u":"17,80 €/KG","img":"https://fd8-photos.leclercdrive.fr/image.ashx?id=2437005&use=l&cat=p&typeid=i","cat":284662},{"id":198974,"n":"Perles désodorisantes Bien Air Agrumes","p":2.39,"img":"https://fd8-photos.leclercdrive.fr/image.ashx?id=2466892&use=l&cat=p&typeid=i","cat":311628},{"id":199066,"n":"Escargots Bourgogne Label Rouge Recette Bourguignone x36 223g","p":18.9,"pp":12.47,"u":"55,92 €/KG","img":"https://fd8-photos.leclercdrive.fr/image.ashx?id=2628776&use=l&cat=p&typeid=i","cat":319775},{"id":199097,"n":"Chocolat Père Noel Kinder 160g","p":5.4,"u":"33,75 €/KG","img":"https://fd8-photos.leclercdrive.fr/image.ashx?id=2764308&use=l&cat=p&typeid=i","cat":327592},{"id":199134,"n":"Moulage chocolat Kinder Père Noel - 110g","p":3.7,"u":"33,64 €/KG","img":"https://fd8-photos.leclercdrive.fr/image.ashx?id=2438108&use=l&cat=p&typeid=i","cat":327592},{"id":199267,"n":"Bûche glacée Pilpa Douceur Citron Meringue 464g","p":5.27,"u":"11,36 €/KG","img":"https://fd8-photos.leclercdrive.fr/image.ashx?id=2751030&use=l&cat=p&typeid=i","cat":284266},{"id":199298,"n":"Bûche glacée Eskiss Façon Pêche Melba - 565g","p":4.75,"u":"8,41 €/KG","img":"https://fd8-photos.leclercdrive.fr/image.ashx?id=2791377&use=l&cat=p&typeid=i","cat":284266},{"id":199510,"n":"Cervelas Herta Sans nitrite - 400g","p":3.83,"u":"9,58 €/KG","img":"https://fd8-photos.leclercdrive.fr/image.ashx?id=2443835&use=l&cat=p&typeid=i","cat":316012},{"id":199512,"n":"Cervelas Herta Sans nitrite - 200g","p":2.23,"u":"11,15 €/KG","img":"https://fd8-photos.leclercdrive.fr/image.ashx?id=2443832&use=l&cat=p&typeid=i","cat":316012},{"id":199530,"n":"Lait corps Mixa Anti-dessèchement - 400ml","p":4.48,"u":"11,20 €/L","img":"https://fd8-photos.leclercdrive.fr/image.ashx?id=2444372&use=l&cat=p&typeid=i","cat":325349},{"id":199552,"n":"Dentifrice Elmex Anti-caries Original - 75ml","p":5.08,"u":"67,73 €/L","img":"https://fd8-photos.leclercdrive.fr/image.ashx?id=2852181&use=l&cat=p&typeid=i","cat":284612},{"id":199553,"n":"Dentifrice Elmex Sensitive Original - 75ml","p":4.86,"u":"64,80 €/L","img":"https://fd8-photos.leclercdrive.fr/image.ashx?id=2738404&use=l&cat=p&typeid=i","cat":284612},{"id":199554,"n":"Dentifrice Elmex Sensitive  Haleine fraîche - 75ml","p":3.9,"u":"52,00 €/L","img":"https://fd8-photos.leclercdrive.fr/image.ashx?id=2738407&use=l&cat=p&typeid=i","cat":284612},{"id":199557,"n":"Dentifrice Elmex Anti-caries Haleine fraîche - 75 ml","p":3.62,"u":"48,27 €/MT","img":"https://fd8-photos.leclercdrive.fr/image.ashx?id=2738419&use=l&cat=p&typeid=i","cat":284612},{"id":199559,"n":"Dentifrice Elmex Sensitive  Blancheur douce - 2x75ml","p":9.11,"u":"60,73 €/MT","img":"https://fd8-photos.leclercdrive.fr/image.ashx?id=2738425&use=l&cat=p&typeid=i","cat":284612},{"id":199598,"n":"Désodorisant diffuseur Airwick  Active Fresh Vanille - 228ml","p":7.09,"u":"31,10 €/L","img":"https://fd8-photos.leclercdrive.fr/image.ashx?id=2864672&use=l&cat=p&typeid=i","cat":311629},{"id":199646,"n":"Désodorisant diffuseur Airwick  Huile essentielle Vanille- 25ml","p":9.87,"u":"394,80 €/L","img":"https://fd8-photos.leclercdrive.fr/image.ashx?id=2445361&use=l&cat=p&typeid=i","cat":311629},{"id":199655,"n":"Bûchettes Délices Pilpa Vanille Fruits  x6 - 351g","p":3.39,"u":"9,66 €/KG","img":"https://fd8-photos.leclercdrive.fr/image.ashx?id=2444060&use=l&cat=p&typeid=i","cat":284266},{"id":200055,"n":"Chèvre crémeux Atelier Blini 140g","p":3.24,"u":"23,14 €/KG","img":"https://fd8-photos.leclercdrive.fr/image.ashx?id=3008326&use=l&cat=p&typeid=i","cat":315999},{"id":200135,"n":"Liqueur de menthe Get 27 Edition Limitée 17,9° - 70cl","p":10.95,"u":"15,64 €/L","img":"https://fd8-photos.leclercdrive.fr/image.ashx?id=2445787&use=l&cat=p&typeid=i","cat":286032},{"id":200153,"n":"Repas bébé Blédina 15 mois légumes boulghour merlu 200g","p":2.81,"u":"14,05 €/KG","img":"https://fd8-photos.leclercdrive.fr/image.ashx?id=2975101&use=l&cat=p&typeid=i","cat":312238},{"id":200175,"n":"Plat bébé soir Blédiner 15 mois Pâtes légumes - 200g","p":2.39,"u":"11,95 €/KG","img":"https://fd8-photos.leclercdrive.fr/image.ashx?id=2866295&use=l&cat=p&typeid=i","cat":312239},{"id":200188,"n":"Ramen Cup Oyakata Poulet Shio - 63g","p":1.55,"u":"24,60 €/KG","img":"https://fd8-photos.leclercdrive.fr/image.ashx?id=2446128&use=l&cat=p&typeid=i","cat":288992},{"id":200202,"n":"Repas bébé Blédina 15 mois carotte haricot riz bœuf 200g","p":2.72,"u":"13,60 €/KG","img":"https://fd8-photos.leclercdrive.fr/image.ashx?id=2586586&use=l&cat=p&typeid=i","cat":312238},{"id":200218,"n":"Repas bébé Blédina 15 mois carotte pâte épices poulet 200g","p":2.39,"u":"11,95 €/KG","img":"https://fd8-photos.leclercdrive.fr/image.ashx?id=2951632&use=l&cat=p&typeid=i","cat":312238},{"id":200263,"n":"Fromage Boursault  Extra Crèmeux - 200g","p":3.75,"u":"18,75 €/KG","img":"https://fd8-photos.leclercdrive.fr/image.ashx?id=2446458&use=l&cat=p&typeid=i","cat":329558},{"id":200285,"n":"Rhum Bacardi Carta Blanca 35.5° - 70cl + Verre","p":17.17,"u":"24,53 €/L","img":"https://fd8-photos.leclercdrive.fr/image.ashx?id=2447993&use=l&cat=p&typeid=i","cat":284550},{"id":200297,"n":"Deuxième Génération 1820 blanc Jeanne & Célerin - 75cl","p":15.9,"u":"21,20 €/L","img":"https://fd8-photos.leclercdrive.fr/image.ashx?id=2447984&use=l&cat=p&typeid=i","cat":289557},{"id":200299,"n":"Champagne Canard Duchêne brut   75cl","p":27.3,"u":"36,40 €/L","img":"https://fd8-photos.leclercdrive.fr/image.ashx?id=2455912&use=l&cat=p&typeid=i","cat":284542},{"id":200300,"n":"Champagne Monopole Heidsieck Brut Grande cuvée - 75cl","p":28.37,"u":"37,83 €/L","img":"https://fd8-photos.leclercdrive.fr/image.ashx?id=2447942&use=l&cat=p&typeid=i","cat":284542},{"id":200316,"n":"Olives Vertes dénoyautées Piment espelette - 170g","p":2.33,"u":"13,71 €/KG","img":"https://fd8-photos.leclercdrive.fr/image.ashx?id=2685913&use=l&cat=p&typeid=i","cat":284450},{"id":200317,"n":"Olives Vertes et noires  Dénoyautées - 170g","p":2.61,"u":"15,35 €/KG","img":"https://fd8-photos.leclercdrive.fr/image.ashx?id=2733511&use=l&cat=p&typeid=i","cat":284450},{"id":200318,"n":"Olives Vertes Dénoyautées Thym et Citron - 170g","p":1.93,"u":"11,35 €/KG","img":"https://fd8-photos.leclercdrive.fr/image.ashx?id=2733526&use=l&cat=p&typeid=i","cat":284450},{"id":200323,"n":"Cassoulet Castelnaudary NRT 420g","p":2.5,"u":"5,95 €/KG","img":"https://fd8-photos.leclercdrive.fr/image.ashx?id=2805990&use=l&cat=p&typeid=i","cat":284440},{"id":200330,"n":"Bougies magiques Sainte Lucie x12 -1p","p":1.87,"img":"https://fd8-photos.leclercdrive.fr/image.ashx?id=2447933&use=l&cat=p&typeid=i","cat":284504},{"id":200368,"n":"Tartines croustillantes Wasa Complet - 260g","p":2.33,"u":"8,96 €/KG","img":"https://fd8-photos.leclercdrive.fr/image.ashx?id=2448196&use=l&cat=p&typeid=i","cat":284479},{"id":200378,"n":"Repas bébé Blédina 15 mois Pâtes brocolis jambon - 200g","p":2.39,"u":"11,95 €/KG","img":"https://fd8-photos.leclercdrive.fr/image.ashx?id=2975104&use=l&cat=p&typeid=i","cat":312238},{"id":200379,"n":"Cassoulet Castelnaud NRT 840g","p":4.3,"u":"5,12 €/KG","img":"https://fd8-photos.leclercdrive.fr/image.ashx?id=2805993&use=l&cat=p&typeid=i","cat":284440},{"id":200466,"n":"Gougères L'Atelier Traiteur x16 - 175g","p":4.49,"u":"25,66 €/KG","img":"https://fd8-photos.leclercdrive.fr/image.ashx?id=2815656&use=l&cat=p&typeid=i","cat":316003},{"id":200602,"n":"Verrines aux crevettes L'Atelier Traiteur x4 - 180g","p":3.95,"u":"21,94 €/KG","img":"https://fd8-photos.leclercdrive.fr/image.ashx?id=2449792&use=l&cat=p&typeid=i","cat":316003},{"id":200604,"n":"Verrines au saumon L'Atelier Traiteur x4 - 180g","p":3.95,"u":"21,94 €/KG","img":"https://fd8-photos.leclercdrive.fr/image.ashx?id=2449795&use=l&cat=p&typeid=i","cat":316003},{"id":200636,"n":"Blini inclusion sarrasin pavot Ronde des Mers - 135g","p":1.99,"u":"14,74 €/KG","img":"https://fd8-photos.leclercdrive.fr/image.ashx?id=2452681&use=l&cat=p&typeid=i","cat":285191},{"id":200638,"n":"Tarama Truffe Ronde des Mers - 100g","p":1.99,"u":"19,90 €/KG","img":"https://fd8-photos.leclercdrive.fr/image.ashx?id=2822761&use=l&cat=p&typeid=i","cat":315999},{"id":200763,"n":"Gel lavant hydratant Sanytol Aloe vera Bio - 250ml","p":2.7,"u":"10,80 €/L","img":"https://fd8-photos.leclercdrive.fr/image.ashx?id=2905273&use=l&cat=p&typeid=i","cat":284597},{"id":200779,"n":"Nettoyant sol Vigor Désincrustant intense - 1L","p":3.18,"u":"3,18 €/L","img":"https://fd8-photos.leclercdrive.fr/image.ashx?id=2736160&use=l&cat=p&typeid=i","cat":284907},{"id":200987,"n":"Mini burger Jacquet Nature x10 - 210g","p":1.72,"u":"8,19 €/KG","img":"https://fd8-photos.leclercdrive.fr/image.ashx?id=2991873&use=l&cat=p&typeid=i","cat":325067},{"id":201017,"n":"Crêpes dentelles Bretagne NRT 120g","p":1.72,"u":"14,33 €/KG","img":"https://fd8-photos.leclercdrive.fr/image.ashx?id=2622359&use=l&cat=p&typeid=i","cat":284487},{"id":201050,"n":"Raclette Gratte Givre Tech9 Rouge - 1 pièce","p":2.55,"img":"https://fd8-photos.leclercdrive.fr/image.ashx?id=2611925&use=l&cat=p&typeid=i","cat":298252},{"id":201057,"n":"Soupe liquide Knorr Moulinés de légumes variés 1L","p":1.93,"u":"1,93 €/L","img":"https://fd8-photos.leclercdrive.fr/image.ashx?id=2454901&use=l&cat=p&typeid=i","cat":284462},{"id":201135,"n":"Culotte absorbante Dim Moment oups - Noir - T36/38 x1","p":24.95,"img":"https://fd8-photos.leclercdrive.fr/image.ashx?id=2463296&use=l&cat=p&typeid=i","cat":291524},{"id":201137,"n":"Culotte absorbante Dim Moment oups - Noir - T40/42 x1","p":24.95,"img":"https://fd8-photos.leclercdrive.fr/image.ashx?id=2463299&use=l&cat=p&typeid=i","cat":291524},{"id":201138,"n":"Culotte absorbante Dim Moment oups - Noir - T44/46 x1","p":24.95,"img":"https://fd8-photos.leclercdrive.fr/image.ashx?id=2463302&use=l&cat=p&typeid=i","cat":291524},{"id":201139,"n":"Culotte absorbante Dim Moment oups - Noir - T48/50 x1","p":24.95,"img":"https://fd8-photos.leclercdrive.fr/image.ashx?id=2463305&use=l&cat=p&typeid=i","cat":291524},{"id":201243,"n":"AOP Vin blanc Monbazillac 37.5cl","p":3.99,"u":"10,64 €/L","img":"https://fd8-photos.leclercdrive.fr/image.ashx?id=2756894&use=l&cat=p&typeid=i","cat":289557},{"id":201298,"n":"Fromage enfant La Vache qui rit Original 12P à tartiner - 192g","p":2.47,"u":"12,86 €/KG","img":"https://fd8-photos.leclercdrive.fr/image.ashx?id=2945442&use=l&cat=p&typeid=i","cat":314030},{"id":201299,"n":"Fromage enfant La Vache qui rit Original 16P à tartiner - 256g","p":2.87,"u":"11,21 €/KG","img":"https://fd8-photos.leclercdrive.fr/image.ashx?id=2945445&use=l&cat=p&typeid=i","cat":314029},{"id":201300,"n":"Fromage enfant La Vache qui rit Original 32P à tartiner - 512g","p":4.8,"u":"9,38 €/KG","img":"https://fd8-photos.leclercdrive.fr/image.ashx?id=2945448&use=l&cat=p&typeid=i","cat":314030},{"id":201341,"n":"Iceberg Eco+","p":0.99,"img":"https://fd8-photos.leclercdrive.fr/image.ashx?id=2715747&use=l&cat=p&typeid=i","cat":284352},{"id":201471,"n":"Dosettes café Senseo Classique x72","p":10.89,"u":"21,78 €/KG","img":"https://fd8-photos.leclercdrive.fr/image.ashx?id=2770163&use=l&cat=p&typeid=i","cat":293238},{"id":201552,"n":"Lames de rasoir Gillette Fusion Lot de 6+6","p":37.99,"u":"3,17 €/P","img":"https://fd8-photos.leclercdrive.fr/image.ashx?id=2787950&use=l&cat=p&typeid=i","cat":284616},{"id":201571,"n":"Viande bovine Bourguignon ** à mijoter - 500g","p":6.79,"u":"13,58 €/KG","img":"https://fd8-photos.leclercdrive.fr/image.ashx?id=2930933&use=l&cat=p&typeid=i","cat":284328},{"id":201572,"n":"Sauté de porc Atelier Boucherie VPF - 500g","p":4.59,"u":"9,18 €/KG","img":"https://fd8-photos.leclercdrive.fr/image.ashx?id=2932707&use=l&cat=p&typeid=i","cat":284331},{"id":201600,"n":"Capsules Café Carte Noire  Puissant n°11 x30 - 165g","p":9.4,"u":"56,97 €/KG","img":"https://fd8-photos.leclercdrive.fr/image.ashx?id=2873444&use=l&cat=p&typeid=i","cat":284749},{"id":201688,"n":"Beurre plaquette Eco+ Doux - 60% MG  - 200g","p":1.45,"u":"7,25 €/KG","img":"https://fd8-photos.leclercdrive.fr/image.ashx?id=2794187&use=l&cat=p&typeid=i","cat":284379},{"id":201689,"n":"Café capsules Plantation Lungo -","p":5.15,"u":"33,01 €/KG","img":"https://fd8-photos.leclercdrive.fr/image.ashx?id=2860085&use=l&cat=p&typeid=i","cat":284749},{"id":201690,"n":"Beurre plaquette Eco+ Demi-sel - 60% MG - 200g","p":1.47,"u":"7,35 €/KG","img":"https://fd8-photos.leclercdrive.fr/image.ashx?id=2794184&use=l&cat=p&typeid=i","cat":284379},{"id":201692,"n":"Frites Crousti Express Findus Micro-ondes Allumette 2x100g","p":1.72,"u":"8,60 €/KG","img":"https://fd8-photos.leclercdrive.fr/image.ashx?id=2648274&use=l&cat=p&typeid=i","cat":319791},{"id":201693,"n":"Frites Crousti Express Findus Micro-ondes Classique 2x100g","p":1.62,"u":"8,10 €/KG","img":"https://fd8-photos.leclercdrive.fr/image.ashx?id=2648271&use=l&cat=p&typeid=i","cat":319791},{"id":201702,"n":"Bière Leffe Ruby 5% - 6x25cl","p":5.07,"u":"3,38 €/L","img":"https://fd8-photos.leclercdrive.fr/image.ashx?id=2811581&use=l&cat=p&typeid=i","cat":334878},{"id":201706,"n":"Bière Leffe Ruby 5% - 12x25cl","p":8.72,"u":"2,91 €/L","img":"https://fd8-photos.leclercdrive.fr/image.ashx?id=2813008&use=l&cat=p&typeid=i","cat":334878},{"id":201721,"n":"Brume Solaire SPF50+ Garnier Très Haute Protection - 150ml","p":9.21,"u":"61,40 €/L","img":"https://fd8-photos.leclercdrive.fr/image.ashx?id=2572269&use=l&cat=p&typeid=i","cat":325355},{"id":201725,"n":"Lait Solaire SPF50+ Garnier Hypoallergénique - 175ml","p":9.75,"u":"55,71 €/L","img":"https://fd8-photos.leclercdrive.fr/image.ashx?id=2569728&use=l&cat=p&typeid=i","cat":325355},{"id":201726,"n":"Spray Solaire Enfants Garnier Hypoallergénique SPF50+ - 150ml","p":10.26,"u":"68,40 €/L","img":"https://fd8-photos.leclercdrive.fr/image.ashx?id=2552847&use=l&cat=p&typeid=i","cat":325355},{"id":201728,"n":"Brume solaire Ambre Solaire  Enfant SPF50+ - 150ml","p":9.21,"u":"61,40 €/MT","img":"https://fd8-photos.leclercdrive.fr/image.ashx?id=2572266&use=l&cat=p&typeid=i","cat":325355},{"id":201732,"n":"Brume solaire Ambre Solaire  Brume sèche SPF30 - 200ml","p":11.62,"u":"58,10 €/L","img":"https://fd8-photos.leclercdrive.fr/image.ashx?id=2464171&use=l&cat=p&typeid=i","cat":null},{"id":201733,"n":"Spray solaire Mixa  Enfant SPF50+ - 150ml","p":10.02,"u":"66,80 €/L","img":"https://fd8-photos.leclercdrive.fr/image.ashx?id=2464186&use=l&cat=p&typeid=i","cat":325355},{"id":201734,"n":"Lait protection Solaire Mixa Anti-sel, Chlore SPF50+ - 175ml","p":10.44,"u":"59,66 €/L","img":"https://fd8-photos.leclercdrive.fr/image.ashx?id=2464189&use=l&cat=p&typeid=i","cat":325355},{"id":201765,"n":"Ambre Solaire Sérum Garnier Super UV SPF50+ - 30ml","p":10.54,"u":"351,33 €/L","img":"https://fd8-photos.leclercdrive.fr/image.ashx?id=2735374&use=l&cat=p&typeid=i","cat":325355},{"id":201772,"n":"Dentifrice Elmex Sensitive Blancheur douce - 75ml","p":5.02,"u":"66,93 €/L","img":"https://fd8-photos.leclercdrive.fr/image.ashx?id=2721187&use=l&cat=p&typeid=i","cat":284612},{"id":201774,"n":"Sous-vêtements nuit DryNites® Garçons 4-7 ans (17-30 kg) x16","p":12.76,"u":"0,80 €/P","img":"https://fd8-photos.leclercdrive.fr/image.ashx?id=2844727&use=l&cat=p&typeid=i","cat":290633},{"id":201775,"n":"Sous-vêtements nuit DryNites® Garçons 8-13 ans (30-48 kg) x13","p":11.85,"u":"0,91 €/P","img":"https://fd8-photos.leclercdrive.fr/image.ashx?id=2971314&use=l&cat=p&typeid=i","cat":290633},{"id":201791,"n":"Soupe en sachets chat Felix Sélection de poissons - 6x48g","p":2.06,"u":"7,15 €/KG","img":"https://fd8-photos.leclercdrive.fr/image.ashx?id=2887251&use=l&cat=p&typeid=i","cat":285286},{"id":201835,"n":"Pizza Crousti Moelleuse Marie Royale - 500g","p":3.99,"u":"7,98 €/KG","img":"https://fd8-photos.leclercdrive.fr/image.ashx?id=2996704&use=l&cat=p&typeid=i","cat":284256},{"id":201837,"n":"Protège-slips Doulys Ultra-mince normal - x45","p":0.87,"u":"0,02 €/P","img":"https://fd8-photos.leclercdrive.fr/image.ashx?id=2849590&use=l&cat=p&typeid=i","cat":284625},{"id":201839,"n":"Sauce arrabbiata Turini 420g","p":1.14,"u":"2,71 €/KG","img":"https://fd8-photos.leclercdrive.fr/image.ashx?id=2465062&use=l&cat=p&typeid=i","cat":287599},{"id":201841,"n":"Bière Ninkasi Flower Lager 75cl 6.5%","p":4.87,"u":"6,49 €/L","img":"https://fd8-photos.leclercdrive.fr/image.ashx?id=2467919&use=l&cat=p&typeid=i","cat":334872},{"id":201911,"n":"Liniment BB calendula Weleda 400ml","p":8.2,"u":"20,50 €/L","img":"https://fd8-photos.leclercdrive.fr/image.ashx?id=2654890&use=l&cat=p&typeid=i","cat":290387},{"id":201915,"n":"Protège-slips Doulys Slip ou string - x45","p":1.61,"u":"0,04 €/P","img":"https://fd8-photos.leclercdrive.fr/image.ashx?id=2877466&use=l&cat=p&typeid=i","cat":284625},{"id":201934,"n":"Protège-slips Vania Confort Fresh - x56","p":3.01,"img":"https://fd8-photos.leclercdrive.fr/image.ashx?id=2735227&use=l&cat=p&typeid=i","cat":284625},{"id":201935,"n":"Protège-slips Confort Vania  Sans parfum - x56","p":2.95,"u":"0,05 €/P","img":"https://fd8-photos.leclercdrive.fr/image.ashx?id=2735230&use=l&cat=p&typeid=i","cat":284625},{"id":201945,"n":"Gel Douche Le Petit Marseillais  Lait de vanille - 250ml","p":1.56,"u":"6,24 €/L","img":"https://fd8-photos.leclercdrive.fr/image.ashx?id=2676096&use=l&cat=p&typeid=i","cat":284594},{"id":201946,"n":"Gel Douche Le Petit Marseillais Lait de vanille - 650 ml","p":3.24,"u":"4,98 €/L","img":"https://fd8-photos.leclercdrive.fr/image.ashx?id=2674794&use=l&cat=p&typeid=i","cat":284594},{"id":201947,"n":"Gel Douche Le Petit Marseillais Fleur de cerisie - 650ml","p":3.22,"u":"4,95 €/L","img":"https://fd8-photos.leclercdrive.fr/image.ashx?id=2676099&use=l&cat=p&typeid=i","cat":284594},{"id":201948,"n":"Gel Douche Le Petit Marseillais Abricot et noisette - 650ml","p":3.22,"u":"4,95 €/MT","img":"https://fd8-photos.leclercdrive.fr/image.ashx?id=2676102&use=l&cat=p&typeid=i","cat":284594},{"id":201949,"n":"Gel Douche Le Petit Marseillais Fleur d'oranger - 250ml","p":1.7,"u":"6,80 €/MT","img":"https://fd8-photos.leclercdrive.fr/image.ashx?id=2963397&use=l&cat=p&typeid=i","cat":284594},{"id":201950,"n":"Gel Douche Le Petit Marseillais Amande douce - 250ml","p":1.58,"u":"6,32 €/MT","img":"https://fd8-photos.leclercdrive.fr/image.ashx?id=2946592&use=l&cat=p&typeid=i","cat":284594},{"id":201951,"n":"Gel Douche Le Petit Marseillais Lait - 250ml","p":1.74,"u":"6,96 €/MT","img":"https://fd8-photos.leclercdrive.fr/image.ashx?id=2676108&use=l&cat=p&typeid=i","cat":284594},{"id":201952,"n":"Gel Douche Le Petit Marseillais Lait - 650ml","p":3.27,"u":"5,03 €/L","img":"https://fd8-photos.leclercdrive.fr/image.ashx?id=2676111&use=l&cat=p&typeid=i","cat":284594},{"id":201953,"n":"Gel Douche Le Petit Marseillais Pêche nectarine - 250ml","p":1.69,"u":"6,76 €/L","img":"https://fd8-photos.leclercdrive.fr/image.ashx?id=2938761&use=l&cat=p&typeid=i","cat":284594},{"id":201954,"n":"Gel Douche Le Petit Marseillais  Peche nectarine - 650ml","p":3.22,"u":"4,95 €/L","img":"https://fd8-photos.leclercdrive.fr/image.ashx?id=2676114&use=l&cat=p&typeid=i","cat":284594},{"id":201955,"n":"Gel Douche Le Petit Marseillais Olivier Tillieul - 650ml","p":3.88,"u":"5,97 €/MT","img":"https://fd8-photos.leclercdrive.fr/image.ashx?id=2676117&use=l&cat=p&typeid=i","cat":284594},{"id":201956,"n":"Gel Douche Le Petit Marseillais Verveine citron - 250ml","p":1.71,"u":"6,84 €/MT","img":"https://fd8-photos.leclercdrive.fr/image.ashx?id=2941769&use=l&cat=p&typeid=i","cat":284594},{"id":201957,"n":"Gel douche pamplemousse orange  Le Petit marseillais - 650ml","p":3.22,"u":"4,95 €/L","img":"https://fd8-photos.leclercdrive.fr/image.ashx?id=2676123&use=l&cat=p&typeid=i","cat":284594},{"id":201958,"n":"Baume B5 La Roche Posay Cicaplast- 100ml","p":11.5,"u":"115,00 €/MT","img":"https://fd8-photos.leclercdrive.fr/image.ashx?id=2468386&use=l&cat=p&typeid=i","cat":290421},{"id":201967,"n":"Bière blonde Corona 12x33cl","p":15.15,"u":"3,83 €/L","img":"https://fd8-photos.leclercdrive.fr/image.ashx?id=2544521&use=l&cat=p&typeid=i","cat":334873},{"id":201968,"n":"Bière blonde Corona Extra 4,5% - 6x33cl","p":8.2,"u":"4,14 €/L","img":"https://fd8-photos.leclercdrive.fr/image.ashx?id=2865452&use=l&cat=p&typeid=i","cat":334873},{"id":201970,"n":"Infusion Les 2 Marmottes 1,2,3… Sommeil !  x30 - 36g","p":5.45,"u":"151,39 €/KG","img":"https://fd8-photos.leclercdrive.fr/image.ashx?id=2833606&use=l&cat=p&typeid=i","cat":293234},{"id":202049,"n":"Crème glacée Trium Chocolat Brownie - 415g","p":3.33,"u":"8,02 €/KG","img":"https://fd8-photos.leclercdrive.fr/image.ashx?id=2469037&use=l&cat=p&typeid=i","cat":284725},{"id":202051,"n":"Crème glacée Trium Macadamia - 430g","p":4.3,"u":"10,00 €/KG","img":"https://fd8-photos.leclercdrive.fr/image.ashx?id=2469043&use=l&cat=p&typeid=i","cat":284725},{"id":202055,"n":"Crème glacée Trium Cookie Dough - 416g","p":3.24,"u":"7,79 €/KG","img":"https://fd8-photos.leclercdrive.fr/image.ashx?id=2469040&use=l&cat=p&typeid=i","cat":284725},{"id":202056,"n":"Fromage pour raclette à la  Truffe Pochat et Fils - 250g","p":5.89,"u":"23,56 €/KG","img":"https://fd8-photos.leclercdrive.fr/image.ashx?id=2469241&use=l&cat=p&typeid=i","cat":314037},{"id":202064,"n":"Fromage blanc nature Délisse 500g","p":1.29,"u":"2,58 €/KG","img":"https://fd8-photos.leclercdrive.fr/image.ashx?id=3012878&use=l&cat=p&typeid=i","cat":284409},{"id":202068,"n":"Yaourt à la Grecque Délisse  450g","p":1.29,"u":"2,87 €/KG","img":"https://fd8-photos.leclercdrive.fr/image.ashx?id=2885140&use=l&cat=p&typeid=i","cat":314999},{"id":202074,"n":"Poêlée de légumes Épeautre  Notre Jardin - 750g","p":2.89,"u":"3,85 €/KG","img":"https://fd8-photos.leclercdrive.fr/image.ashx?id=2771378&use=l&cat=p&typeid=i","cat":319823},{"id":202077,"n":"Crème semi-épaisse Soutenons Nos Agriculteurs - 3x20cl","p":2.89,"u":"4,82 €/L","img":"https://fd8-photos.leclercdrive.fr/image.ashx?id=2469067&use=l&cat=p&typeid=i","cat":284381},{"id":202335,"n":"Roquette Panier du Primeur 125g","p":1.29,"u":"10,32 €/KG","img":"https://fd8-photos.leclercdrive.fr/image.ashx?id=2616066&use=l&cat=p&typeid=i","cat":284353},{"id":202416,"n":"J'ose Vibromasseur L'Exquis 10 vibrations - rechargeable","p":23.38,"img":"https://fd8-photos.leclercdrive.fr/image.ashx?id=2803793&use=l&cat=p&typeid=i","cat":285160},{"id":202418,"n":"J'ose Vibromasseur L'Audacieux 10 vibrations - rechargeable","p":24.94,"img":"https://fd8-photos.leclercdrive.fr/image.ashx?id=2803799&use=l&cat=p&typeid=i","cat":285160},{"id":202419,"n":"J'ose Boules de Geisha Les pétillantes","p":17.0,"img":"https://fd8-photos.leclercdrive.fr/image.ashx?id=2803787&use=l&cat=p&typeid=i","cat":285160},{"id":202426,"n":"J'ose anneau vibrant  Le Passionnel - pile incluse","p":7.57,"img":"https://fd8-photos.leclercdrive.fr/image.ashx?id=2803790&use=l&cat=p&typeid=i","cat":285160},{"id":202448,"n":"Pomme de terre Princesse Amandine - 2kg","p":2.99,"u":"1,50 €/KG","img":"https://fd8-photos.leclercdrive.fr/image.ashx?id=1625739&use=l&cat=p&typeid=i","cat":284352},{"id":202473,"n":"Dentifrice Colgate  Max White Charbon - 2x75ml","p":3.85,"u":"25,67 €/L","img":"https://fd8-photos.leclercdrive.fr/image.ashx?id=2472492&use=l&cat=p&typeid=i","cat":284612},{"id":202481,"n":"Assortiment Raclette  600g","p":8.55,"u":"14,25 €/KG","img":"https://fd8-photos.leclercdrive.fr/image.ashx?id=2856374&use=l&cat=p&typeid=i","cat":314036},{"id":202482,"n":"Raclette nature 600g","p":7.79,"u":"12,98 €/KG","img":"https://fd8-photos.leclercdrive.fr/image.ashx?id=2856377&use=l&cat=p&typeid=i","cat":314036},{"id":202496,"n":"J'ose mini vibromasseur Le séduisant - pile incluse","p":10.63,"img":"https://fd8-photos.leclercdrive.fr/image.ashx?id=2803802&use=l&cat=p&typeid=i","cat":285160},{"id":202544,"n":"Gel douche Le Petit Marseillais Grenade - 250ml","p":1.65,"u":"6,60 €/L","img":"https://fd8-photos.leclercdrive.fr/image.ashx?id=2685126&use=l&cat=p&typeid=i","cat":284594},{"id":202545,"n":"Gel douche Le Petit Marseillais Fleur de Tiare - 250ml","p":1.6,"u":"6,40 €/L","img":"https://fd8-photos.leclercdrive.fr/image.ashx?id=2676093&use=l&cat=p&typeid=i","cat":284594},{"id":202546,"n":"Gel douche Le Petit Marseillais Mandarine - 250ml","p":1.49,"u":"5,96 €/L","img":"https://fd8-photos.leclercdrive.fr/image.ashx?id=2684527&use=l&cat=p&typeid=i","cat":284594},{"id":202547,"n":"Gel douche Le Petit Marseillais Mangue Passion - 250ml","p":1.59,"u":"6,36 €/L","img":"https://fd8-photos.leclercdrive.fr/image.ashx?id=2685189&use=l&cat=p&typeid=i","cat":284594},{"id":202549,"n":"Gel douche Le Petit Marseillais Argan et Karité - 250ml","p":1.64,"u":"6,56 €/L","img":"https://fd8-photos.leclercdrive.fr/image.ashx?id=2684539&use=l&cat=p&typeid=i","cat":284594},{"id":202620,"n":"Purée de tomate Panzani Tomacouli nature bio - 265g","p":1.03,"u":"3,89 €/KG","img":"https://fd8-photos.leclercdrive.fr/image.ashx?id=2890604&use=l&cat=p&typeid=i","cat":288384},{"id":202623,"n":"Lentilles blondes Eco  500g","p":0.89,"u":"1,78 €/KG","img":"https://fd8-photos.leclercdrive.fr/image.ashx?id=2630049&use=l&cat=p&typeid=i","cat":284430},{"id":202647,"n":"Bière blonde Jenlain Pack 6x25cl","p":5.61,"u":"3,74 €/L","img":"https://fd8-photos.leclercdrive.fr/image.ashx?id=2474380&use=l&cat=p&typeid=i","cat":334852},{"id":202649,"n":"Bière blonde Jenlain 75 cl","p":2.56,"u":"3,41 €/L","img":"https://fd8-photos.leclercdrive.fr/image.ashx?id=2732851&use=l&cat=p&typeid=i","cat":334852},{"id":202675,"n":"Pavé d'Affinois Extra gourmand - 200g","p":2.46,"u":"12,30 €/KG","img":"https://fd8-photos.leclercdrive.fr/image.ashx?id=3002072&use=l&cat=p&typeid=i","cat":314033},{"id":202857,"n":"Couches Pampers Premium Protection - T2 - x54","p":16.62,"u":"0,31 €/P","img":"https://fd8-photos.leclercdrive.fr/image.ashx?id=2683367&use=l&cat=p&typeid=i","cat":284737},{"id":202870,"n":"Sucrines bicolores Panier du Primeur x3","p":1.29,"u":"0,43 €/P","img":"https://fd8-photos.leclercdrive.fr/image.ashx?id=2477544&use=l&cat=p&typeid=i","cat":284352},{"id":202871,"n":"Coeur de sucrine  Panier du Primeur x6","p":2.29,"u":"0,76 €/P","img":"https://fd8-photos.leclercdrive.fr/image.ashx?id=2477547&use=l&cat=p&typeid=i","cat":284352},{"id":202872,"n":"Sucrine Eco+ x2","p":0.89,"u":"0,45 €/P","img":"https://fd8-photos.leclercdrive.fr/image.ashx?id=2477535&use=l&cat=p&typeid=i","cat":284352},{"id":202877,"n":"Couches Pampers Baby Dry Pants - T4 - x42","p":16.91,"u":"0,40 €/P","img":"https://fd8-photos.leclercdrive.fr/image.ashx?id=2692785&use=l&cat=p&typeid=i","cat":284737},{"id":202879,"n":"Dos de cabillaud MSC Eco+ Sans peau et sans arête - 200g","p":4.58,"u":"22,90 €/KG","img":"https://fd8-photos.leclercdrive.fr/image.ashx?id=2714327&use=l&cat=p&typeid=i","cat":284342},{"id":202882,"n":"Filet de cabillaud MSC Eco+ Sans peau et sans arête - 200g","p":3.97,"u":"19,85 €/KG","img":"https://fd8-photos.leclercdrive.fr/image.ashx?id=2698558&use=l&cat=p&typeid=i","cat":284342},{"id":202883,"n":"Couches Pampers  Harmonie - T2 - x48","p":16.9,"u":"0,35 €/P","img":"https://fd8-photos.leclercdrive.fr/image.ashx?id=2476017&use=l&cat=p&typeid=i","cat":284737},{"id":202892,"n":"Filet de lieu noir Eco+ Sans peau et sans arête - 220g","p":2.97,"u":"13,50 €/KG","img":"https://fd8-photos.leclercdrive.fr/image.ashx?id=2966713&use=l&cat=p&typeid=i","cat":284342},{"id":202908,"n":"Skyr Yoplait  Nature 0%MG - 450G","p":2.22,"u":"4,93 €/KG","img":"https://fd8-photos.leclercdrive.fr/image.ashx?id=2884468&use=l&cat=p&typeid=i","cat":315000},{"id":202914,"n":"Serviettes fuites urinaires Tadam' Maxi x12","p":6.0,"u":"0,50 €/P","img":"https://fd8-photos.leclercdrive.fr/image.ashx?id=2497575&use=l&cat=p&typeid=i","cat":284628},{"id":203036,"n":"Gel douche Mixa Bébé  Très Doux Corps Cheveux - 300ml","p":3.05,"u":"10,17 €/L","img":"https://fd8-photos.leclercdrive.fr/image.ashx?id=2479318&use=l&cat=p&typeid=i","cat":284740},{"id":203037,"n":"Shampooing Mixa Bébé  Très Doux - 300ml","p":2.43,"u":"8,10 €/L","img":"https://fd8-photos.leclercdrive.fr/image.ashx?id=2479321&use=l&cat=p&typeid=i","cat":284740},{"id":203041,"n":"Lait de toilette Mixa Bébé  Très Doux - 300ml","p":2.48,"u":"8,27 €/L","img":"https://fd8-photos.leclercdrive.fr/image.ashx?id=2479324&use=l&cat=p&typeid=i","cat":284741},{"id":203042,"n":"Gel Toilette Intime Extra Doux Intima Natural Hamamélis 200ml","p":2.8,"u":"14,00 €/L","img":"https://fd8-photos.leclercdrive.fr/image.ashx?id=2959871&use=l&cat=p&typeid=i","cat":284627},{"id":203043,"n":"Gel Toilette Intime Régulateur Intima Natural Cranberry 200ml","p":3.34,"u":"16,70 €/L","img":"https://fd8-photos.leclercdrive.fr/image.ashx?id=2959874&use=l&cat=p&typeid=i","cat":284627},{"id":203044,"n":"Dentifrice Oral B Pro-Expert Dents sensibles - 75ml","p":3.48,"u":"46,40 €/L","img":"https://fd8-photos.leclercdrive.fr/image.ashx?id=2748647&use=l&cat=p&typeid=i","cat":284612},{"id":203051,"n":"Recharge Sense & Spray Glade Relaxing Zen - 18 ml","p":3.94,"u":"218,89 €/L","img":"https://fd8-photos.leclercdrive.fr/image.ashx?id=2634355&use=l&cat=p&typeid=i","cat":311629},{"id":203052,"n":"Recharge pour diffuseur Glade  Bois de Santal & Jasmin - 18ml","p":3.38,"u":"187,78 €/L","img":"https://fd8-photos.leclercdrive.fr/image.ashx?id=2634358&use=l&cat=p&typeid=i","cat":311629},{"id":203053,"n":"Diffuseur & recharge 18ml Glade Bois de Santal&Jasmin - 1 pièce","p":6.93,"pp":4.16,"u":"Dont 0,10 € d'éco-part.","img":"https://fd8-photos.leclercdrive.fr/image.ashx?id=2684293&use=l&cat=p&typeid=i","cat":311629},{"id":203055,"n":"Diffuseur Automatic Spray Glade Sandalwood & Jasmine - 269 ml","p":9.99,"img":"https://fd8-photos.leclercdrive.fr/image.ashx?id=2866007&use=l&cat=p&typeid=i","cat":311629},{"id":203063,"n":"Gel désodorisant Glade  Longue durée - Muguet - x1","p":1.42,"img":"https://fd8-photos.leclercdrive.fr/image.ashx?id=2479429&use=l&cat=p&typeid=i","cat":311628},{"id":203067,"n":"Crealine T.S. H2O Bioderma 500ml","p":10.79,"u":"21,58 €/L","img":"https://fd8-photos.leclercdrive.fr/image.ashx?id=2979947&use=l&cat=p&typeid=i","cat":301587},{"id":203068,"n":"Créaline H2O Bioderma Sans parfum 2x500ml","p":18.99,"u":"18,99 €/L","img":"https://fd8-photos.leclercdrive.fr/image.ashx?id=2956541&use=l&cat=p&typeid=i","cat":301587},{"id":203073,"n":"Crème Ultra Atoderm Nourrissante hydratante - 500ml","p":11.39,"u":"22,78 €/L","img":"https://fd8-photos.leclercdrive.fr/image.ashx?id=2981211&use=l&cat=p&typeid=i","cat":290421},{"id":203075,"n":"Crème Atoderm Bioderma Ultra-nourrissant - 2x500ml","p":21.9,"u":"21,90 €/L","img":"https://fd8-photos.leclercdrive.fr/image.ashx?id=2956553&use=l&cat=p&typeid=i","cat":290421},{"id":203089,"n":"Pizza au feu de bois Turini Chèvre et miel - 410g","p":2.65,"u":"6,46 €/KG","img":"https://fd8-photos.leclercdrive.fr/image.ashx?id=2816615&use=l&cat=p&typeid=i","cat":284256},{"id":203206,"n":"Mini oeufs Kinder Bueno Chocolat - 80g","p":3.4,"u":"42,50 €/KG","img":"https://fd8-photos.leclercdrive.fr/image.ashx?id=2866499&use=l&cat=p&typeid=i","cat":327592},{"id":203298,"n":"Raclette gratte givre Eco   1er prix - Vert - 1 pièce","p":0.67,"img":"https://fd8-photos.leclercdrive.fr/image.ashx?id=2486832&use=l&cat=p&typeid=i","cat":298252},{"id":203310,"n":"Diffuseur Touch & Fresh Glade Marine - 10 ml","p":4.25,"img":"https://fd8-photos.leclercdrive.fr/image.ashx?id=2914750&use=l&cat=p&typeid=i","cat":311629},{"id":203476,"n":"Mâche Eco+ 125g","p":0.99,"img":"https://fd8-photos.leclercdrive.fr/image.ashx?id=2958305&use=l&cat=p&typeid=i","cat":284352},{"id":203600,"n":"Craquant avoine Jardin Bio Equitable bio - 133g","p":2.08,"u":"15,64 €/KG","img":"https://fd8-photos.leclercdrive.fr/image.ashx?id=2967217&use=l&cat=p&typeid=i","cat":284954},{"id":203604,"n":"Banane Eco+ x4","p":0.79,"u":"0,20 €/P","img":"https://fd8-photos.leclercdrive.fr/image.ashx?id=2600252&use=l&cat=p&typeid=i","cat":284356},{"id":203608,"n":"Houmous de pois chiches Bio  et local - 135g","p":3.42,"u":"25,33 €/KG","img":"https://fd8-photos.leclercdrive.fr/image.ashx?id=2495082&use=l&cat=p&typeid=i","cat":284451},{"id":203609,"n":"Caviar d'aubergine Bio et local 135g","p":3.4,"u":"27,20 €/KG","img":"https://fd8-photos.leclercdrive.fr/image.ashx?id=2495088&use=l&cat=p&typeid=i","cat":284451},{"id":203610,"n":"Houmous carotte Cumin Bio et local 135g","p":3.28,"u":"24,30 €/KG","img":"https://fd8-photos.leclercdrive.fr/image.ashx?id=2495094&use=l&cat=p&typeid=i","cat":284451},{"id":203611,"n":"Houmous champignons bio  et local 135g","p":3.96,"u":"29,33 €/KG","img":"https://fd8-photos.leclercdrive.fr/image.ashx?id=2495136&use=l&cat=p&typeid=i","cat":284451},{"id":203614,"n":"Velouté Poireaux/Pomme de terre Bio - 75cl","p":5.98,"u":"7,97 €/L","img":"https://fd8-photos.leclercdrive.fr/image.ashx?id=2495106&use=l&cat=p&typeid=i","cat":284462},{"id":203615,"n":"Pesto d'épinard aux amandes  135g","p":3.56,"u":"26,37 €/KG","img":"https://fd8-photos.leclercdrive.fr/image.ashx?id=2495079&use=l&cat=p&typeid=i","cat":318430},{"id":203616,"n":"Velouté Courge/Pomme de terre Bio - 75cl","p":5.97,"u":"7,96 €/L","img":"https://fd8-photos.leclercdrive.fr/image.ashx?id=2495109&use=l&cat=p&typeid=i","cat":284462},{"id":203617,"n":"Velouté Courgette Bio - Pomme de terre 75cl","p":5.97,"u":"7,96 €/L","img":"https://fd8-photos.leclercdrive.fr/image.ashx?id=2495133&use=l&cat=p&typeid=i","cat":284462},{"id":203626,"n":"Ratatouille Bio 580g","p":6.33,"u":"10,91 €/KG","img":"https://fd8-photos.leclercdrive.fr/image.ashx?id=2687068&use=l&cat=p&typeid=i","cat":312612},{"id":203627,"n":"Légumes couscous Bio 770g","p":8.31,"u":"10,79 €/KG","img":"https://fd8-photos.leclercdrive.fr/image.ashx?id=2495070&use=l&cat=p&typeid=i","cat":312612},{"id":203628,"n":"Caviar des canuts bio 135g","p":3.28,"u":"24,30 €/KG","img":"https://fd8-photos.leclercdrive.fr/image.ashx?id=2495127&use=l&cat=p&typeid=i","cat":284451},{"id":203629,"n":"Tartinable Betterave framboise  bio 135g","p":3.9,"u":"28,89 €/KG","img":"https://fd8-photos.leclercdrive.fr/image.ashx?id=2495124&use=l&cat=p&typeid=i","cat":284451},{"id":203635,"n":"Confit d'oignon Bio 130g","p":3.81,"u":"29,31 €/KG","img":"https://fd8-photos.leclercdrive.fr/image.ashx?id=2495112&use=l&cat=p&typeid=i","cat":284458},{"id":203636,"n":"Gaspacho classique Tomate, concombre, poivron 75cl","p":6.7,"u":"8,93 €/L","img":"https://fd8-photos.leclercdrive.fr/image.ashx?id=2495076&use=l&cat=p&typeid=i","cat":284462},{"id":203638,"n":"Velouté potimarron bio patate douce 75cl","p":6.54,"u":"8,72 €/L","img":"https://fd8-photos.leclercdrive.fr/image.ashx?id=2495103&use=l&cat=p&typeid=i","cat":284462},{"id":203701,"n":"Couches Pampers Premium  Protection Taille 2 - x114","p":34.19,"u":"0,30 €/P","img":"https://fd8-photos.leclercdrive.fr/image.ashx?id=2624339&use=l&cat=p&typeid=i","cat":284737},{"id":203706,"n":"Couches-culottes Pampers Pants Taille 3 - 6kg à 11kg - x104","p":33.8,"u":"0,33 €/P","img":"https://fd8-photos.leclercdrive.fr/image.ashx?id=2624348&use=l&cat=p&typeid=i","cat":290633},{"id":203710,"n":"Couches Pampers Baby Dry  Taille 2 - 4kg à 8kg - x124","p":31.83,"u":"0,26 €/P","img":"https://fd8-photos.leclercdrive.fr/image.ashx?id=2622846&use=l&cat=p&typeid=i","cat":284737},{"id":203712,"n":"Couches Pampers Baby Dry Taille 4+ - 10kg à 15kg - x86","p":33.16,"u":"0,39 €/P","img":"https://fd8-photos.leclercdrive.fr/image.ashx?id=2677567&use=l&cat=p&typeid=i","cat":284737},{"id":203754,"n":"Sauce Pesto Barilla Basilic Pistache - 190g","p":2.9,"u":"15,26 €/KG","img":"https://fd8-photos.leclercdrive.fr/image.ashx?id=2486455&use=l&cat=p&typeid=i","cat":287599},{"id":203783,"n":"Grilletine Pasquier Céréales et graines - 255g","p":2.09,"u":"8,20 €/KG","img":"https://fd8-photos.leclercdrive.fr/image.ashx?id=2642393&use=l&cat=p&typeid=i","cat":284479},{"id":203787,"n":"Pack Culottes Menstruelles X3 1achetée 2 offertes dentelle XS","p":34.95,"u":"11,65 €/P","img":"https://fd8-photos.leclercdrive.fr/image.ashx?id=2795273&use=l&cat=p&typeid=i","cat":284624},{"id":203788,"n":"Pack Culottes Menstruelles x3 1 achetée 2 offertes dentelle S","p":34.95,"u":"11,65 €/P","img":"https://fd8-photos.leclercdrive.fr/image.ashx?id=2795276&use=l&cat=p&typeid=i","cat":284624},{"id":203789,"n":"Pack Culottes Menstruelles X3 1 achetée 2 offertes dentelle L","p":34.95,"u":"11,65 €/P","img":"https://fd8-photos.leclercdrive.fr/image.ashx?id=2795279&use=l&cat=p&typeid=i","cat":284624},{"id":203790,"n":"Pack Culottes Menstruelles X3 1achetée 2 offertes dentelle XL","p":34.95,"u":"11,65 €/P","img":"https://fd8-photos.leclercdrive.fr/image.ashx?id=2795282&use=l&cat=p&typeid=i","cat":284624},{"id":203801,"n":"Dentifrice Parodontax Haleine gencives et Sensibilité 75ml","p":5.02,"u":"66,93 €/L","img":"https://fd8-photos.leclercdrive.fr/image.ashx?id=2487084&use=l&cat=p&typeid=i","cat":284612},{"id":203821,"n":"Boîte chien Pedigree  Cuisinés en sauce - 6x400g","p":8.26,"u":"3,44 €/KG","img":"https://fd8-photos.leclercdrive.fr/image.ashx?id=2849722&use=l&cat=p&typeid=i","cat":288578},{"id":203822,"n":"Boîte chien Pedigree Cuisinés en sauce - 4x400g","p":5.95,"u":"3,72 €/KG","img":"https://fd8-photos.leclercdrive.fr/image.ashx?id=2849719&use=l&cat=p&typeid=i","cat":288578},{"id":203823,"n":"Sachet fraicheur chat Whiskas Carte mixte en gelée - 48x85g","p":16.29,"u":"3,99 €/KG","img":"https://fd8-photos.leclercdrive.fr/image.ashx?id=2486916&use=l&cat=p&typeid=i","cat":285286},{"id":203826,"n":"Sachet fraicheur chat Whiskas Poissons en gelée - 12x85g","p":4.77,"u":"4,68 €/KG","img":"https://fd8-photos.leclercdrive.fr/image.ashx?id=2486910&use=l&cat=p&typeid=i","cat":285286},{"id":203828,"n":"Sachet repas chaton Whiskas Festins volaille gelée - 12x85g","p":5.57,"u":"5,46 €/KG","img":"https://fd8-photos.leclercdrive.fr/image.ashx?id=2487093&use=l&cat=p&typeid=i","cat":285286},{"id":203829,"n":"Gel Douche extra doux Lait Le Petit Marseillais 3x250ml","p":4.5,"u":"6,00 €/L","img":"https://fd8-photos.leclercdrive.fr/image.ashx?id=2487012&use=l&cat=p&typeid=i","cat":284594},{"id":203830,"n":"Gel Douche extra doux Amande Le Petit Marseillais 3x250ml","p":4.34,"u":"5,79 €/L","img":"https://fd8-photos.leclercdrive.fr/image.ashx?id=2763556&use=l&cat=p&typeid=i","cat":284594},{"id":203909,"n":"Serviettes hygiéniques Always Ultra - Secure night - T4 - x18","p":4.28,"u":"0,24 €/P","img":"https://fd8-photos.leclercdrive.fr/image.ashx?id=2761417&use=l&cat=p&typeid=i","cat":284624},{"id":203925,"n":"Brossettes Brosse à dents OralB Pro 3+1 brossettes Noire","p":57.57,"u":"14,39 €/P","img":"https://fd8-photos.leclercdrive.fr/image.ashx?id=2593080&use=l&cat=p&typeid=i","cat":297133},{"id":204050,"n":"Haricots vert Bio Village Bio 220g","p":1.49,"u":"6,77 €/KG","img":"https://fd8-photos.leclercdrive.fr/image.ashx?id=3002716&use=l&cat=p&typeid=i","cat":312606},{"id":204054,"n":"Thon entier Pèche Océan MSC 2x70g","p":1.59,"u":"11,36 €/KG","img":"https://fd8-photos.leclercdrive.fr/image.ashx?id=2942238&use=l&cat=p&typeid=i","cat":303867},{"id":204056,"n":"Céréales Spécial K Kellogg's Fruits rouges - 450g","p":4.08,"u":"9,07 €/KG","img":"https://fd8-photos.leclercdrive.fr/image.ashx?id=2775029&use=l&cat=p&typeid=i","cat":309512},{"id":204057,"n":"Céréales Spécial K Kellogg's Chocolat noir - 500g","p":3.96,"u":"7,92 €/KG","img":"https://fd8-photos.leclercdrive.fr/image.ashx?id=2692710&use=l&cat=p&typeid=i","cat":309512},{"id":204058,"n":"Céréales Special K Kellogg's Chocolat au Lait - 500g","p":4.02,"u":"8,04 €/KG","img":"https://fd8-photos.leclercdrive.fr/image.ashx?id=2692713&use=l&cat=p&typeid=i","cat":309512},{"id":204061,"n":"Mais Bio Village Bio - 285g","p":1.09,"u":"3,82 €/KG","img":"https://fd8-photos.leclercdrive.fr/image.ashx?id=3002719&use=l&cat=p&typeid=i","cat":312611},{"id":204072,"n":"Compotes douceur du Verger Pomme Vanille - 4x100g","p":1.36,"u":"3,40 €/KG","img":"https://fd8-photos.leclercdrive.fr/image.ashx?id=2487401&use=l&cat=p&typeid=i","cat":284416},{"id":204073,"n":"Fromage Fouetté Ail Fines Herbe à tartiner Les Croisés - 150g","p":1.53,"u":"10,20 €/KG","img":"https://fd8-photos.leclercdrive.fr/image.ashx?id=2487398&use=l&cat=p&typeid=i","cat":314029},{"id":204131,"n":"Nettoyant four Decapfour  Express - 500ml","p":3.45,"u":"6,90 €/L","img":"https://fd8-photos.leclercdrive.fr/image.ashx?id=2489719&use=l&cat=p&typeid=i","cat":325363},{"id":204135,"n":"Bière 1664 blonde  5.5%vol 25cl","p":0.79,"u":"3,16 €/L","img":"https://fd8-photos.leclercdrive.fr/image.ashx?id=2668323&use=l&cat=p&typeid=i","cat":334873},{"id":204157,"n":"Pâte feuilletée Herta Trésor de Grand-Mère  280g","p":1.65,"u":"5,89 €/KG","img":"https://fd8-photos.leclercdrive.fr/image.ashx?id=2833303&use=l&cat=p&typeid=i","cat":333681},{"id":204158,"n":"Pâte brisée Herta Trésor de Grand-Mère - 280g","p":1.71,"u":"6,11 €/KG","img":"https://fd8-photos.leclercdrive.fr/image.ashx?id=2833306&use=l&cat=p&typeid=i","cat":333681},{"id":204159,"n":"Pâte à tarte sablée Herta Trésor de Grand-Mère - 280g","p":1.88,"u":"6,71 €/KG","img":"https://fd8-photos.leclercdrive.fr/image.ashx?id=2814536&use=l&cat=p&typeid=i","cat":333681},{"id":204162,"n":"Boîte chien Pedigree Terrine - 6x400g","p":8.79,"img":"https://fd8-photos.leclercdrive.fr/image.ashx?id=2849725&use=l&cat=p&typeid=i","cat":288578},{"id":204168,"n":"Rasoir xtreme 3 Wilkinson Sensitive - x24","p":21.76,"img":"https://fd8-photos.leclercdrive.fr/image.ashx?id=2844691&use=l&cat=p&typeid=i","cat":284616},{"id":204169,"n":"Sachet fraicheur chat Whiskas Festins volaille gelée - 12x85g","p":4.87,"u":"4,77 €/KG","img":"https://fd8-photos.leclercdrive.fr/image.ashx?id=2490329&use=l&cat=p&typeid=i","cat":285286},{"id":204179,"n":"Sachet fraicheur chat Whiskas Tasty Mix en sauce - 40x85g","p":16.11,"u":"4,74 €/KG","img":"https://fd8-photos.leclercdrive.fr/image.ashx?id=2589488&use=l&cat=p&typeid=i","cat":285286},{"id":204205,"n":"Gel douche pamplemousse orange  Le Petit Marseillais - 2x650ml","p":5.91,"u":"4,55 €/L","img":"https://fd8-photos.leclercdrive.fr/image.ashx?id=2491586&use=l&cat=p&typeid=i","cat":284594},{"id":204221,"n":"Mon jambon supérieur Madrange Au torchon - 4 tranches - 160g","p":2.41,"u":"15,06 €/KG","img":"https://fd8-photos.leclercdrive.fr/image.ashx?id=3008203&use=l&cat=p&typeid=i","cat":316009},{"id":204225,"n":"Rasoir GilletteLabs Barre exfoliante - 5 lames - x1","p":48.78,"img":"https://fd8-photos.leclercdrive.fr/image.ashx?id=2623322&use=l&cat=p&typeid=i","cat":284616},{"id":204246,"n":"Lames Gillette Labs x10","p":49.0,"u":"4,90 €/P","img":"https://fd8-photos.leclercdrive.fr/image.ashx?id=2497794&use=l&cat=p&typeid=i","cat":284616},{"id":204249,"n":"Galettes Moelleuses St Michel  Tigrées Chocolat - 180g","p":1.78,"u":"9,89 €/KG","img":"https://fd8-photos.leclercdrive.fr/image.ashx?id=2950006&use=l&cat=p&typeid=i","cat":284495},{"id":204302,"n":"Shampoing nutrition Ultra Doux Lait de coco - 300ml","p":3.11,"u":"10,37 €/L","img":"https://fd8-photos.leclercdrive.fr/image.ashx?id=2492788&use=l&cat=p&typeid=i","cat":284606},{"id":204303,"n":"Shampoing purifiant Ultra Doux Cheveux gras - 300ml","p":2.92,"u":"9,73 €/L","img":"https://fd8-photos.leclercdrive.fr/image.ashx?id=2492791&use=l&cat=p&typeid=i","cat":284606},{"id":204304,"n":"Shampoing Illuminant Ultra Doux Camomille - 300ml","p":2.66,"u":"8,87 €/L","img":"https://fd8-photos.leclercdrive.fr/image.ashx?id=2926596&use=l&cat=p&typeid=i","cat":284606},{"id":204305,"n":"Shampoing nutrition Ultra Doux Argan et camélia - 300ml","p":2.65,"u":"8,83 €/L","img":"https://fd8-photos.leclercdrive.fr/image.ashx?id=2492797&use=l&cat=p&typeid=i","cat":284606},{"id":204306,"n":"Shampoing nutrition Ultra Doux Cheveu Bouclé à Frisé - 300ml","p":2.57,"u":"8,57 €/L","img":"https://fd8-photos.leclercdrive.fr/image.ashx?id=2926599&use=l&cat=p&typeid=i","cat":284606},{"id":204307,"n":"Shampoing Couleur Ultra Doux Cheveux colorés - 300ml","p":2.65,"u":"8,83 €/L","img":"https://fd8-photos.leclercdrive.fr/image.ashx?id=2492803&use=l&cat=p&typeid=i","cat":284606},{"id":204308,"n":"Shampoing Enfants Ultra Doux Abricot - 300ml","p":2.69,"u":"8,97 €/L","img":"https://fd8-photos.leclercdrive.fr/image.ashx?id=2851093&use=l&cat=p&typeid=i","cat":284606},{"id":204310,"n":"Shampoing Hydratant Ultra Doux Cheveux délicats - 300ml","p":2.69,"u":"8,97 €/L","img":"https://fd8-photos.leclercdrive.fr/image.ashx?id=2492812&use=l&cat=p&typeid=i","cat":284606},{"id":204311,"n":"Shampoing doux Ultra Doux Extrait de tilleul - 300ml","p":2.8,"u":"9,33 €/L","img":"https://fd8-photos.leclercdrive.fr/image.ashx?id=2492815&use=l&cat=p&typeid=i","cat":284606},{"id":204313,"n":"Après-shampooing karité Garnier Cheveu bouclé à Frisé - 250ml","p":2.64,"u":"10,56 €/L","img":"https://fd8-photos.leclercdrive.fr/image.ashx?id=2986651&use=l&cat=p&typeid=i","cat":284607},{"id":204314,"n":"Après-shampoing Ultra doux Cheveux fragiles - 250ml","p":2.73,"u":"10,92 €/L","img":"https://fd8-photos.leclercdrive.fr/image.ashx?id=2646569&use=l&cat=p&typeid=i","cat":284607},{"id":204315,"n":"Démêlant nourrissant Garnier Cheveu sec à très sec - 250ml","p":2.89,"u":"11,56 €/L","img":"https://fd8-photos.leclercdrive.fr/image.ashx?id=2492827&use=l&cat=p&typeid=i","cat":284607},{"id":204316,"n":"Shampoing réparateur Ultra Doux Cheveux fragiles - 300ml","p":2.69,"u":"8,97 €/L","img":"https://fd8-photos.leclercdrive.fr/image.ashx?id=2646572&use=l&cat=p&typeid=i","cat":284606},{"id":204317,"n":"Lingettes balai Swiffer WetJet Anti-poussière x10","p":6.23,"img":"https://fd8-photos.leclercdrive.fr/image.ashx?id=2497752&use=l&cat=p&typeid=i","cat":null},{"id":204318,"n":"Kit balai spray Swiffer WetJet","p":27.44,"img":"https://fd8-photos.leclercdrive.fr/image.ashx?id=2492929&use=l&cat=p&typeid=i","cat":284669},{"id":204327,"n":"Soupe instantanée Royco  Velouté Tomates - 4x200ml","p":1.38,"u":"1,73 €/L","img":"https://fd8-photos.leclercdrive.fr/image.ashx?id=2650991&use=l&cat=p&typeid=i","cat":293527},{"id":204328,"n":"Soupe instantanée Royco  Mouliné 12 Légumes - 4x200ml","p":1.6,"u":"2,00 €/L","img":"https://fd8-photos.leclercdrive.fr/image.ashx?id=2650994&use=l&cat=p&typeid=i","cat":293527},{"id":204386,"n":"Mini pizzas Piccolinis Buitoni Bolognaise x9 - 270g","p":2.48,"u":"9,19 €/KG","img":"https://fd8-photos.leclercdrive.fr/image.ashx?id=2493655&use=l&cat=p&typeid=i","cat":319774},{"id":204438,"n":"Oignon rouge Bio  Bio Village - 500g","p":2.49,"u":"4,98 €/KG","img":"https://fd8-photos.leclercdrive.fr/image.ashx?id=2922460&use=l&cat=p&typeid=i","cat":284352},{"id":204488,"n":"Dentifrice Aquafresh Triple Protection Blancheur - 125ml","p":1.76,"u":"14,08 €/L","img":"https://fd8-photos.leclercdrive.fr/image.ashx?id=2546755&use=l&cat=p&typeid=i","cat":284612},{"id":204496,"n":"Cotons démaquillants Demakup Sensitive - 6x64","p":6.91,"u":"0,02 €/P","img":"https://fd8-photos.leclercdrive.fr/image.ashx?id=2745283&use=l&cat=p&typeid=i","cat":285593},{"id":204702,"n":"BB Crème Soin tout en 1 Garnier Teinte medium - 50ml","p":7.32,"u":"146,40 €/L","img":"https://fd8-photos.leclercdrive.fr/image.ashx?id=2494977&use=l&cat=p&typeid=i","cat":325345},{"id":204705,"n":"Pruneaux d'Agen géants IGP Dénoyautés - 250g","p":3.28,"u":"13,12 €/KG","img":"https://fd8-photos.leclercdrive.fr/image.ashx?id=2516635&use=l&cat=p&typeid=i","cat":284357},{"id":204717,"n":"Soda Schweppes Saveur Agrumes Zero - 1,5L","p":1.75,"u":"1,17 €/L","img":"https://fd8-photos.leclercdrive.fr/image.ashx?id=2852444&use=l&cat=p&typeid=i","cat":284532},{"id":204718,"n":"Soda Schweppes Saveur Agrumes - 1,5L","p":1.66,"u":"1,11 €/L","img":"https://fd8-photos.leclercdrive.fr/image.ashx?id=2852447&use=l&cat=p&typeid=i","cat":284532},{"id":204719,"n":"Soda Schweppes Indian Tonic - 1,5L","p":1.7,"u":"1,13 €/L","img":"https://fd8-photos.leclercdrive.fr/image.ashx?id=2852456&use=l&cat=p&typeid=i","cat":284531},{"id":204731,"n":"Sachet fraîcheur chat Whiskas  Sélection en sauce - 12x85g","p":5.21,"u":"5,11 €/KG","img":"https://fd8-photos.leclercdrive.fr/image.ashx?id=2495764&use=l&cat=p&typeid=i","cat":285286},{"id":204734,"n":"Boîte chien Pedigree Cuisinés en sauce - 3x800g","p":7.3,"u":"3,04 €/KG","img":"https://fd8-photos.leclercdrive.fr/image.ashx?id=2849731&use=l&cat=p&typeid=i","cat":288578},{"id":204747,"n":"Dentifrice Aquafresh Menthe fraîche - 125ml","p":1.98,"u":"15,84 €/L","img":"https://fd8-photos.leclercdrive.fr/image.ashx?id=2546752&use=l&cat=p&typeid=i","cat":284612},{"id":204748,"n":"Boisson énergisante Red Bull Goût Abricot-Fraise, 250ml","p":1.27,"u":"5,08 €/L","img":"https://fd8-photos.leclercdrive.fr/image.ashx?id=3011995&use=l&cat=p&typeid=i","cat":284533},{"id":204788,"n":"Gnocchi à poêler Lustucru 325g","p":1.5,"u":"4,62 €/KG","img":"https://fd8-photos.leclercdrive.fr/image.ashx?id=2975218&use=l&cat=p&typeid=i","cat":333682},{"id":204789,"n":"Gnocchi à poêler Lustucru 520g","p":2.24,"u":"4,31 €/KG","img":"https://fd8-photos.leclercdrive.fr/image.ashx?id=2792423&use=l&cat=p&typeid=i","cat":333682},{"id":204791,"n":"Gnocchi à poêler Lustucru  Format XXL - 720g","p":2.85,"u":"3,96 €/KG","img":"https://fd8-photos.leclercdrive.fr/image.ashx?id=2788556&use=l&cat=p&typeid=i","cat":333682},{"id":204792,"n":"Girasoli Lustucru Tomate Basilic Mozzarella 250g","p":2.45,"u":"9,80 €/KG","img":"https://fd8-photos.leclercdrive.fr/image.ashx?id=2974363&use=l&cat=p&typeid=i","cat":333682},{"id":204796,"n":"Tortellini Lustucru Jambon cru - 250g","p":2.38,"u":"9,52 €/KG","img":"https://fd8-photos.leclercdrive.fr/image.ashx?id=2974360&use=l&cat=p&typeid=i","cat":333682},{"id":204898,"n":"Hachés spécial burger 100% végétal Accro - 2x100g","p":3.86,"u":"19,30 €/KG","img":"https://fd8-photos.leclercdrive.fr/image.ashx?id=2529081&use=l&cat=p&typeid=i","cat":316036},{"id":205171,"n":"Soupe instantanée Royco  Velouté 12 Légumes - 4x200ml","p":1.61,"u":"2,01 €/L","img":"https://fd8-photos.leclercdrive.fr/image.ashx?id=2650997&use=l&cat=p&typeid=i","cat":293527},{"id":205232,"n":"Serviettes Always Ultra Normal Plus - T1 - x14","p":2.51,"u":"0,18 €/P","img":"https://fd8-photos.leclercdrive.fr/image.ashx?id=2851321&use=l&cat=p&typeid=i","cat":284624},{"id":205233,"n":"Serviettes Always Ultra Long - T2 - x12","p":2.53,"u":"0,21 €/P","img":"https://fd8-photos.leclercdrive.fr/image.ashx?id=2851324&use=l&cat=p&typeid=i","cat":284624},{"id":205235,"n":"Serviettes Always Ultra Secure night -T4 - x9","p":2.66,"u":"0,30 €/P","img":"https://fd8-photos.leclercdrive.fr/image.ashx?id=2851330&use=l&cat=p&typeid=i","cat":284624},{"id":205236,"n":"Protège-slip Always Fresh & Protect - Normal - x30","p":1.63,"u":"0,05 €/P","img":"https://fd8-photos.leclercdrive.fr/image.ashx?id=2949070&use=l&cat=p&typeid=i","cat":284625},{"id":205237,"n":"Sérum anti-âge L'Oréal Paris Revitalift Vitamine C - 30ml","p":14.16,"u":"472,00 €/L","img":"https://fd8-photos.leclercdrive.fr/image.ashx?id=3003351&use=l&cat=p&typeid=i","cat":325345},{"id":205238,"n":"Savon Eco+ Amande douce - 150g","p":0.61,"u":"4,07 €/KG","img":"https://fd8-photos.leclercdrive.fr/image.ashx?id=2499058&use=l&cat=p&typeid=i","cat":284597},{"id":205239,"n":"Nettoyant four Decapfour Confort - 500ml","p":3.75,"u":"7,50 €/L","img":"https://fd8-photos.leclercdrive.fr/image.ashx?id=2499669&use=l&cat=p&typeid=i","cat":325363},{"id":205281,"n":"Huile d'olive vierge extra Terra Delyssa - 75cl","p":7.51,"u":"10,01 €/L","img":"https://fd8-photos.leclercdrive.fr/image.ashx?id=2679356&use=l&cat=p&typeid=i","cat":284453},{"id":205303,"n":"Gel lavant Sanytol Désinfectant cuisine - 250ml","p":2.84,"u":"11,36 €/L","img":"https://fd8-photos.leclercdrive.fr/image.ashx?id=2904661&use=l&cat=p&typeid=i","cat":284597},{"id":205304,"n":"Bandes de cire froide Expert Veet Corps Peaux sensibles x40","p":8.8,"u":"0,22 €/P","img":"https://fd8-photos.leclercdrive.fr/image.ashx?id=2964959&use=l&cat=p&typeid=i","cat":325351},{"id":205305,"n":"Bandes de cire froide Expert Veet Visage Peaux sensibles x20","p":5.38,"u":"0,27 €/P","img":"https://fd8-photos.leclercdrive.fr/image.ashx?id=2915440&use=l&cat=p&typeid=i","cat":325351},{"id":205311,"n":"Masque Remède Garnier Cheveux normaux à gras - 340ml","p":5.09,"u":"14,97 €/L","img":"https://fd8-photos.leclercdrive.fr/image.ashx?id=2500171&use=l&cat=p&typeid=i","cat":284608},{"id":205312,"n":"Coloration Permanente Olia 4.0 Châtain cacao","p":11.54,"img":"https://fd8-photos.leclercdrive.fr/image.ashx?id=2518718&use=l&cat=p&typeid=i","cat":288899},{"id":205313,"n":"Coloration Permanente Olia 5.0 Châtain Clair Café","p":12.41,"img":"https://fd8-photos.leclercdrive.fr/image.ashx?id=2521167&use=l&cat=p&typeid=i","cat":288899},{"id":205314,"n":"Coloration Permanente Olia 6.0 Châtain Très Clair","p":11.52,"img":"https://fd8-photos.leclercdrive.fr/image.ashx?id=2521170&use=l&cat=p&typeid=i","cat":288899},{"id":205315,"n":"Coloration Permanente Olia 8.0 Blond miel sans ammoniaque","p":12.13,"u":"12,13 €/TRC","img":"https://fd8-photos.leclercdrive.fr/image.ashx?id=2521173&use=l&cat=p&typeid=i","cat":288899},{"id":205317,"n":"Après-Shampooing Garnier Cheveux normaux à gras - 200ml","p":2.4,"u":"12,00 €/L","img":"https://fd8-photos.leclercdrive.fr/image.ashx?id=2500174&use=l&cat=p&typeid=i","cat":284607},{"id":205318,"n":"Shampoing charbon Ultra Doux Equilibrant - 250ml","p":2.39,"u":"9,56 €/L","img":"https://fd8-photos.leclercdrive.fr/image.ashx?id=2500177&use=l&cat=p&typeid=i","cat":284606},{"id":205319,"n":"Coloration Garnier Good 3.12 Châtain foncé Myrtille","p":12.29,"img":"https://fd8-photos.leclercdrive.fr/image.ashx?id=2521176&use=l&cat=p&typeid=i","cat":288899},{"id":205320,"n":"Masque Assouplissant Garnier Cheveu sec à très sec - 340ml","p":5.08,"u":"14,94 €/L","img":"https://fd8-photos.leclercdrive.fr/image.ashx?id=2500162&use=l&cat=p&typeid=i","cat":284608},{"id":205321,"n":"Masque Merveilleux Garnier Cheveux Secs, Ternes - 340ml","p":5.05,"u":"14,85 €/L","img":"https://fd8-photos.leclercdrive.fr/image.ashx?id=2500165&use=l&cat=p&typeid=i","cat":284608},{"id":205322,"n":"Masque remède Nutrition Garnier Avocat karité - 340ml","p":4.67,"u":"13,74 €/L","img":"https://fd8-photos.leclercdrive.fr/image.ashx?id=2875453&use=l&cat=p&typeid=i","cat":284608},{"id":205327,"n":"Pâte Nocciolata Bio cacao 250g","p":3.48,"u":"13,92 €/KG","img":"https://fd8-photos.leclercdrive.fr/image.ashx?id=2807897&use=l&cat=p&typeid=i","cat":284481},{"id":205344,"n":"Pâte à tartiner Nocciolata  Bio cacao Noisettes - 650g","p":7.63,"u":"11,74 €/KG","img":"https://fd8-photos.leclercdrive.fr/image.ashx?id=2883248&use=l&cat=p&typeid=i","cat":284481},{"id":205347,"n":"Pâte à Nocciolata  Bio Cacao - 250g","p":3.26,"u":"13,04 €/KG","img":"https://fd8-photos.leclercdrive.fr/image.ashx?id=2883251&use=l&cat=p&typeid=i","cat":284481},{"id":205351,"n":"Pâte à tartiner Nocciolata  Bio - 650g","p":8.23,"u":"12,66 €/KG","img":"https://fd8-photos.leclercdrive.fr/image.ashx?id=2868194&use=l&cat=p&typeid=i","cat":284481},{"id":205439,"n":"Sirop sans sucre Teisseire  Fraise - 60cl","p":2.99,"u":"4,98 €/L","img":"https://fd8-photos.leclercdrive.fr/image.ashx?id=2500455&use=l&cat=p&typeid=i","cat":295020},{"id":205510,"n":"Huile L'Origine du Goût À la truffe - 25Cl","p":5.99,"u":"23,96 €/L","img":"https://fd8-photos.leclercdrive.fr/image.ashx?id=2647922&use=l&cat=p&typeid=i","cat":284453},{"id":205522,"n":"Shampoing Réparateur Elsève Pro Bond Repair - 200ml","p":5.83,"u":"29,15 €/L","img":"https://fd8-photos.leclercdrive.fr/image.ashx?id=3008779&use=l&cat=p&typeid=i","cat":284606},{"id":205525,"n":"Démêlant Intense Elsève Pro Bond Repair - 150ml","p":5.8,"u":"38,67 €/L","img":"https://fd8-photos.leclercdrive.fr/image.ashx?id=3008782&use=l&cat=p&typeid=i","cat":284607},{"id":205594,"n":"IGP Pruneaux d'Agen dénoyautés Nos Régions ont du Talent 375g","p":3.11,"u":"8,29 €/KG","img":"https://fd8-photos.leclercdrive.fr/image.ashx?id=2583837&use=l&cat=p&typeid=i","cat":284357},{"id":205636,"n":"Couches Pampers Premium protection T3 - x102","p":49.9,"u":"0,49 €/P","img":"https://fd8-photos.leclercdrive.fr/image.ashx?id=2512027&use=l&cat=p&typeid=i","cat":284737},{"id":205638,"n":"Couches Pampers  Premium protection T4 - x86","p":49.9,"u":"0,58 €/P","img":"https://fd8-photos.leclercdrive.fr/image.ashx?id=2501775&use=l&cat=p&typeid=i","cat":284737},{"id":205655,"n":"Couches Pampers Baby Dry Taille 4 - 9 à 15kg - x90","p":49.9,"u":"0,55 €/P","img":"https://fd8-photos.leclercdrive.fr/image.ashx?id=2517049&use=l&cat=p&typeid=i","cat":284737},{"id":205804,"n":"Salade de pomme de terre  au saucisson cuit de Lyon 300g","p":2.52,"u":"8,40 €/KG","img":"https://fd8-photos.leclercdrive.fr/image.ashx?id=2768975&use=l&cat=p&typeid=i","cat":333657},{"id":205805,"n":"Salade de lentilles au saucisson cuit de Lyon 300g","p":2.55,"u":"8,50 €/KG","img":"https://fd8-photos.leclercdrive.fr/image.ashx?id=2768978&use=l&cat=p&typeid=i","cat":333657},{"id":205892,"n":"Nettoyant multi-usages Mr Propre - Savon noir - 1L","p":3.26,"u":"3,26 €/L","img":"https://fd8-photos.leclercdrive.fr/image.ashx?id=2889976&use=l&cat=p&typeid=i","cat":284907},{"id":205921,"n":"Glace à la Crème de Marrons  Clément Faugier - 320g","p":5.39,"u":"16,84 €/KG","img":"https://fd8-photos.leclercdrive.fr/image.ashx?id=2867113&use=l&cat=p&typeid=i","cat":284725},{"id":205934,"n":"Culottes Pampers Premium P Protection - T4 - x31","p":16.32,"u":"0,53 €/P","img":"https://fd8-photos.leclercdrive.fr/image.ashx?id=2670881&use=l&cat=p&typeid=i","cat":290633},{"id":205938,"n":"Couches Pampers Baby-dry Taille 2 - x58","p":16.25,"u":"0,28 €/P","img":"https://fd8-photos.leclercdrive.fr/image.ashx?id=2655151&use=l&cat=p&typeid=i","cat":284737},{"id":205942,"n":"Couches Pampers Baby-dry T3 - x52","p":16.1,"u":"0,31 €/P","img":"https://fd8-photos.leclercdrive.fr/image.ashx?id=2655154&use=l&cat=p&typeid=i","cat":284737},{"id":205957,"n":"Fromage Persillée Bresse Bleu Le véritable - 300g","p":3.97,"u":"13,23 €/KG","img":"https://fd8-photos.leclercdrive.fr/image.ashx?id=2926515&use=l&cat=p&typeid=i","cat":314032},{"id":205979,"n":"Glaces en tube Yeti Multi saveurs x24 - 720g","p":3.47,"u":"4,82 €/KG","img":"https://fd8-photos.leclercdrive.fr/image.ashx?id=2733817&use=l&cat=p&typeid=i","cat":285250},{"id":206033,"n":"Biscuits Mots Doux P'tit Déli Chocolat noisettes - 180g","p":1.89,"u":"10,50 €/KG","img":"https://fd8-photos.leclercdrive.fr/image.ashx?id=2771136&use=l&cat=p&typeid=i","cat":284488},{"id":206120,"n":"Crème dépilatoire Expert Veet Corps Peaux sensibles 200ml","p":4.9,"u":"24,50 €/L","img":"https://fd8-photos.leclercdrive.fr/image.ashx?id=2970804&use=l&cat=p&typeid=i","cat":325351},{"id":206122,"n":"Liquide vaisselle Rainett Concentré - Framboise - 500ml","p":1.82,"u":"3,64 €/L","img":"https://fd8-photos.leclercdrive.fr/image.ashx?id=2508792&use=l&cat=p&typeid=i","cat":284655},{"id":206123,"n":"Liquide vaisselle Paic Bi Activ Vinaigre et Sel minéral - 750ml","p":2.96,"u":"3,95 €/L","img":"https://fd8-photos.leclercdrive.fr/image.ashx?id=2508843&use=l&cat=p&typeid=i","cat":284655},{"id":206125,"n":"Riz parfumé  1kg","p":2.29,"u":"2,29 €/KG","img":"https://fd8-photos.leclercdrive.fr/image.ashx?id=2515521&use=l&cat=p&typeid=i","cat":284428},{"id":206126,"n":"Infusion La Tisanière Nuit calme - x20 - 28g","p":2.68,"u":"95,71 €/KG","img":"https://fd8-photos.leclercdrive.fr/image.ashx?id=2907863&use=l&cat=p&typeid=i","cat":293234},{"id":206128,"n":"Pâte à tartiner Nocciolata Bio Praliné Noisettes - 250g","p":3.51,"u":"14,04 €/KG","img":"https://fd8-photos.leclercdrive.fr/image.ashx?id=2883254&use=l&cat=p&typeid=i","cat":284481},{"id":206138,"n":"Boisson concentrée Teisseire Grenadine zéro sucres - 1,3L","p":4.97,"u":"3,82 €/L","img":"https://fd8-photos.leclercdrive.fr/image.ashx?id=2508585&use=l&cat=p&typeid=i","cat":295020},{"id":206139,"n":"Sirop Teisseire Cassis - 60cl","p":3.3,"u":"5,50 €/L","img":"https://fd8-photos.leclercdrive.fr/image.ashx?id=2508588&use=l&cat=p&typeid=i","cat":295020},{"id":206140,"n":"Sirop concentré Teisseire Citron vert - 60cl","p":3.3,"u":"5,50 €/L","img":"https://fd8-photos.leclercdrive.fr/image.ashx?id=2508591&use=l&cat=p&typeid=i","cat":295020},{"id":206142,"n":"Sirop Teisseire  Fraise - 60cl","p":3.3,"u":"5,50 €/L","img":"https://fd8-photos.leclercdrive.fr/image.ashx?id=2771750&use=l&cat=p&typeid=i","cat":295020},{"id":206143,"n":"Sirop Teisseire  Pêche - 60cl","p":3.3,"u":"5,50 €/L","img":"https://fd8-photos.leclercdrive.fr/image.ashx?id=2508597&use=l&cat=p&typeid=i","cat":295020},{"id":206144,"n":"Boisson concentrée Teisseire A diluer grenadine Zéro - 60cl","p":2.72,"u":"4,53 €/L","img":"https://fd8-photos.leclercdrive.fr/image.ashx?id=2508600&use=l&cat=p&typeid=i","cat":295020},{"id":206147,"n":"Boisson concentrée Teisseire Menthe verte sans sucres - 60cl","p":2.74,"u":"4,57 €/L","img":"https://fd8-photos.leclercdrive.fr/image.ashx?id=2508603&use=l&cat=p&typeid=i","cat":295020},{"id":206149,"n":"Boisson concentrée Teisseire Citron sans sucres - 60cl","p":2.89,"u":"4,82 €/L","img":"https://fd8-photos.leclercdrive.fr/image.ashx?id=2508606&use=l&cat=p&typeid=i","cat":295020},{"id":206154,"n":"Saucisson Herta  Fuet - 180g","p":3.0,"u":"16,67 €/KG","img":"https://fd8-photos.leclercdrive.fr/image.ashx?id=2767648&use=l&cat=p&typeid=i","cat":316006},{"id":206158,"n":"Steaks végétaux et gourmands Happyvore x2 - 200g","p":3.69,"u":"18,45 €/KG","img":"https://fd8-photos.leclercdrive.fr/image.ashx?id=2736148&use=l&cat=p&typeid=i","cat":316036},{"id":206163,"n":"Sirop Teisseire  Menthe verte - 60cl","p":2.25,"u":"3,75 €/L","img":"https://fd8-photos.leclercdrive.fr/image.ashx?id=2772726&use=l&cat=p&typeid=i","cat":295020},{"id":206164,"n":"Sirop Teisseire  Grenadine - 60cl","p":2.2,"u":"3,67 €/L","img":"https://fd8-photos.leclercdrive.fr/image.ashx?id=2772729&use=l&cat=p&typeid=i","cat":295020},{"id":206169,"n":"Sirop Tesseire Citron - 60cl","p":2.25,"u":"3,75 €/L","img":"https://fd8-photos.leclercdrive.fr/image.ashx?id=2771747&use=l&cat=p&typeid=i","cat":295020},{"id":206170,"n":"Sirop Teisseire Framboise - 60cl","p":3.47,"u":"5,78 €/L","img":"https://fd8-photos.leclercdrive.fr/image.ashx?id=2509331&use=l&cat=p&typeid=i","cat":295020},{"id":206172,"n":"Biscuits Kinder Tronky fourrés Cacao et au lait  - 90g","p":2.0,"u":"22,22 €/KG","img":"https://fd8-photos.leclercdrive.fr/image.ashx?id=2916462&use=l&cat=p&typeid=i","cat":284488},{"id":206192,"n":"Soda Schweppes Saveur Agrumes - 4x1,5L","p":6.7,"u":"1,12 €/L","img":"https://fd8-photos.leclercdrive.fr/image.ashx?id=2852453&use=l&cat=p&typeid=i","cat":284532},{"id":206194,"n":"Couches Pampers Baby-Dry Taille 2 - 4 à 8kg - x174","p":52.3,"u":"0,30 €/P","img":"https://fd8-photos.leclercdrive.fr/image.ashx?id=2509895&use=l&cat=p&typeid=i","cat":284737},{"id":206195,"n":"Couches Pampers Baby-Dry Taille 3 - 6 à 10kg - x156","p":49.76,"u":"0,32 €/P","img":"https://fd8-photos.leclercdrive.fr/image.ashx?id=2624369&use=l&cat=p&typeid=i","cat":284737},{"id":206197,"n":"Couches Pampers Baby-Dry Taille 4+ - 10 à 15kg - x120","p":47.92,"u":"0,40 €/P","img":"https://fd8-photos.leclercdrive.fr/image.ashx?id=2624375&use=l&cat=p&typeid=i","cat":284737},{"id":206211,"n":"Olives vertes dénoyautées  À la Provençale - 200g","p":2.94,"u":"14,70 €/KG","img":"https://fd8-photos.leclercdrive.fr/image.ashx?id=2647796&use=l&cat=p&typeid=i","cat":316002},{"id":206227,"n":"Crème anti-démangeaisons BepanthenSensicalm - 20g","p":5.9,"u":"295,00 €/KG","img":"https://fd8-photos.leclercdrive.fr/image.ashx?id=2508981&use=l&cat=p&typeid=i","cat":290405},{"id":206230,"n":"Huile essentielle Puressentiel Camomille Romaine - 5ml","p":9.9,"img":"https://fd8-photos.leclercdrive.fr/image.ashx?id=2508984&use=l&cat=p&typeid=i","cat":298633},{"id":206261,"n":"Eau oxygénée Gilbert 30 volumes - 250ml","p":3.79,"u":"15,16 €/L","img":"https://fd8-photos.leclercdrive.fr/image.ashx?id=2509646&use=l&cat=p&typeid=i","cat":291163},{"id":206263,"n":"Anti-adhésif Gilbert 125ml","p":3.89,"u":"31,12 €/L","img":"https://fd8-photos.leclercdrive.fr/image.ashx?id=2509652&use=l&cat=p&typeid=i","cat":291163},{"id":206264,"n":"Crème d'eau Uriage Eau Thermale 40ml","p":13.59,"u":"339,75 €/L","img":"https://fd8-photos.leclercdrive.fr/image.ashx?id=2509038&use=l&cat=p&typeid=i","cat":291171},{"id":206291,"n":"Couchues-culottes Pampers  Baby-Dry Taille 4 - x126","p":49.36,"u":"49,36 €/TRC","img":"https://fd8-photos.leclercdrive.fr/image.ashx?id=2551778&use=l&cat=p&typeid=i","cat":290633},{"id":206293,"n":"Couches Pampers Harmonie  Taille 2 -  4 à 8kg - x144","p":61.04,"u":"0,42 €/P","img":"https://fd8-photos.leclercdrive.fr/image.ashx?id=2509916&use=l&cat=p&typeid=i","cat":284737},{"id":206298,"n":"Sirop Teisseire  Abricot - 60cl","p":2.53,"u":"4,22 €/L","img":"https://fd8-photos.leclercdrive.fr/image.ashx?id=2510774&use=l&cat=p&typeid=i","cat":295020},{"id":206299,"n":"Sirop Teisseire  Cerise - 60cl","p":3.4,"u":"5,67 €/L","img":"https://fd8-photos.leclercdrive.fr/image.ashx?id=2510777&use=l&cat=p&typeid=i","cat":295020},{"id":206300,"n":"Sirop Teisseire  Fruit de la passion - 60cl","p":3.59,"u":"5,98 €/L","img":"https://fd8-photos.leclercdrive.fr/image.ashx?id=2510780&use=l&cat=p&typeid=i","cat":295020},{"id":206365,"n":"Spray hypertonique Marimer Nez bouché - 100ml","p":3.9,"u":"39,00 €/L","img":"https://fd8-photos.leclercdrive.fr/image.ashx?id=2519174&use=l&cat=p&typeid=i","cat":301256},{"id":206379,"n":"Recharge gel lavant Topialyse SVR - 1L","p":8.6,"pp":6.45,"u":"6,45 €/L","img":"https://fd8-photos.leclercdrive.fr/image.ashx?id=2510130&use=l&cat=p&typeid=i","cat":301591},{"id":206380,"n":"Recharge Huile lavante Topyalise SVR - 1L","p":11.19,"pp":8.39,"u":"8,39 €/L","img":"https://fd8-photos.leclercdrive.fr/image.ashx?id=2510133&use=l&cat=p&typeid=i","cat":301591},{"id":206385,"n":"Huile essentielle Puressentiel Ravintsara Bio - 10ml","p":6.98,"u":"698,00 €/L","img":"https://fd8-photos.leclercdrive.fr/image.ashx?id=2510142&use=l&cat=p&typeid=i","cat":298633},{"id":206397,"n":"Rêve de miel baume lèvres Nuxe  Nourrissant & réparateur - 15g","p":7.29,"img":"https://fd8-photos.leclercdrive.fr/image.ashx?id=2651504&use=l&cat=p&typeid=i","cat":291172},{"id":206401,"n":"Berocca immunité Flash Orange Effervescents - x30","p":11.6,"img":"https://fd8-photos.leclercdrive.fr/image.ashx?id=2510103&use=l&cat=p&typeid=i","cat":301264},{"id":206414,"n":"Gummies cheveux Forcapil  Croissance - x60","p":16.9,"img":"https://fd8-photos.leclercdrive.fr/image.ashx?id=2939934&use=l&cat=p&typeid=i","cat":301266},{"id":206422,"n":"Arkomag magnésium B6 Arkopharma Nervosité et fatigue - x120","p":6.49,"u":"0,05 €/P","img":"https://fd8-photos.leclercdrive.fr/image.ashx?id=2510936&use=l&cat=p&typeid=i","cat":301264},{"id":206423,"n":"Crème protectrice visage Bébé Calendula - 50ml","p":5.9,"u":"118,00 €/L","img":"https://fd8-photos.leclercdrive.fr/image.ashx?id=2510118&use=l&cat=p&typeid=i","cat":291171},{"id":206424,"n":"1ère huile lavante bébé Uriage 500ml","p":11.49,"u":"22,98 €/L","img":"https://fd8-photos.leclercdrive.fr/image.ashx?id=2510124&use=l&cat=p&typeid=i","cat":290425},{"id":206426,"n":"Gummies sommeil Forté Pharma Forté Nuit - x20","p":13.2,"img":"https://fd8-photos.leclercdrive.fr/image.ashx?id=2510969&use=l&cat=p&typeid=i","cat":301265},{"id":206434,"n":"Ortis Fruits &Fibres Forte Transit intestinal - 2x12","p":9.99,"pp":6.99,"u":"0,29 €/P","img":"https://fd8-photos.leclercdrive.fr/image.ashx?id=2510166&use=l&cat=p&typeid=i","cat":301268},{"id":206439,"n":"Pâte à tartiner Nocciolata  Bio - Crunchy - 250g","p":3.63,"u":"14,52 €/KG","img":"https://fd8-photos.leclercdrive.fr/image.ashx?id=2905078&use=l&cat=p&typeid=i","cat":284481},{"id":206442,"n":"Sirop Kiwi Teisseire  60cl","p":3.32,"u":"5,53 €/L","img":"https://fd8-photos.leclercdrive.fr/image.ashx?id=2510783&use=l&cat=p&typeid=i","cat":295020},{"id":206473,"n":"Huile prodigieuse Nuxe  Visage, corps, cheveux - 50ml","p":13.9,"u":"278,00 €/L","img":"https://fd8-photos.leclercdrive.fr/image.ashx?id=2651486&use=l&cat=p&typeid=i","cat":290422},{"id":206474,"n":"Huile relaxante Weleda Lavande - 100ml","p":13.1,"u":"131,00 €/L","img":"https://fd8-photos.leclercdrive.fr/image.ashx?id=2510482&use=l&cat=p&typeid=i","cat":290422},{"id":206476,"n":"Magné control 2 MOIS BT 60 2 mois - x60","p":7.69,"u":"0,13 €/P","img":"https://fd8-photos.leclercdrive.fr/image.ashx?id=2510485&use=l&cat=p&typeid=i","cat":301264},{"id":206534,"n":"Dos de lieu noir Eco+ 200g","p":3.99,"u":"19,95 €/KG","img":"https://fd8-photos.leclercdrive.fr/image.ashx?id=2966716&use=l&cat=p&typeid=i","cat":284342},{"id":206537,"n":"Cookies La Biscuiterie Delacre Chocolat et noisette - 136g","p":2.24,"u":"16,47 €/KG","img":"https://fd8-photos.leclercdrive.fr/image.ashx?id=2784752&use=l&cat=p&typeid=i","cat":325066},{"id":206538,"n":"Cookies La Biscuiterie Delacre Chocolat noir et lait - 136g","p":2.26,"u":"16,62 €/KG","img":"https://fd8-photos.leclercdrive.fr/image.ashx?id=2661667&use=l&cat=p&typeid=i","cat":325066},{"id":206577,"n":"Crème fluide UHT Président Secret de Crème - 3x20cl","p":3.46,"u":"5,77 €/L","img":"https://fd8-photos.leclercdrive.fr/image.ashx?id=2678999&use=l&cat=p&typeid=i","cat":284381},{"id":206582,"n":"Liquide vaiselle Paic Bi Activ Vinaigre et citron - 750ml","p":3.0,"u":"4,00 €/L","img":"https://fd8-photos.leclercdrive.fr/image.ashx?id=2966797&use=l&cat=p&typeid=i","cat":284655},{"id":206583,"n":"Liquide vaiselle Paic Bi Activ Vinaigre et menthol - 750ml","p":2.91,"u":"3,88 €/L","img":"https://fd8-photos.leclercdrive.fr/image.ashx?id=2512075&use=l&cat=p&typeid=i","cat":284655},{"id":206598,"n":"Couches Pampers Baby-Dry Taille 3 - 6 à 10kg - x112","p":33.67,"u":"0,30 €/P","img":"https://fd8-photos.leclercdrive.fr/image.ashx?id=2677561&use=l&cat=p&typeid=i","cat":284737},{"id":206606,"n":"Bâtonnets Trium Vanille chocolat blanc x4 314g","p":2.8,"u":"8,92 €/KG","img":"https://fd8-photos.leclercdrive.fr/image.ashx?id=2791392&use=l&cat=p&typeid=i","cat":284265},{"id":206612,"n":"Brûleur de graisse Forté Pharma XtraSlim max 24 - 60 comprimés","p":39.9,"img":"https://fd8-photos.leclercdrive.fr/image.ashx?id=2512258&use=l&cat=p&typeid=i","cat":301267},{"id":206613,"n":"Thé glacé Oasis Ice Tea Saveur Framboise Cassis - 1,5L","p":1.9,"u":"1,27 €/L","img":"https://fd8-photos.leclercdrive.fr/image.ashx?id=2681730&use=l&cat=p&typeid=i","cat":295019},{"id":206615,"n":"Boisson aux fruits Oasis Tropical sans sucres - 1,5L","p":2.0,"u":"1,33 €/L","img":"https://fd8-photos.leclercdrive.fr/image.ashx?id=2681739&use=l&cat=p&typeid=i","cat":295018},{"id":206617,"n":"Lessive liquide Arbre Vert Recharge x34 - 1.53L","p":6.08,"u":"3,97 €/L","img":"https://fd8-photos.leclercdrive.fr/image.ashx?id=2680209&use=l&cat=p&typeid=i","cat":284640},{"id":206661,"n":"Pré shampooing Elsève  Pro Bond Repair - 200ml","p":8.48,"u":"42,40 €/L","img":"https://fd8-photos.leclercdrive.fr/image.ashx?id=2870680&use=l&cat=p&typeid=i","cat":284606},{"id":206725,"n":"Bâtonnet Magnum Double Sunlover x4 - 300g","p":3.78,"u":"12,60 €/KG","img":"https://fd8-photos.leclercdrive.fr/image.ashx?id=2886397&use=l&cat=p&typeid=i","cat":284265},{"id":206726,"n":"Glace Bâtonnet MAGNUM Double Caramel 4x85ml","p":3.08,"u":"10,85 €/KG","img":"https://fd8-photos.leclercdrive.fr/image.ashx?id=2770626&use=l&cat=p&typeid=i","cat":284265},{"id":206727,"n":"Bâtonnet Magnum Double Chocolat x4 - 284g","p":3.08,"u":"10,85 €/KG","img":"https://fd8-photos.leclercdrive.fr/image.ashx?id=3009284&use=l&cat=p&typeid=i","cat":284265},{"id":206888,"n":"Beurre bio C'est Qui Le Patron Doux - 82% MG - 250g","p":3.25,"u":"13,00 €/KG","img":"https://fd8-photos.leclercdrive.fr/image.ashx?id=2938764&use=l&cat=p&typeid=i","cat":284379},{"id":206893,"n":"Tranches de chèvre Soignon  150g","p":2.95,"u":"19,67 €/KG","img":"https://fd8-photos.leclercdrive.fr/image.ashx?id=2762229&use=l&cat=p&typeid=i","cat":314028},{"id":206897,"n":"Beurre Bio C'est Qui Le Patron Demi-sel - 80% MG - 250g","p":3.25,"u":"13,00 €/KG","img":"https://fd8-photos.leclercdrive.fr/image.ashx?id=2938767&use=l&cat=p&typeid=i","cat":284379},{"id":206921,"n":"Lessive en poudre L'Arbre Vert 1.8kg","p":7.95,"u":"4,42 €/KG","img":"https://fd8-photos.leclercdrive.fr/image.ashx?id=2794445&use=l&cat=p&typeid=i","cat":284642},{"id":206924,"n":"White Spirit Mieuxa 1L","p":5.86,"u":"5,86 €/L","img":"https://fd8-photos.leclercdrive.fr/image.ashx?id=2563553&use=l&cat=p&typeid=i","cat":300576},{"id":206935,"n":"Thon entier Eco+ 140g","p":1.33,"u":"9,50 €/KG","img":"https://fd8-photos.leclercdrive.fr/image.ashx?id=2755004&use=l&cat=p&typeid=i","cat":303867},{"id":206936,"n":"Légum' Vapeur Notre Jardin Petits pois & carottes 265g","p":1.45,"u":"5,47 €/KG","img":"https://fd8-photos.leclercdrive.fr/image.ashx?id=3002647&use=l&cat=p&typeid=i","cat":312607},{"id":206950,"n":"Gaufrettes P'tit Déli Fourrés - 128g","p":1.59,"u":"12,42 €/KG","img":"https://fd8-photos.leclercdrive.fr/image.ashx?id=2842522&use=l&cat=p&typeid=i","cat":284488},{"id":206981,"n":"Rôti de poulet Fleury Michon 100% filet CSN x4 - 150g","p":2.46,"u":"16,40 €/KG","img":"https://fd8-photos.leclercdrive.fr/image.ashx?id=2892670&use=l&cat=p&typeid=i","cat":316010},{"id":206985,"n":"Haché de jambon Fleury Michon À poêler x2 - 190g","p":1.51,"u":"7,95 €/KG","img":"https://fd8-photos.leclercdrive.fr/image.ashx?id=2518649&use=l&cat=p&typeid=i","cat":316009},{"id":206994,"n":"Allumettes de poulet  Fleury Michon x2 - 150g","p":1.73,"u":"11,53 €/KG","img":"https://fd8-photos.leclercdrive.fr/image.ashx?id=2659647&use=l&cat=p&typeid=i","cat":316011},{"id":206995,"n":"Cocktail prêt à boire Tails Rhum Daiquiri 14,9° - 50cl","p":14.8,"u":"29,60 €/L","img":"https://fd8-photos.leclercdrive.fr/image.ashx?id=2859860&use=l&cat=p&typeid=i","cat":284551},{"id":206997,"n":"Couscous à la marocaine légumes Fleury Michon - 450g","p":3.86,"u":"8,58 €/KG","img":"https://fd8-photos.leclercdrive.fr/image.ashx?id=2656724&use=l&cat=p&typeid=i","cat":333665},{"id":207010,"n":"Aiguillettes de poulet rôti Fleury Michon - CSN - 150g","p":2.37,"u":"15,80 €/KG","img":"https://fd8-photos.leclercdrive.fr/image.ashx?id=2642555&use=l&cat=p&typeid=i","cat":316011},{"id":207017,"n":"Monster Top Speed Zero 50CL","p":1.55,"u":"3,10 €/L","img":"https://fd8-photos.leclercdrive.fr/image.ashx?id=2861174&use=l&cat=p&typeid=i","cat":284533},{"id":207034,"n":"Chair tomates Bio Village 400g","p":2.2,"u":"5,50 €/KG","img":"https://fd8-photos.leclercdrive.fr/image.ashx?id=2518568&use=l&cat=p&typeid=i","cat":288384},{"id":207042,"n":"Sirop Teisseire Grenadine Bidon mega - 1.3L","p":5.23,"u":"4,02 €/L","img":"https://fd8-photos.leclercdrive.fr/image.ashx?id=2519480&use=l&cat=p&typeid=i","cat":295020},{"id":207043,"n":"Lessive Liquide L'Arbre Vert Savon végétal 45 lavages 2,025L","p":6.65,"u":"3,28 €/L","img":"https://fd8-photos.leclercdrive.fr/image.ashx?id=3008542&use=l&cat=p&typeid=i","cat":284640},{"id":207044,"n":"Recharge Lessive l'Arbre Vert Amande Douce 34 lavages 1,53L","p":6.48,"u":"4,24 €/L","img":"https://fd8-photos.leclercdrive.fr/image.ashx?id=2684503&use=l&cat=p&typeid=i","cat":284640},{"id":207047,"n":"Beurre de cacahuètes Menguy's 454g","p":4.07,"u":"8,96 €/KG","img":"https://fd8-photos.leclercdrive.fr/image.ashx?id=2844088&use=l&cat=p&typeid=i","cat":284481},{"id":207073,"n":"Tablette lave vaiselle L'Arbre Vert Tout-en-1 - x32","p":4.99,"u":"8,54 €/KG","img":"https://fd8-photos.leclercdrive.fr/image.ashx?id=2672332&use=l&cat=p&typeid=i","cat":284656},{"id":207074,"n":"Vaisselle mains L'Arbre Vert Peaux sensibles - 500ml","p":1.62,"u":"3,24 €/L","img":"https://fd8-photos.leclercdrive.fr/image.ashx?id=2845428&use=l&cat=p&typeid=i","cat":284655},{"id":207075,"n":"Vaisselle Main L'Arbre Vert Amande - 500ml","p":1.54,"u":"3,08 €/L","img":"https://fd8-photos.leclercdrive.fr/image.ashx?id=2845431&use=l&cat=p&typeid=i","cat":284655},{"id":207076,"n":"Recharge Vaisselle mains L'Arbre Vert - Amande - 1L","p":2.79,"u":"2,79 €/L","img":"https://fd8-photos.leclercdrive.fr/image.ashx?id=2849926&use=l&cat=p&typeid=i","cat":284655},{"id":207101,"n":"Boîte Cotons tiges Feel Natural Blanc - Bambou - x200","p":0.91,"img":"https://fd8-photos.leclercdrive.fr/image.ashx?id=2544888&use=l&cat=p&typeid=i","cat":284636},{"id":207137,"n":"Assouplissant Minidou Vent de fraîcheur - 1L - x50","p":4.22,"u":"4,22 €/L","img":"https://fd8-photos.leclercdrive.fr/image.ashx?id=2795887&use=l&cat=p&typeid=i","cat":284650},{"id":207139,"n":"Serviettes hygiéniques Always  Ultra - Secure night - x18","p":4.67,"u":"0,26 €/P","img":"https://fd8-photos.leclercdrive.fr/image.ashx?id=2849436&use=l&cat=p&typeid=i","cat":284624},{"id":207140,"n":"Serviettes hygiéniques Always Ultra - Secure night extra- x16","p":3.67,"u":"0,23 €/P","img":"https://fd8-photos.leclercdrive.fr/image.ashx?id=3000878&use=l&cat=p&typeid=i","cat":284624},{"id":207141,"n":"Préservatifs Durex Nude Extra Fins Peau contre Peau x10","p":7.98,"u":"0,80 €/P","img":"https://fd8-photos.leclercdrive.fr/image.ashx?id=2962017&use=l&cat=p&typeid=i","cat":284631},{"id":207154,"n":"Thon naturel Petit Navire 112g","p":2.3,"u":"20,54 €/KG","img":"https://fd8-photos.leclercdrive.fr/image.ashx?id=3003092&use=l&cat=p&typeid=i","cat":303867},{"id":207162,"n":"Sauce rouleaux de printemps Tanoshi - 250ml","p":2.45,"u":"9,80 €/L","img":"https://fd8-photos.leclercdrive.fr/image.ashx?id=2913229&use=l&cat=p&typeid=i","cat":288992},{"id":207171,"n":"Nouilles de riz précuites  Tanoshi saveur pho bœuf - 380g","p":2.99,"u":"7,87 €/KG","img":"https://fd8-photos.leclercdrive.fr/image.ashx?id=2999988&use=l&cat=p&typeid=i","cat":288992},{"id":207173,"n":"Sauce nems Tanoshi 150ml","p":1.97,"u":"13,13 €/L","img":"https://fd8-photos.leclercdrive.fr/image.ashx?id=2921615&use=l&cat=p&typeid=i","cat":288992},{"id":207174,"n":"Nouilles vermicelles de riz Tanoshi Vietnam 250g","p":1.8,"u":"7,20 €/KG","img":"https://fd8-photos.leclercdrive.fr/image.ashx?id=2732290&use=l&cat=p&typeid=i","cat":288992},{"id":207175,"n":"Kit bobun Tanoshi 485g","p":5.29,"u":"10,91 €/KG","img":"https://fd8-photos.leclercdrive.fr/image.ashx?id=2850910&use=l&cat=p&typeid=i","cat":288992},{"id":207184,"n":"Compotes Pom'Potes Pomme, Pomme brugnon - 96x90g","p":29.18,"u":"3,38 €/KG","img":"https://fd8-photos.leclercdrive.fr/image.ashx?id=2918547&use=l&cat=p&typeid=i","cat":284508},{"id":207198,"n":"Recharge lessive liquide  Rainette Aloe vera - 1.6L","p":5.99,"u":"3,74 €/L","img":"https://fd8-photos.leclercdrive.fr/image.ashx?id=2858684&use=l&cat=p&typeid=i","cat":284640},{"id":207199,"n":"Recharge lessive liquide  Rainett Savon de Marseille 1.6L","p":6.42,"u":"4,01 €/L","img":"https://fd8-photos.leclercdrive.fr/image.ashx?id=2842129&use=l&cat=p&typeid=i","cat":284640},{"id":207209,"n":"Yaourt nature Calin Extra 8x100g","p":1.91,"u":"2,39 €/KG","img":"https://fd8-photos.leclercdrive.fr/image.ashx?id=2973745&use=l&cat=p&typeid=i","cat":284409},{"id":207210,"n":"Fromage à tartiner Kiri Délicieusement fouetté - 125g","p":2.27,"u":"18,16 €/KG","img":"https://fd8-photos.leclercdrive.fr/image.ashx?id=2686591&use=l&cat=p&typeid=i","cat":314029},{"id":207220,"n":"Prodigieux lait parfumé Nuxe  Corps sublimateur - 200ml","p":13.99,"u":"69,95 €/L","img":"https://fd8-photos.leclercdrive.fr/image.ashx?id=2651480&use=l&cat=p&typeid=i","cat":290421},{"id":207230,"n":"Crème prodigieuse boost Nuxe  Gel baume yeux anti-âge - 15ml","p":19.79,"img":"https://fd8-photos.leclercdrive.fr/image.ashx?id=2583924&use=l&cat=p&typeid=i","cat":291172},{"id":207237,"n":"Rêve de miel baume visage Nuxe  Jour & nuit - 50ml","p":22.09,"u":"441,80 €/L","img":"https://fd8-photos.leclercdrive.fr/image.ashx?id=2651513&use=l&cat=p&typeid=i","cat":291171},{"id":207244,"n":"Bière Framboise Hibiscus Sans Alcool Tourtel Twist 3x27,5cl","p":2.69,"u":"9,78 €/L","img":"https://fd8-photos.leclercdrive.fr/image.ashx?id=2522692&use=l&cat=p&typeid=i","cat":334877},{"id":207246,"n":"Bière au jus de pêche blanche thé vert Tourtel Twist 27,5cl","p":2.69,"u":"9,78 €/L","img":"https://fd8-photos.leclercdrive.fr/image.ashx?id=2522689&use=l&cat=p&typeid=i","cat":334877},{"id":207249,"n":"Dentifrice Oral-B Protège et nettoie - 75ml","p":2.18,"u":"29,07 €/L","img":"https://fd8-photos.leclercdrive.fr/image.ashx?id=2957683&use=l&cat=p&typeid=i","cat":284612},{"id":207262,"n":"Capsules Nescafé Dolce Gusto  Grande - x16","p":5.02,"u":"36,91 €/KG","img":"https://fd8-photos.leclercdrive.fr/image.ashx?id=2964153&use=l&cat=p&typeid=i","cat":293239},{"id":207326,"n":"Super sérum anti-âge Nuxe  Concentré universel - 30ml","p":64.5,"img":"https://fd8-photos.leclercdrive.fr/image.ashx?id=2827308&use=l&cat=p&typeid=i","cat":291168},{"id":207332,"n":"Rêve de miel soin lèvres Nuxe  10ml","p":13.9,"img":"https://fd8-photos.leclercdrive.fr/image.ashx?id=2651546&use=l&cat=p&typeid=i","cat":291172},{"id":207333,"n":"Crème solaire visage corps Nuxe  Lait SPF50 - 150ml","p":17.2,"u":"114,67 €/L","img":"https://fd8-photos.leclercdrive.fr/image.ashx?id=2901941&use=l&cat=p&typeid=i","cat":290396},{"id":207335,"n":"Huile solaire visage corps Nuxe  Huile bronzante SPF50 - 150ml","p":16.99,"u":"113,27 €/L","img":"https://fd8-photos.leclercdrive.fr/image.ashx?id=2904176&use=l&cat=p&typeid=i","cat":290395},{"id":207336,"n":"Crème solaire visage corps Nuxe  Spray SPF30 - 150ml","p":16.89,"u":"112,60 €/L","img":"https://fd8-photos.leclercdrive.fr/image.ashx?id=2651558&use=l&cat=p&typeid=i","cat":290396},{"id":207388,"n":"Cornichon Français  Hugo Aigre-doux - 360g","p":3.47,"u":"9,64 €/KG","img":"https://fd8-photos.leclercdrive.fr/image.ashx?id=2524377&use=l&cat=p&typeid=i","cat":284458},{"id":207389,"n":"Cornichon Français Vinaigre 210g","p":4.0,"u":"19,05 €/KG","img":"https://fd8-photos.leclercdrive.fr/image.ashx?id=2899033&use=l&cat=p&typeid=i","cat":284458},{"id":207396,"n":"Galettes moelleuses St Michel Marbrée Chocolat - 180g","p":1.92,"u":"10,67 €/KG","img":"https://fd8-photos.leclercdrive.fr/image.ashx?id=2936263&use=l&cat=p&typeid=i","cat":284487},{"id":207401,"n":"Adoucissant Soupline  Éclat de Fraîcheur - 28p","p":6.12,"u":"0,22 €/P","img":"https://fd8-photos.leclercdrive.fr/image.ashx?id=2583509&use=l&cat=p&typeid=i","cat":284650},{"id":207402,"n":"Adoucissant Soupline  Hypoallergénique - 28p","p":6.28,"u":"0,22 €/P","img":"https://fd8-photos.leclercdrive.fr/image.ashx?id=2818827&use=l&cat=p&typeid=i","cat":284650},{"id":207450,"n":"Capsules Nescafé Dolce Gusto  Grande Intenso - x16","p":5.21,"u":"39,47 €/KG","img":"https://fd8-photos.leclercdrive.fr/image.ashx?id=2525962&use=l&cat=p&typeid=i","cat":293239},{"id":207456,"n":"Purée de fruits Eco+ x8 - 800g","p":1.79,"u":"2,24 €/KG","img":"https://fd8-photos.leclercdrive.fr/image.ashx?id=2523507&use=l&cat=p&typeid=i","cat":284416},{"id":207460,"n":"Crème glacée La Laitière Vanille bourbon - 490g","p":3.24,"pp":2.27,"u":"4,63 €/KG","img":"https://fd8-photos.leclercdrive.fr/image.ashx?id=3000009&use=l&cat=p&typeid=i","cat":284263},{"id":207467,"n":"Moutarde Forte Amora 430g","p":1.49,"u":"3,47 €/KG","img":"https://fd8-photos.leclercdrive.fr/image.ashx?id=2526079&use=l&cat=p&typeid=i","cat":288850},{"id":207469,"n":"Moutarde Forte Amora 185g","p":1.56,"u":"8,43 €/KG","img":"https://fd8-photos.leclercdrive.fr/image.ashx?id=2526082&use=l&cat=p&typeid=i","cat":288850},{"id":207471,"n":"Moutarde Mi-forte Amora 415g","p":1.5,"u":"3,61 €/KG","img":"https://fd8-photos.leclercdrive.fr/image.ashx?id=2993176&use=l&cat=p&typeid=i","cat":288850},{"id":207476,"n":"Moutarde de Dijon Fine MAILLE L'Original Bocal - 360g","p":1.47,"u":"4,08 €/KG","img":"https://fd8-photos.leclercdrive.fr/image.ashx?id=2945841&use=l&cat=p&typeid=i","cat":288850},{"id":207478,"n":"Moutarde à l'Ancienne MAILLE Bocal - 360g","p":2.54,"u":"7,06 €/KG","img":"https://fd8-photos.leclercdrive.fr/image.ashx?id=2664307&use=l&cat=p&typeid=i","cat":288850},{"id":207479,"n":"Bière Ninkasi Blanche Flower 75cl","p":4.83,"u":"6,44 €/L","img":"https://fd8-photos.leclercdrive.fr/image.ashx?id=2525189&use=l&cat=p&typeid=i","cat":334872},{"id":207480,"n":"Crème glacée La Laitière Caramel Beurre salé - 490g","p":3.24,"pp":2.27,"u":"4,63 €/KG","img":"https://fd8-photos.leclercdrive.fr/image.ashx?id=2877883&use=l&cat=p&typeid=i","cat":284263},{"id":207492,"n":"Crème glacée La Laitière Vanille pécan - 490g","p":3.24,"pp":2.27,"u":"4,63 €/KG","img":"https://fd8-photos.leclercdrive.fr/image.ashx?id=3000015&use=l&cat=p&typeid=i","cat":284263},{"id":207507,"n":"Piles Boutons Lithium Duracell CR 2430 - x2","p":5.9,"img":"https://fd8-photos.leclercdrive.fr/image.ashx?id=2525396&use=l&cat=p&typeid=i","cat":300572},{"id":207508,"n":"Piles Boutons Lithium Duracell CR 2450 - x2","p":5.6,"img":"https://fd8-photos.leclercdrive.fr/image.ashx?id=2594542&use=l&cat=p&typeid=i","cat":300572},{"id":207528,"n":"Lessive liquide L'Arbre Vert Peaux sensibles - x34 - 1.53L","p":6.98,"u":"4,56 €/L","img":"https://fd8-photos.leclercdrive.fr/image.ashx?id=3008536&use=l&cat=p&typeid=i","cat":284640},{"id":207529,"n":"Recharge lessive L'Arbre Vert Peaux sensibles - x34 - 1.53L","p":6.5,"u":"4,25 €/L","img":"https://fd8-photos.leclercdrive.fr/image.ashx?id=2680212&use=l&cat=p&typeid=i","cat":284640},{"id":207530,"n":"Vaisselle mains L'Arbre Vert Peaux sensibles - 750ml","p":1.47,"u":"1,96 €/L","img":"https://fd8-photos.leclercdrive.fr/image.ashx?id=2850575&use=l&cat=p&typeid=i","cat":284655},{"id":207531,"n":"Serviettes hygiéniques Always Ultra - Normal - x30","p":4.15,"img":"https://fd8-photos.leclercdrive.fr/image.ashx?id=2846496&use=l&cat=p&typeid=i","cat":284624},{"id":207533,"n":"Préservatifs Durex Feeling  Extra Fins Extra Lubrifiés x12","p":6.49,"img":"https://fd8-photos.leclercdrive.fr/image.ashx?id=2962014&use=l&cat=p&typeid=i","cat":284631},{"id":207536,"n":"Préservatifs Durex Nude Sans Latex Extra Lubrifié x10","p":7.46,"img":"https://fd8-photos.leclercdrive.fr/image.ashx?id=2730478&use=l&cat=p&typeid=i","cat":284631},{"id":207549,"n":"Shampoing purifiant Ultra Doux Force et Brillance - 300ml","p":2.96,"u":"9,87 €/L","img":"https://fd8-photos.leclercdrive.fr/image.ashx?id=2878072&use=l&cat=p&typeid=i","cat":284606},{"id":207551,"n":"Dentifrice Naturals Aquafresh Blancheur charbon - 75ml","p":1.89,"u":"25,20 €/L","img":"https://fd8-photos.leclercdrive.fr/image.ashx?id=2527079&use=l&cat=p&typeid=i","cat":284612},{"id":207553,"n":"Dentifrice Sensodyne  Junior - 6-12 ans - 50ml","p":3.85,"u":"77,00 €/L","img":"https://fd8-photos.leclercdrive.fr/image.ashx?id=2968920&use=l&cat=p&typeid=i","cat":288898},{"id":207555,"n":"Serviettes hygiéniques Always Ultra - Normal - x34","p":4.43,"u":"0,13 €/P","img":"https://fd8-photos.leclercdrive.fr/image.ashx?id=2866118&use=l&cat=p&typeid=i","cat":284624},{"id":207557,"n":"Préservatifs Durex Feeling  Extra Lubrifié Extra Fins x20","p":10.91,"u":"0,55 €/P","img":"https://fd8-photos.leclercdrive.fr/image.ashx?id=2964965&use=l&cat=p&typeid=i","cat":284631},{"id":207559,"n":"Préservatifs Durex Pleasure me Perlés et Nervurés x12","p":7.02,"u":"0,59 €/P","img":"https://fd8-photos.leclercdrive.fr/image.ashx?id=2730466&use=l&cat=p&typeid=i","cat":284631},{"id":207561,"n":"Recharge Savon Mains Dettol Miel et Beurre de Karité 250ml","p":3.31,"u":"13,24 €/L","img":"https://fd8-photos.leclercdrive.fr/image.ashx?id=2971751&use=l&cat=p&typeid=i","cat":284597},{"id":207588,"n":"Soupe de nouilles Oyakata Ramen miso et legumes - 89g","p":0.99,"u":"11,12 €/KG","img":"https://fd8-photos.leclercdrive.fr/image.ashx?id=2537252&use=l&cat=p&typeid=i","cat":288992},{"id":207590,"n":"Soupe de nouilles Oyakata Poulet Shio - 83g","p":0.99,"u":"11,93 €/KG","img":"https://fd8-photos.leclercdrive.fr/image.ashx?id=2536167&use=l&cat=p&typeid=i","cat":288992},{"id":207591,"n":"Soupe de nouilles Oyakata Sauce soja - 83g","p":1.0,"u":"12,05 €/KG","img":"https://fd8-photos.leclercdrive.fr/image.ashx?id=2536170&use=l&cat=p&typeid=i","cat":288992},{"id":207593,"n":"Fusilli Di Canossa Sauce bolognaise - 70g","p":1.89,"u":"27,00 €/KG","img":"https://fd8-photos.leclercdrive.fr/image.ashx?id=2988716&use=l&cat=p&typeid=i","cat":289010},{"id":207604,"n":"Bandes de cire froide Maillot Veet Expert Peaux sensibles x16","p":6.07,"u":"0,38 €/P","img":"https://fd8-photos.leclercdrive.fr/image.ashx?id=2970798&use=l&cat=p&typeid=i","cat":325351},{"id":207606,"n":"Stick lèvres Le Petit Olivier Argan - 4g","p":2.19,"u":"547,50 €/KG","img":"https://fd8-photos.leclercdrive.fr/image.ashx?id=2527979&use=l&cat=p&typeid=i","cat":285485},{"id":207607,"n":"Dentifrice Elmex Anti-caries - 75ml","p":4.9,"u":"65,33 €/L","img":"https://fd8-photos.leclercdrive.fr/image.ashx?id=2721184&use=l&cat=p&typeid=i","cat":284612},{"id":207608,"n":"Déodorant Spray 48h Men Expert Anti-traces - 150ml","p":3.06,"u":"20,40 €/L","img":"https://fd8-photos.leclercdrive.fr/image.ashx?id=2867545&use=l&cat=p&typeid=i","cat":284618},{"id":207609,"n":"Masque reconstituant Ultra doux Cheveu fragile cassant - 340ml","p":4.67,"u":"13,74 €/L","img":"https://fd8-photos.leclercdrive.fr/image.ashx?id=2646924&use=l&cat=p&typeid=i","cat":284608},{"id":207621,"n":"Carrés démaquillant Feel Natural - +Filet de lavage - x6","p":7.92,"img":"https://fd8-photos.leclercdrive.fr/image.ashx?id=2528066&use=l&cat=p&typeid=i","cat":285593},{"id":207627,"n":"ST MARC Pistolet Antibactérien - 750ml","p":2.02,"u":"2,69 €/L","img":"https://fd8-photos.leclercdrive.fr/image.ashx?id=2528054&use=l&cat=p&typeid=i","cat":325357},{"id":207637,"n":"Calculatrice Fx-92 Casio Collège - Classwiz - x1","p":19.67,"u":"Dont 0,05 € d'éco-part.","img":"https://fd8-photos.leclercdrive.fr/image.ashx?id=2544915&use=l&cat=p&typeid=i","cat":334133},{"id":207976,"n":"Feutre Fineliner Pilot Noir - x1","p":1.85,"img":"https://fd8-photos.leclercdrive.fr/image.ashx?id=2528681&use=l&cat=p&typeid=i","cat":284696},{"id":207993,"n":"Stylo Vball Pilot Bleu - Ecriture fine - 0.5","p":3.2,"img":"https://fd8-photos.leclercdrive.fr/image.ashx?id=2528684&use=l&cat=p&typeid=i","cat":284696},{"id":208083,"n":"Crayons à doigts Esquisse Baby - x10","p":3.99,"img":"https://fd8-photos.leclercdrive.fr/image.ashx?id=2531572&use=l&cat=p&typeid=i","cat":284696},{"id":208154,"n":"Huile prodigieuse or Nuxe  Visage, corps, cheveux - 100ml","p":25.9,"u":"259,00 €/L","img":"https://fd8-photos.leclercdrive.fr/image.ashx?id=2651489&use=l&cat=p&typeid=i","cat":290422},{"id":208158,"n":"Crème prodigieuse boost Nuxe  Huile anti-âge nuit - 50ml","p":28.59,"u":"571,80 €/L","img":"https://fd8-photos.leclercdrive.fr/image.ashx?id=2583921&use=l&cat=p&typeid=i","cat":291171},{"id":208168,"n":"Huile prodigieuse florale Nuxe  Visage, corps, cheveux - 100ml","p":24.89,"u":"248,90 €/L","img":"https://fd8-photos.leclercdrive.fr/image.ashx?id=2651510&use=l&cat=p&typeid=i","cat":290422},{"id":208169,"n":"Déodorant bille Nuxe Rêve de thé - 50ml","p":7.9,"u":"158,00 €/L","img":"https://fd8-photos.leclercdrive.fr/image.ashx?id=2651519&use=l&cat=p&typeid=i","cat":301593},{"id":208172,"n":"Crème solaire visage Nuxe  Fluide léger SPF50 - 50ml","p":13.75,"u":"275,00 €/L","img":"https://fd8-photos.leclercdrive.fr/image.ashx?id=2651525&use=l&cat=p&typeid=i","cat":290396},{"id":208173,"n":"Merveillance lift Nuxe Crème anti-âge nuit - 50ml","p":36.9,"u":"738,00 €/L","img":"https://fd8-photos.leclercdrive.fr/image.ashx?id=2542345&use=l&cat=p&typeid=i","cat":291168},{"id":208176,"n":"Crème fraîche de beauté Nuxe  Crème hydratante - 50ml","p":23.5,"pp":16.45,"u":"329,00 €/L","img":"https://fd8-photos.leclercdrive.fr/image.ashx?id=2651549&use=l&cat=p&typeid=i","cat":291171},{"id":208186,"n":"Crème fraîche de beauté Nuxe  Crème riche hydratante - 50ml","p":23.5,"pp":16.45,"u":"329,00 €/L","img":"https://fd8-photos.leclercdrive.fr/image.ashx?id=2540625&use=l&cat=p&typeid=i","cat":291171},{"id":208257,"n":"Arcens Eau des Monts d'Ardeche Finement Petillante 1L","p":0.46,"u":"0,46 €/L","img":"https://fd8-photos.leclercdrive.fr/image.ashx?id=2528898&use=l&cat=p&typeid=i","cat":284536},{"id":208259,"n":"Arcens Eau des Monts d'Ardeche Finement Petillante 1L","p":0.44,"u":"0,44 €/L","img":"https://fd8-photos.leclercdrive.fr/image.ashx?id=2528904&use=l&cat=p&typeid=i","cat":284536},{"id":208271,"n":"Capsules café L'Or Espresso Forza N°9 x50","p":14.37,"u":"55,27 €/KG","img":"https://fd8-photos.leclercdrive.fr/image.ashx?id=3000471&use=l&cat=p&typeid=i","cat":284749},{"id":208356,"n":"Rasoirs jetables Gillette  Blue3 - 3x4","p":12.91,"u":"1,08 €/P","img":"https://fd8-photos.leclercdrive.fr/image.ashx?id=2637613&use=l&cat=p&typeid=i","cat":284616},{"id":208382,"n":"Chou frisé 1p","p":1.99,"img":"https://fd8-photos.leclercdrive.fr/image.ashx?id=560851&use=l&cat=p&typeid=i","cat":284352},{"id":208385,"n":"Capsules café L'Or Espresso Delizioso N°5 x50","p":14.37,"u":"55,27 €/KG","img":"https://fd8-photos.leclercdrive.fr/image.ashx?id=2788064&use=l&cat=p&typeid=i","cat":284749},{"id":208417,"n":"Capsules café L'Or Espresso Ristretto N°11 x50","p":14.37,"u":"55,27 €/KG","img":"https://fd8-photos.leclercdrive.fr/image.ashx?id=3000474&use=l&cat=p&typeid=i","cat":284749},{"id":208419,"n":"Infusion Elephant Mure Myrtille vanille 40g","p":2.69,"u":"67,25 €/KG","img":"https://fd8-photos.leclercdrive.fr/image.ashx?id=2530278&use=l&cat=p&typeid=i","cat":293234},{"id":208421,"n":"Infusion fruits rouges Elephant Touche de menthe - 40g","p":2.87,"u":"71,75 €/KG","img":"https://fd8-photos.leclercdrive.fr/image.ashx?id=2813104&use=l&cat=p&typeid=i","cat":293234},{"id":208426,"n":"Infusion Eléphant Tilleul Citron  - x20 - 28g","p":2.85,"u":"101,79 €/KG","img":"https://fd8-photos.leclercdrive.fr/image.ashx?id=2530284&use=l&cat=p&typeid=i","cat":293234},{"id":208477,"n":"Chips paysanne Lay's Saveur Fromage du Jura - 120g","p":1.47,"u":"12,25 €/KG","img":"https://fd8-photos.leclercdrive.fr/image.ashx?id=2810774&use=l&cat=p&typeid=i","cat":284447},{"id":208484,"n":"Chips paysanne Lay's Saveur Oignon de Roscoff - 120g","p":1.47,"u":"12,25 €/KG","img":"https://fd8-photos.leclercdrive.fr/image.ashx?id=2810777&use=l&cat=p&typeid=i","cat":284447},{"id":208633,"n":"Compotes Pom'Potes Gourdes  Pomme Brugnon - 4x90g","p":2.27,"u":"6,31 €/KG","img":"https://fd8-photos.leclercdrive.fr/image.ashx?id=3010903&use=l&cat=p&typeid=i","cat":284508},{"id":208636,"n":"Purée Mousline Crème et noix de muscade - 500g","p":3.13,"u":"6,26 €/KG","img":"https://fd8-photos.leclercdrive.fr/image.ashx?id=3011728&use=l&cat=p&typeid=i","cat":284431},{"id":208638,"n":"Purée Mousline x3 sachets - 195g","p":1.41,"u":"7,23 €/KG","img":"https://fd8-photos.leclercdrive.fr/image.ashx?id=3004414&use=l&cat=p&typeid=i","cat":284431},{"id":208642,"n":"Purée Mousline x4 - 520g","p":2.39,"u":"4,60 €/KG","img":"https://fd8-photos.leclercdrive.fr/image.ashx?id=3011734&use=l&cat=p&typeid=i","cat":284431},{"id":208651,"n":"Purée Mousline  x8 - 1.04 kg","p":4.38,"u":"4,21 €/KG","img":"https://fd8-photos.leclercdrive.fr/image.ashx?id=2986780&use=l&cat=p&typeid=i","cat":284431},{"id":208658,"n":"Biscuit P'tit Deli Chocolat lait blanc - 150g","p":1.75,"u":"11,67 €/KG","img":"https://fd8-photos.leclercdrive.fr/image.ashx?id=2684835&use=l&cat=p&typeid=i","cat":284488},{"id":208747,"n":"Café en grains L'OR Brésil 100% Arabica N° 5 900g","p":18.95,"u":"21,06 €/KG","img":"https://fd8-photos.leclercdrive.fr/image.ashx?id=2851348&use=l&cat=p&typeid=i","cat":293237},{"id":208749,"n":"Riz long grain 10 min Lustucru  x5 - 900g","p":2.16,"u":"2,40 €/KG","img":"https://fd8-photos.leclercdrive.fr/image.ashx?id=2963739&use=l&cat=p&typeid=i","cat":284428},{"id":208750,"n":"Purée Mousline x3 - 375g","p":2.34,"u":"6,24 €/KG","img":"https://fd8-photos.leclercdrive.fr/image.ashx?id=2940135&use=l&cat=p&typeid=i","cat":284431},{"id":208751,"n":"Riz long grain 10 min Lustucru x5 - 450g","p":1.44,"u":"3,20 €/KG","img":"https://fd8-photos.leclercdrive.fr/image.ashx?id=2955830&use=l&cat=p&typeid=i","cat":284428},{"id":208759,"n":"Purée Mousline  Presse purée - 375g","p":3.31,"u":"8,83 €/KG","img":"https://fd8-photos.leclercdrive.fr/image.ashx?id=2940117&use=l&cat=p&typeid=i","cat":284431},{"id":208761,"n":"Purée Mousline x4 - 125g","p":1.18,"u":"9,44 €/KG","img":"https://fd8-photos.leclercdrive.fr/image.ashx?id=2940126&use=l&cat=p&typeid=i","cat":284431},{"id":208766,"n":"Gel douche Sanex Natural Prebiotic - Protection - 700ml","p":4.59,"u":"6,56 €/L","img":"https://fd8-photos.leclercdrive.fr/image.ashx?id=2533145&use=l&cat=p&typeid=i","cat":284594},{"id":208774,"n":"Crème corps nourrissante Mixa Peaux extra sèches - 400ml","p":4.58,"u":"11,45 €/L","img":"https://fd8-photos.leclercdrive.fr/image.ashx?id=2533862&use=l&cat=p&typeid=i","cat":325350},{"id":208775,"n":"Gel douche Tahiti Citron et Huile de coco - 250ml","p":2.02,"u":"8,08 €/L","img":"https://fd8-photos.leclercdrive.fr/image.ashx?id=2533127&use=l&cat=p&typeid=i","cat":284594},{"id":208776,"n":"Gel douche Tahiti Vanille et huile de coco 250ml","p":2.18,"u":"8,72 €/L","img":"https://fd8-photos.leclercdrive.fr/image.ashx?id=2533130&use=l&cat=p&typeid=i","cat":284594},{"id":208786,"n":"Thé glacé Lipton Ice Tea Pêche La bouteille de 1.25L","p":1.46,"u":"1,17 €/L","img":"https://fd8-photos.leclercdrive.fr/image.ashx?id=2731567&use=l&cat=p&typeid=i","cat":295019},{"id":208788,"n":"Thé glacé Lipton Ice Tea Pêche  Sans sucres bouteille de 1.25L","p":1.61,"u":"1,29 €/L","img":"https://fd8-photos.leclercdrive.fr/image.ashx?id=2731570&use=l&cat=p&typeid=i","cat":295019},{"id":208806,"n":"Grilletine blé complet Pasquier Sans sucre ajouté - 255g","p":2.25,"u":"8,82 €/KG","img":"https://fd8-photos.leclercdrive.fr/image.ashx?id=2533559&use=l&cat=p&typeid=i","cat":284479},{"id":208857,"n":"Soin Revitalisant L'Oréal Paris Men Expert Anti-Âge - 50ml","p":9.64,"u":"192,80 €/L","img":"https://fd8-photos.leclercdrive.fr/image.ashx?id=3008776&use=l&cat=p&typeid=i","cat":284622},{"id":208859,"n":"Sérum Colgate Max White Blancheur - Nuit - 3ml","p":14.89,"img":"https://fd8-photos.leclercdrive.fr/image.ashx?id=2834095&use=l&cat=p&typeid=i","cat":284612},{"id":208867,"n":"Serum physiologique Prorhinel 30x5ml","p":3.32,"u":"22,13 €/L","img":"https://fd8-photos.leclercdrive.fr/image.ashx?id=2878303&use=l&cat=p&typeid=i","cat":284741},{"id":208880,"n":"Spaetzle aux oeufs frais  Stoeffler - 500g","p":4.25,"u":"8,50 €/KG","img":"https://fd8-photos.leclercdrive.fr/image.ashx?id=2767525&use=l&cat=p&typeid=i","cat":333682},{"id":208911,"n":"Filet de limande  L'Atelier Poissonnerie - 210g","p":3.79,"u":"18,05 €/KG","img":"https://fd8-photos.leclercdrive.fr/image.ashx?id=2868705&use=l&cat=p&typeid=i","cat":284342},{"id":208925,"n":"Porto Rozes 10 ans 20% - 75cl","p":18.11,"u":"24,15 €/L","img":"https://fd8-photos.leclercdrive.fr/image.ashx?id=2604861&use=l&cat=p&typeid=i","cat":284913},{"id":208928,"n":"Cidou un amour de fruits Pomme - 1L","p":1.74,"u":"1,74 €/L","img":"https://fd8-photos.leclercdrive.fr/image.ashx?id=2535043&use=l&cat=p&typeid=i","cat":284522},{"id":208938,"n":"Bière 8.6 Original 6x33cl","p":5.95,"u":"3,01 €/L","img":"https://fd8-photos.leclercdrive.fr/image.ashx?id=2841604&use=l&cat=p&typeid=i","cat":334853},{"id":209054,"n":"Wraps Old El Paso Extra fins x6 - 192g","p":2.64,"u":"13,75 €/KG","img":"https://fd8-photos.leclercdrive.fr/image.ashx?id=2737693&use=l&cat=p&typeid=i","cat":288993},{"id":209057,"n":"Céréales bébé P'TITE CEREALE chocolat biscuit 12M+ - 415g","p":3.24,"u":"7,81 €/KG","img":"https://fd8-photos.leclercdrive.fr/image.ashx?id=2537303&use=l&cat=p&typeid=i","cat":312225},{"id":209058,"n":"Collagène marin Juvamine Acide Hyaluronique x60 - 31g","p":9.89,"u":"319,03 €/KG","img":"https://fd8-photos.leclercdrive.fr/image.ashx?id=2785856&use=l&cat=p&typeid=i","cat":313217},{"id":209060,"n":"Chips nature Lay's Sel - 6x25g","p":2.02,"u":"13,47 €/KG","img":"https://fd8-photos.leclercdrive.fr/image.ashx?id=3011143&use=l&cat=p&typeid=i","cat":284447},{"id":209061,"n":"Sauce pesto Florelli A la genovese - 190g","p":2.2,"u":"11,58 €/KG","img":"https://fd8-photos.leclercdrive.fr/image.ashx?id=2787452&use=l&cat=p&typeid=i","cat":299047},{"id":209064,"n":"Céréales bébé BABICAO Cacao 10M+ - 400g","p":3.48,"u":"8,70 €/KG","img":"https://fd8-photos.leclercdrive.fr/image.ashx?id=2537294&use=l&cat=p&typeid=i","cat":312225},{"id":209066,"n":"Céréales bébé P'TITE CEREALE Vanille Biscuit 12M+ - 415g","p":3.24,"u":"7,81 €/KG","img":"https://fd8-photos.leclercdrive.fr/image.ashx?id=2537297&use=l&cat=p&typeid=i","cat":312225},{"id":209074,"n":"Gel acccélérateur Cicaplast La Roche-Posay - 40ml","p":7.79,"u":"194,75 €/L","img":"https://fd8-photos.leclercdrive.fr/image.ashx?id=2537071&use=l&cat=p&typeid=i","cat":290405},{"id":209094,"n":"Adoucissant Soupline Concentré Mandarine Vanille x60 - 1.28ml","p":5.83,"u":"4,55 €/L","img":"https://fd8-photos.leclercdrive.fr/image.ashx?id=2832572&use=l&cat=p&typeid=i","cat":284650},{"id":209103,"n":"Brossettes Oral-B Cross Action - 4+2","p":29.95,"img":"https://fd8-photos.leclercdrive.fr/image.ashx?id=2545888&use=l&cat=p&typeid=i","cat":297133},{"id":209104,"n":"Brossettes Oral-B Sensitive - 4+2","p":30.04,"img":"https://fd8-photos.leclercdrive.fr/image.ashx?id=2545891&use=l&cat=p&typeid=i","cat":297133},{"id":209113,"n":"Pâtes Collezione Barilla Farfalle Generose - 500g","p":1.73,"u":"3,46 €/KG","img":"https://fd8-photos.leclercdrive.fr/image.ashx?id=2654122&use=l&cat=p&typeid=i","cat":284427},{"id":209137,"n":"Blanc de poulet Tradilège Doré au four - 240g","p":1.97,"u":"8,21 €/KG","img":"https://fd8-photos.leclercdrive.fr/image.ashx?id=2925759&use=l&cat=p&typeid=i","cat":316010},{"id":209151,"n":"Pâtes Torti Legumes Panzani 3 Minutes - 500G","p":1.5,"u":"3,00 €/KG","img":"https://fd8-photos.leclercdrive.fr/image.ashx?id=2896117&use=l&cat=p&typeid=i","cat":284427},{"id":209154,"n":"Compotes Pom'Potes  Assortiment x64 - 5.76kg","p":29.39,"u":"5,10 €/KG","img":"https://fd8-photos.leclercdrive.fr/image.ashx?id=2977261&use=l&cat=p&typeid=i","cat":284508},{"id":209179,"n":"Crème dépilatoire Expert Veet Bikini Maillot Intégral 200ml","p":8.59,"u":"85,90 €/L","img":"https://fd8-photos.leclercdrive.fr/image.ashx?id=2964968&use=l&cat=p&typeid=i","cat":325351},{"id":209208,"n":"Sauce soja Suzi Wan Sucrée - 135ml","p":2.0,"u":"14,81 €/KG","img":"https://fd8-photos.leclercdrive.fr/image.ashx?id=2892931&use=l&cat=p&typeid=i","cat":288992},{"id":209209,"n":"Sauce soja Suzi Wan 250ml","p":2.81,"u":"11,24 €/L","img":"https://fd8-photos.leclercdrive.fr/image.ashx?id=2990880&use=l&cat=p&typeid=i","cat":288992},{"id":209215,"n":"Gel purifiant corps Effaclar La Roche-Posay - 400ml","p":14.9,"u":"37,25 €/L","img":"https://fd8-photos.leclercdrive.fr/image.ashx?id=2537511&use=l&cat=p&typeid=i","cat":301591},{"id":209301,"n":"Thé vert glacé Lipton Ice Tea Citron vert menthe - 1.25L","p":1.73,"u":"1,38 €/L","img":"https://fd8-photos.leclercdrive.fr/image.ashx?id=2731579&use=l&cat=p&typeid=i","cat":295019},{"id":209302,"n":"Thé glacé Lipton Ice Tea Citron/citron vert - 1.25L","p":1.7,"u":"1,36 €/L","img":"https://fd8-photos.leclercdrive.fr/image.ashx?id=2731573&use=l&cat=p&typeid=i","cat":295019},{"id":209309,"n":"Thé glacé Lipton Ice Tea Framboise - 1.25L","p":1.71,"u":"1,37 €/L","img":"https://fd8-photos.leclercdrive.fr/image.ashx?id=2731588&use=l&cat=p&typeid=i","cat":295019},{"id":209311,"n":"Thé glacé Lipton Ice Tea Pêche abricot - 1,25L","p":1.79,"u":"1,43 €/L","img":"https://fd8-photos.leclercdrive.fr/image.ashx?id=2731576&use=l&cat=p&typeid=i","cat":295019},{"id":209312,"n":"Couches Pampers Baby Dry Maxi Pack T3 124p","p":49.9,"u":"0,40 €/P","img":"https://fd8-photos.leclercdrive.fr/image.ashx?id=2551564&use=l&cat=p&typeid=i","cat":284737},{"id":209339,"n":"Mélange Sainte Lucie Tex Mex - 46g","p":2.29,"u":"49,78 €/KG","img":"https://fd8-photos.leclercdrive.fr/image.ashx?id=2975179&use=l&cat=p&typeid=i","cat":298297},{"id":209354,"n":"Courgettes cuisinées D'Aucy Provencale - 380g","p":2.92,"u":"7,68 €/KG","img":"https://fd8-photos.leclercdrive.fr/image.ashx?id=2570088&use=l&cat=p&typeid=i","cat":312612},{"id":209355,"n":"Aubergines cuisinées D'Aucy 380g","p":2.2,"u":"5,79 €/KG","img":"https://fd8-photos.leclercdrive.fr/image.ashx?id=2539509&use=l&cat=p&typeid=i","cat":312612},{"id":209356,"n":"Curry de pois chiches d'aucy  42,5cl","p":2.2,"u":"5,79 €/KG","img":"https://fd8-photos.leclercdrive.fr/image.ashx?id=2539506&use=l&cat=p&typeid=i","cat":287599},{"id":209357,"n":"Mijote de lentilles d'aucy  42,5cl","p":2.51,"u":"6,61 €/KG","img":"https://fd8-photos.leclercdrive.fr/image.ashx?id=2592219&use=l&cat=p&typeid=i","cat":312612},{"id":209368,"n":"Thé glacé Lipton Ice Tea Pêche La bouteille de 1.75L","p":1.88,"u":"1,07 €/L","img":"https://fd8-photos.leclercdrive.fr/image.ashx?id=2731594&use=l&cat=p&typeid=i","cat":295019},{"id":209383,"n":"Gel bain douche Rogé Cavaillès L'Original - 1L","p":11.3,"pp":7.91,"u":"7,91 €/L","img":"https://fd8-photos.leclercdrive.fr/image.ashx?id=2538842&use=l&cat=p&typeid=i","cat":301591},{"id":209385,"n":"Recharge Gel bain douche Rogé Cavaillès - L'Original - 1L","p":9.5,"pp":6.65,"u":"6,65 €/L","img":"https://fd8-photos.leclercdrive.fr/image.ashx?id=2539204&use=l&cat=p&typeid=i","cat":301591},{"id":209392,"n":"Gel bain douche Rogé Cavaillès Amande verte - 1L","p":11.3,"pp":7.91,"u":"7,91 €/L","img":"https://fd8-photos.leclercdrive.fr/image.ashx?id=2538833&use=l&cat=p&typeid=i","cat":301591},{"id":209430,"n":"Skyr Danone Citron 0%mg - 2x140g","p":2.36,"u":"8,43 €/KG","img":"https://fd8-photos.leclercdrive.fr/image.ashx?id=2851728&use=l&cat=p&typeid=i","cat":315000},{"id":209431,"n":"Skyr Danone Fraise 0%mg - 2x140g","p":2.04,"u":"7,29 €/KG","img":"https://fd8-photos.leclercdrive.fr/image.ashx?id=2755270&use=l&cat=p&typeid=i","cat":315000},{"id":209432,"n":"Skyr Danone Vanille 0%mg - 2x140g","p":2.03,"u":"7,25 €/KG","img":"https://fd8-photos.leclercdrive.fr/image.ashx?id=2944654&use=l&cat=p&typeid=i","cat":315000},{"id":209438,"n":"Crème dessert protéinée Hipro  Vanille 0%mg- 180g","p":1.72,"u":"9,56 €/KG","img":"https://fd8-photos.leclercdrive.fr/image.ashx?id=2800291&use=l&cat=p&typeid=i","cat":285041},{"id":209465,"n":"Sirop Teisseire Ice Tea Pêche Bidon - 60cl","p":3.3,"u":"5,50 €/L","img":"https://fd8-photos.leclercdrive.fr/image.ashx?id=2539710&use=l&cat=p&typeid=i","cat":295020},{"id":209491,"n":"Couscous moyen Ferrero sachet -500g","p":1.59,"u":"3,18 €/KG","img":"https://fd8-photos.leclercdrive.fr/image.ashx?id=2869561&use=l&cat=p&typeid=i","cat":284429},{"id":209494,"n":"Salade & Cie Sodebo Roma Jambon Speck - 320g","p":3.04,"u":"9,50 €/KG","img":"https://fd8-photos.leclercdrive.fr/image.ashx?id=2732413&use=l&cat=p&typeid=i","cat":333657},{"id":209495,"n":"Salade & Cie Sodebo Manhattan Poulet rôti - 320g","p":2.9,"u":"9,06 €/KG","img":"https://fd8-photos.leclercdrive.fr/image.ashx?id=2732407&use=l&cat=p&typeid=i","cat":333657},{"id":209496,"n":"Salade & Cie Sodebo Montmartre Jambon supérieur - 320g","p":3.1,"u":"9,69 €/KG","img":"https://fd8-photos.leclercdrive.fr/image.ashx?id=2868945&use=l&cat=p&typeid=i","cat":333657},{"id":209510,"n":"Chips nature Lay's Sel - 250g","p":2.26,"u":"9,04 €/KG","img":"https://fd8-photos.leclercdrive.fr/image.ashx?id=2995073&use=l&cat=p&typeid=i","cat":284447},{"id":209514,"n":"Chips Lay's Nature - 135g","p":1.35,"u":"10,00 €/KG","img":"https://fd8-photos.leclercdrive.fr/image.ashx?id=2994482&use=l&cat=p&typeid=i","cat":284447},{"id":209593,"n":"Brioche Muffin La Boulangère x5 - 250g","p":1.53,"u":"6,12 €/KG","img":"https://fd8-photos.leclercdrive.fr/image.ashx?id=2912443&use=l&cat=p&typeid=i","cat":284478},{"id":209597,"n":"Compote Allégée en sucres Eco+ Bocal pomme poire - 720g","p":1.13,"u":"1,57 €/KG","img":"https://fd8-photos.leclercdrive.fr/image.ashx?id=2953206&use=l&cat=p&typeid=i","cat":284508},{"id":209598,"n":"Compote Allégée en sucres Eco+ Bocal pomme banane - 720g","p":1.03,"u":"1,43 €/KG","img":"https://fd8-photos.leclercdrive.fr/image.ashx?id=2953209&use=l&cat=p&typeid=i","cat":284508},{"id":209599,"n":"Capsules café L'Or Espresso Lungo Profondo N°8 x50","p":16.01,"u":"61,58 €/KG","img":"https://fd8-photos.leclercdrive.fr/image.ashx?id=2540898&use=l&cat=p&typeid=i","cat":284749},{"id":209600,"n":"Capsules café L'Or Espresso Splendente N°7 x50","p":14.37,"u":"55,27 €/KG","img":"https://fd8-photos.leclercdrive.fr/image.ashx?id=3000477&use=l&cat=p&typeid=i","cat":284749},{"id":209601,"n":"Thé vert Lipton Menthe intense - x20 - 32g","p":1.61,"u":"50,31 €/KG","img":"https://fd8-photos.leclercdrive.fr/image.ashx?id=2540907&use=l&cat=p&typeid=i","cat":293233},{"id":209686,"n":"Thé vert Lipton Myrtille et mure - x20 - 32g","p":2.32,"u":"72,50 €/KG","img":"https://fd8-photos.leclercdrive.fr/image.ashx?id=2542816&use=l&cat=p&typeid=i","cat":293233},{"id":209688,"n":"Thé vert menthe Lipton Asie - x30s - 48g","p":2.69,"u":"56,04 €/KG","img":"https://fd8-photos.leclercdrive.fr/image.ashx?id=2542819&use=l&cat=p&typeid=i","cat":293233},{"id":209691,"n":"Thé vert Lipton x30s - 39g","p":2.64,"u":"67,69 €/KG","img":"https://fd8-photos.leclercdrive.fr/image.ashx?id=2542822&use=l&cat=p&typeid=i","cat":293233},{"id":209722,"n":"Dessert Glacé Viennetta Caramel beurre salé - 320g","p":1.93,"u":"6,03 €/KG","img":"https://fd8-photos.leclercdrive.fr/image.ashx?id=2802836&use=l&cat=p&typeid=i","cat":284266},{"id":209733,"n":"Dessert Glacé Viennetta Vanille -  320g","p":2.28,"u":"7,13 €/KG","img":"https://fd8-photos.leclercdrive.fr/image.ashx?id=3009182&use=l&cat=p&typeid=i","cat":284266},{"id":209739,"n":"Adoucissant concentré Soupline Hypoallergénique 64 lav. 1,35L","p":4.99,"u":"3,70 €/L","img":"https://fd8-photos.leclercdrive.fr/image.ashx?id=2831185&use=l&cat=p&typeid=i","cat":284650},{"id":209795,"n":"Mascara L'Oréal Paris  Telescopic Lift longueur","p":11.95,"img":"https://fd8-photos.leclercdrive.fr/image.ashx?id=2543969&use=l&cat=p&typeid=i","cat":287029},{"id":209854,"n":"Thé vert citron Lipton Asie - x30 - 48g","p":2.62,"u":"54,58 €/KG","img":"https://fd8-photos.leclercdrive.fr/image.ashx?id=2544635&use=l&cat=p&typeid=i","cat":293233},{"id":209855,"n":"Thé vert Tchae menthe x20 - 40g","p":2.55,"u":"63,75 €/KG","img":"https://fd8-photos.leclercdrive.fr/image.ashx?id=2544638&use=l&cat=p&typeid=i","cat":293233},{"id":209856,"n":"Thé vert Tchaé orient  Lipton  x20 - 35g","p":2.59,"u":"74,00 €/KG","img":"https://fd8-photos.leclercdrive.fr/image.ashx?id=2544641&use=l&cat=p&typeid=i","cat":293233},{"id":209859,"n":"Déboucheur Liquide Destop  4 doses - 950ml","p":3.37,"u":"3,55 €/L","img":"https://fd8-photos.leclercdrive.fr/image.ashx?id=2832161&use=l&cat=p&typeid=i","cat":284908},{"id":209860,"n":"Déboucheur Gel Destop  Express - 4 doses - 950ml","p":2.85,"u":"3,00 €/L","img":"https://fd8-photos.leclercdrive.fr/image.ashx?id=2832164&use=l&cat=p&typeid=i","cat":284908},{"id":209863,"n":"Gel anti-calcaire Calgon  4 en 1 - 750ml","p":5.05,"u":"6,73 €/L","img":"https://fd8-photos.leclercdrive.fr/image.ashx?id=2963475&use=l&cat=p&typeid=i","cat":284653},{"id":209866,"n":"Infusion Elephant  Pêche Abricot - x20 38g","p":2.69,"u":"70,79 €/KG","img":"https://fd8-photos.leclercdrive.fr/image.ashx?id=2544617&use=l&cat=p&typeid=i","cat":293234},{"id":209869,"n":"Infusion Elephant Pomme cannelle - 36g","p":1.95,"u":"54,17 €/KG","img":"https://fd8-photos.leclercdrive.fr/image.ashx?id=2544614&use=l&cat=p&typeid=i","cat":293234},{"id":209871,"n":"Capsules lave-vaisselle Finish  Ultimate Bicarbonate - x30","p":7.35,"u":"18,99 €/KG","img":"https://fd8-photos.leclercdrive.fr/image.ashx?id=2544392&use=l&cat=p&typeid=i","cat":284656},{"id":209875,"n":"Gel WC 100% Détartrant Harpic 5 min Chrono - 750ml","p":1.53,"u":"2,04 €/L","img":"https://fd8-photos.leclercdrive.fr/image.ashx?id=2864687&use=l&cat=p&typeid=i","cat":284662},{"id":209877,"n":"Aérosol Fabulon  Pressing express - 400ml","p":3.97,"u":"9,93 €/L","img":"https://fd8-photos.leclercdrive.fr/image.ashx?id=2544410&use=l&cat=p&typeid=i","cat":284652},{"id":209878,"n":"Spray vitres Ajax Triple action - 750ml","p":2.01,"u":"2,68 €/L","img":"https://fd8-photos.leclercdrive.fr/image.ashx?id=2544581&use=l&cat=p&typeid=i","cat":325363},{"id":209879,"n":"Spray nettoyant La Croix Salle de bain - 500ml","p":1.77,"u":"3,54 €/L","img":"https://fd8-photos.leclercdrive.fr/image.ashx?id=2544587&use=l&cat=p&typeid=i","cat":325357},{"id":209891,"n":"Nettoyant lave-vaisselle Finish  Intégral Anti-Odeurs - 250ml","p":3.19,"u":"12,76 €/L","img":"https://fd8-photos.leclercdrive.fr/image.ashx?id=2659735&use=l&cat=p&typeid=i","cat":284657},{"id":209893,"n":"Détachant poudre Vanish  940g","p":9.93,"u":"10,56 €/KG","img":"https://fd8-photos.leclercdrive.fr/image.ashx?id=2680308&use=l&cat=p&typeid=i","cat":284651},{"id":209894,"n":"Adoucissant concentré Soupline  Lavande 60 lavages 1,35 L","p":5.69,"u":"4,21 €/L","img":"https://fd8-photos.leclercdrive.fr/image.ashx?id=2912716&use=l&cat=p&typeid=i","cat":284650},{"id":209896,"n":"Beurre gastronomique Président Doux - 82% MG - 500g","p":5.45,"u":"10,90 €/KG","img":"https://fd8-photos.leclercdrive.fr/image.ashx?id=2740556&use=l&cat=p&typeid=i","cat":284379},{"id":209901,"n":"Soda Schweppes Spritz - 1L","p":1.57,"u":"1,57 €/L","img":"https://fd8-photos.leclercdrive.fr/image.ashx?id=2852441&use=l&cat=p&typeid=i","cat":284532},{"id":209902,"n":"Nettoyant lave linge protection complète Dr Beckmann 50cl","p":5.36,"u":"10,72 €/L","img":"https://fd8-photos.leclercdrive.fr/image.ashx?id=2897291&use=l&cat=p&typeid=i","cat":284653},{"id":209915,"n":"Entrecôte de bœuf *** limousine L'Atelier Boucherie - 230g","p":9.99,"u":"43,43 €/KG","img":"https://fd8-photos.leclercdrive.fr/image.ashx?id=2546899&use=l&cat=p&typeid=i","cat":284328},{"id":209926,"n":"Emincés de bœuf *** limousine L'atelier Boucherie - 240G","p":6.49,"u":"27,04 €/KG","img":"https://fd8-photos.leclercdrive.fr/image.ashx?id=2546920&use=l&cat=p&typeid=i","cat":284328},{"id":209936,"n":"Roti de bœuf*** limousine  L'atelier Boucherie - 600G","p":17.49,"u":"29,15 €/KG","img":"https://fd8-photos.leclercdrive.fr/image.ashx?id=2546917&use=l&cat=p&typeid=i","cat":284328},{"id":209940,"n":"Steak de bœuf ** limousine  L'atelier Boucherie x2 - 260G","p":7.49,"u":"28,81 €/KG","img":"https://fd8-photos.leclercdrive.fr/image.ashx?id=2546908&use=l&cat=p&typeid=i","cat":284328},{"id":209993,"n":"Démaquillant Yeux Nivea Sensibles Doux - 125 ml","p":2.82,"u":"22,56 €/L","img":"https://fd8-photos.leclercdrive.fr/image.ashx?id=2953941&use=l&cat=p&typeid=i","cat":284603},{"id":209996,"n":"Détachant Gel Vanish  750ml","p":5.56,"u":"7,41 €/L","img":"https://fd8-photos.leclercdrive.fr/image.ashx?id=2878108&use=l&cat=p&typeid=i","cat":284651},{"id":210011,"n":"Détachant poudre Vanish  Blanc - 940g","p":9.93,"u":"10,56 €/KG","img":"https://fd8-photos.leclercdrive.fr/image.ashx?id=2680311&use=l&cat=p&typeid=i","cat":284651},{"id":210014,"n":"Adoucissant concentré Soupline Soin expert - x52 - 1.2L","p":6.19,"u":"5,16 €/L","img":"https://fd8-photos.leclercdrive.fr/image.ashx?id=2545210&use=l&cat=p&typeid=i","cat":284650},{"id":210015,"n":"Nettoyant ménager La Croix Spray - Ultra cuisine - 500ml","p":1.84,"u":"3,68 €/L","img":"https://fd8-photos.leclercdrive.fr/image.ashx?id=2545216&use=l&cat=p&typeid=i","cat":325357},{"id":210017,"n":"Mascara Maybelline Falsies Surreal Noir","p":10.42,"img":"https://fd8-photos.leclercdrive.fr/image.ashx?id=2545099&use=l&cat=p&typeid=i","cat":287029},{"id":210024,"n":"Lingettes désinfectantes St  Marc Soleil de Corse - x80","p":2.58,"u":"0,03 €/P","img":"https://fd8-photos.leclercdrive.fr/image.ashx?id=2757440&use=l&cat=p&typeid=i","cat":325358},{"id":210048,"n":"Gel douche Sanex Hypoallergenique - 425ml","p":4.42,"u":"10,40 €/L","img":"https://fd8-photos.leclercdrive.fr/image.ashx?id=2757860&use=l&cat=p&typeid=i","cat":284594},{"id":210067,"n":"Riz Lustucru 900g","p":2.39,"u":"2,66 €/KG","img":"https://fd8-photos.leclercdrive.fr/image.ashx?id=2963742&use=l&cat=p&typeid=i","cat":284428},{"id":210071,"n":"Eyeliner feutre Maybelline Ink Pen ultra-pigmenté","p":10.14,"img":"https://fd8-photos.leclercdrive.fr/image.ashx?id=2546629&use=l&cat=p&typeid=i","cat":287029},{"id":210078,"n":"Les Effilochés Gourmet Gold En sauce - 12x85g","p":7.15,"u":"7,01 €/KG","img":"https://fd8-photos.leclercdrive.fr/image.ashx?id=2861809&use=l&cat=p&typeid=i","cat":285286},{"id":210142,"n":"Soin nuit repulpant So'Bio Etic Bio - 50ml","p":12.24,"u":"244,80 €/L","img":"https://fd8-photos.leclercdrive.fr/image.ashx?id=2997013&use=l&cat=p&typeid=i","cat":325345},{"id":210152,"n":"Brosse à dents Electrique Oral-B - Rose - IO 3S","p":89.86,"img":"https://fd8-photos.leclercdrive.fr/image.ashx?id=2566542&use=l&cat=p&typeid=i","cat":297133},{"id":210153,"n":"Brosse à dents Electrique Oral-B - Noire - IO3S","p":97.58,"img":"https://fd8-photos.leclercdrive.fr/image.ashx?id=2553311&use=l&cat=p&typeid=i","cat":297133},{"id":210171,"n":"Infusion fruits Bio Kusmi Tea Aqua Rosa x20 - 40g","p":7.9,"u":"197,50 €/KG","img":"https://fd8-photos.leclercdrive.fr/image.ashx?id=2658953&use=l&cat=p&typeid=i","cat":293234},{"id":210172,"n":"Thé vert Bio Kusmi Tea BB Detox x20 - 40g","p":9.98,"u":"249,50 €/KG","img":"https://fd8-photos.leclercdrive.fr/image.ashx?id=2549020&use=l&cat=p&typeid=i","cat":293233},{"id":210178,"n":"Thé noir Bio Kusmi Tea Earl grey intense x20 - 40g","p":6.8,"u":"170,00 €/KG","img":"https://fd8-photos.leclercdrive.fr/image.ashx?id=2660074&use=l&cat=p&typeid=i","cat":293233},{"id":210180,"n":"Mini Champignons  Bonduelle - 3x115g","p":3.81,"u":"11,04 €/KG","img":"https://fd8-photos.leclercdrive.fr/image.ashx?id=2913106&use=l&cat=p&typeid=i","cat":312610},{"id":210187,"n":"Mélange thés noirs Kusmi Tea Thé du matin N°24 Bio x20 - 40g","p":6.5,"u":"162,50 €/KG","img":"https://fd8-photos.leclercdrive.fr/image.ashx?id=2658941&use=l&cat=p&typeid=i","cat":293233},{"id":210199,"n":"Thé noir Bio Kusmi Tea Quatre fruits rouges x20 - 40g","p":6.47,"u":"161,75 €/KG","img":"https://fd8-photos.leclercdrive.fr/image.ashx?id=2658956&use=l&cat=p&typeid=i","cat":293233},{"id":210214,"n":"Farine multi-usages Chaque jour sans gluten - 1kg","p":4.93,"u":"4,93 €/KG","img":"https://fd8-photos.leclercdrive.fr/image.ashx?id=2872460&use=l&cat=p&typeid=i","cat":284503},{"id":210232,"n":"Mon kit d'épilation Wilkinson Corps - x1","p":12.25,"img":"https://fd8-photos.leclercdrive.fr/image.ashx?id=2561317&use=l&cat=p&typeid=i","cat":325351},{"id":210257,"n":"Shampooing Head & Shoulders 2x225ml","p":8.95,"u":"19,89 €/L","img":"https://fd8-photos.leclercdrive.fr/image.ashx?id=2549187&use=l&cat=p&typeid=i","cat":284606},{"id":210264,"n":"Fromage blanc Calin Yoplait Nature 0%MG - 8x100g","p":1.96,"u":"2,45 €/KG","img":"https://fd8-photos.leclercdrive.fr/image.ashx?id=2973742&use=l&cat=p&typeid=i","cat":284409},{"id":210277,"n":"Brosse à dents électrique Oral-B Vitality Pro - Noir","p":35.03,"img":"https://fd8-photos.leclercdrive.fr/image.ashx?id=2652152&use=l&cat=p&typeid=i","cat":297133},{"id":210333,"n":"Crème hydratante La Roche-Posay Anthelios UVMune 400 - 50ml","p":14.4,"u":"288,00 €/L","img":"https://fd8-photos.leclercdrive.fr/image.ashx?id=2546512&use=l&cat=p&typeid=i","cat":290395},{"id":210358,"n":"Baume de massage Weleda Pour vergetures - 150ml","p":18.69,"u":"124,60 €/L","img":"https://fd8-photos.leclercdrive.fr/image.ashx?id=2546620&use=l&cat=p&typeid=i","cat":291159},{"id":210633,"n":"AOP Castillon Côtes de Bordeaux Château Roc de Bigorre - 75cl","p":5.7,"u":"7,60 €/L","img":"https://fd8-photos.leclercdrive.fr/image.ashx?id=2551177&use=l&cat=p&typeid=i","cat":289556},{"id":210703,"n":"Terrine Tous mes amis Volaille carottes - 1.2kg","p":1.95,"u":"1,63 €/KG","img":"https://fd8-photos.leclercdrive.fr/image.ashx?id=2815758&use=l&cat=p&typeid=i","cat":288578},{"id":210705,"n":"Dragées chocolatées M&M's Cacahuètes - 250g","p":3.09,"u":"12,36 €/KG","img":"https://fd8-photos.leclercdrive.fr/image.ashx?id=3003393&use=l&cat=p&typeid=i","cat":304238},{"id":210708,"n":"Coulis Sainte Lucie Fruits rouges  - 110g","p":2.99,"u":"27,18 €/KG","img":"https://fd8-photos.leclercdrive.fr/image.ashx?id=2551093&use=l&cat=p&typeid=i","cat":284504},{"id":210717,"n":"Boulettes de boeuf Eco+ 1.2kg","p":1.53,"img":"https://fd8-photos.leclercdrive.fr/image.ashx?id=2815740&use=l&cat=p&typeid=i","cat":288578},{"id":210718,"n":"Crème relipidante Lipikar La Roche-Posay - AP+M - 400ml","p":19.9,"u":"49,75 €/L","img":"https://fd8-photos.leclercdrive.fr/image.ashx?id=2551213&use=l&cat=p&typeid=i","cat":290421},{"id":210745,"n":"AOP Francs Côtes de Bordeaux Château de Francs - 75cl","p":10.5,"u":"14,00 €/L","img":"https://fd8-photos.leclercdrive.fr/image.ashx?id=2552907&use=l&cat=p&typeid=i","cat":289556},{"id":210746,"n":"AOP Bordeaux supérieur Rouge Grand vin de Reignac - 75cl","p":17.99,"u":"23,99 €/L","img":"https://fd8-photos.leclercdrive.fr/image.ashx?id=2552790&use=l&cat=p&typeid=i","cat":289556},{"id":210747,"n":"AOP Fronsac Château de la Rivière - 75cl","p":13.16,"u":"17,55 €/L","img":"https://fd8-photos.leclercdrive.fr/image.ashx?id=2552808&use=l&cat=p&typeid=i","cat":289556},{"id":210796,"n":"AOP Entre-deux-mers vin blanc Château Monfayet - 75cl","p":4.5,"u":"6,00 €/L","img":"https://fd8-photos.leclercdrive.fr/image.ashx?id=2594536&use=l&cat=p&typeid=i","cat":289557},{"id":210803,"n":"Adoucissant Hyperdou Douceur de pêche - 1.9L - x27","p":2.42,"u":"1,27 €/L","img":"https://fd8-photos.leclercdrive.fr/image.ashx?id=2603015&use=l&cat=p&typeid=i","cat":284650},{"id":210806,"n":"Adoucissant Hyperdou Senstive - 1.9L - x27","p":2.38,"u":"1,25 €/L","img":"https://fd8-photos.leclercdrive.fr/image.ashx?id=2603024&use=l&cat=p&typeid=i","cat":284650},{"id":210816,"n":"Beurre Bio Ethiquable  100% cacahuètes crunchy - 350g","p":4.12,"u":"11,77 €/KG","img":"https://fd8-photos.leclercdrive.fr/image.ashx?id=2755747&use=l&cat=p&typeid=i","cat":284481},{"id":210821,"n":"Pommes rissolées Findus 590g","p":2.45,"u":"4,15 €/KG","img":"https://fd8-photos.leclercdrive.fr/image.ashx?id=2790099&use=l&cat=p&typeid=i","cat":319792},{"id":210823,"n":"Pommes noisette Findus 500g","p":2.07,"u":"4,14 €/KG","img":"https://fd8-photos.leclercdrive.fr/image.ashx?id=2865866&use=l&cat=p&typeid=i","cat":319792},{"id":210824,"n":"Pommes noisette Findus 900g","p":3.7,"u":"4,11 €/KG","img":"https://fd8-photos.leclercdrive.fr/image.ashx?id=2899500&use=l&cat=p&typeid=i","cat":319792},{"id":210827,"n":"Adoucissant Hyperdou Plaisir de vanille - 1.9L - x27","p":1.99,"u":"1,05 €/L","img":"https://fd8-photos.leclercdrive.fr/image.ashx?id=2603018&use=l&cat=p&typeid=i","cat":284650},{"id":210831,"n":"AOC Minervois Rouge Vignobles  Vellas 75cl","p":12.8,"u":"17,07 €/L","img":"https://fd8-photos.leclercdrive.fr/image.ashx?id=2589756&use=l&cat=p&typeid=i","cat":289556},{"id":210948,"n":"Margarine Planta Fin Doux 100% végétal - 450g","p":2.49,"u":"5,53 €/KG","img":"https://fd8-photos.leclercdrive.fr/image.ashx?id=2989477&use=l&cat=p&typeid=i","cat":315229},{"id":210961,"n":"Le Fondant Mamie Nova Pistache - 2x150g","p":1.42,"u":"4,73 €/KG","img":"https://fd8-photos.leclercdrive.fr/image.ashx?id=2886957&use=l&cat=p&typeid=i","cat":285041},{"id":211054,"n":"Croûtons Tipiak Nature - 75g","p":1.49,"u":"19,87 €/KG","img":"https://fd8-photos.leclercdrive.fr/image.ashx?id=2812726&use=l&cat=p&typeid=i","cat":284464},{"id":211081,"n":"Pâte Sainte Lucie Pistache  - 220g","p":8.71,"u":"39,59 €/KG","img":"https://fd8-photos.leclercdrive.fr/image.ashx?id=2554097&use=l&cat=p&typeid=i","cat":284504},{"id":211083,"n":"Persillade Sainte Lucie 24g","p":3.77,"u":"157,08 €/KG","img":"https://fd8-photos.leclercdrive.fr/image.ashx?id=2974345&use=l&cat=p&typeid=i","cat":298297},{"id":211085,"n":"Thé glacé Lipton Ice Tea pêche Le lot de 4x1.25L","p":6.26,"u":"1,25 €/L","img":"https://fd8-photos.leclercdrive.fr/image.ashx?id=2554133&use=l&cat=p&typeid=i","cat":295019},{"id":211095,"n":"Dessert végétal Alpro Fraise - 500g","p":2.02,"u":"4,04 €/KG","img":"https://fd8-photos.leclercdrive.fr/image.ashx?id=2976071&use=l&cat=p&typeid=i","cat":316071},{"id":211103,"n":"Ail des ours Sainte Lucie 9g","p":2.58,"u":"286,67 €/KG","img":"https://fd8-photos.leclercdrive.fr/image.ashx?id=2554091&use=l&cat=p&typeid=i","cat":298297},{"id":211113,"n":"Poivre 5 baies Sainte Lucie 80g","p":4.4,"u":"55,00 €/KG","img":"https://fd8-photos.leclercdrive.fr/image.ashx?id=2554106&use=l&cat=p&typeid=i","cat":298297},{"id":211296,"n":"Porte-mine Matic Bic Ecolution - x10","p":3.49,"img":"https://fd8-photos.leclercdrive.fr/image.ashx?id=2730886&use=l&cat=p&typeid=i","cat":284696},{"id":211360,"n":"Lait hydratant Uriage bébé 1er lait hydratant - 500ml","p":12.4,"u":"24,80 €/L","img":"https://fd8-photos.leclercdrive.fr/image.ashx?id=2554919&use=l&cat=p&typeid=i","cat":290425},{"id":211365,"n":"Eau parfumée Roger & Gallet Fleur de figuier - 100ml","p":34.9,"u":"349,00 €/L","img":"https://fd8-photos.leclercdrive.fr/image.ashx?id=2605740&use=l&cat=p&typeid=i","cat":291525},{"id":211366,"n":"Eau parfumée Roger & Gallet Cédrat - 100ml","p":34.9,"u":"349,00 €/L","img":"https://fd8-photos.leclercdrive.fr/image.ashx?id=2605737&use=l&cat=p&typeid=i","cat":291525},{"id":211383,"n":"Gélules cheveux Forcapil Anti-chute - x90 comprimés","p":28.6,"u":"0,32 €/P","img":"https://fd8-photos.leclercdrive.fr/image.ashx?id=2939931&use=l&cat=p&typeid=i","cat":301266},{"id":211398,"n":"Amandes  Tokapi 200g","p":2.78,"u":"13,90 €/KG","img":"https://fd8-photos.leclercdrive.fr/image.ashx?id=2793326&use=l&cat=p&typeid=i","cat":284448},{"id":211410,"n":"Curry fort Sainte Lucie 55g","p":2.05,"u":"37,27 €/KG","img":"https://fd8-photos.leclercdrive.fr/image.ashx?id=2556102&use=l&cat=p&typeid=i","cat":298297},{"id":211411,"n":"Noix de muscade Sainte Lucie 18g","p":3.01,"u":"167,22 €/KG","img":"https://fd8-photos.leclercdrive.fr/image.ashx?id=2975176&use=l&cat=p&typeid=i","cat":298297},{"id":211413,"n":"Céréales Kit Kat 330g","p":3.71,"u":"11,24 €/KG","img":"https://fd8-photos.leclercdrive.fr/image.ashx?id=2989453&use=l&cat=p&typeid=i","cat":309513},{"id":211414,"n":"Céréales Miel Pops Kellogg's 330g","p":2.27,"u":"6,88 €/KG","img":"https://fd8-photos.leclercdrive.fr/image.ashx?id=3003423&use=l&cat=p&typeid=i","cat":309513},{"id":211426,"n":"Pain burger Eco+ Nature x6 - 330g","p":0.88,"u":"2,67 €/KG","img":"https://fd8-photos.leclercdrive.fr/image.ashx?id=2854195&use=l&cat=p&typeid=i","cat":325067},{"id":211427,"n":"Pain burger Epi d'Or Nature x6 - 330g","p":0.93,"u":"2,82 €/KG","img":"https://fd8-photos.leclercdrive.fr/image.ashx?id=2807303&use=l&cat=p&typeid=i","cat":325067},{"id":211436,"n":"Weetabix crispy  Minis choco - 500g","p":3.91,"u":"7,82 €/KG","img":"https://fd8-photos.leclercdrive.fr/image.ashx?id=2971311&use=l&cat=p&typeid=i","cat":309512},{"id":211437,"n":"Céréales Kellogg's Rice Krispies - 360g","p":2.66,"u":"7,39 €/KG","img":"https://fd8-photos.leclercdrive.fr/image.ashx?id=3003420&use=l&cat=p&typeid=i","cat":309513},{"id":211468,"n":"Fluide hydratant La Roche-Posay Toleriane - 40ml","p":16.9,"u":"422,50 €/L","img":"https://fd8-photos.leclercdrive.fr/image.ashx?id=2813447&use=l&cat=p&typeid=i","cat":291171},{"id":211470,"n":"Dentifrice Signal Professionnel Action Sensibilité Complet 75ml","p":3.01,"u":"40,13 €/L","img":"https://fd8-photos.leclercdrive.fr/image.ashx?id=2961326&use=l&cat=p&typeid=i","cat":284612},{"id":211481,"n":"Biscottes Pasquier Sans sel et sucre ajoutés - 300","p":1.98,"u":"6,60 €/KG","img":"https://fd8-photos.leclercdrive.fr/image.ashx?id=2899407&use=l&cat=p&typeid=i","cat":284479},{"id":211514,"n":"Déodorant bille Rexona Men Cobalt 72h - 50ml","p":3.77,"u":"75,40 €/L","img":"https://fd8-photos.leclercdrive.fr/image.ashx?id=2849662&use=l&cat=p&typeid=i","cat":284618},{"id":211520,"n":"Dentifrice Signal Professionnel Sensibilité Gencives 75ml","p":3.79,"u":"50,53 €/L","img":"https://fd8-photos.leclercdrive.fr/image.ashx?id=2961329&use=l&cat=p&typeid=i","cat":284612},{"id":211522,"n":"Dentifrice Signal Professionnel Sensibilité Blancheur 75ml","p":3.01,"u":"40,13 €/L","img":"https://fd8-photos.leclercdrive.fr/image.ashx?id=2961332&use=l&cat=p&typeid=i","cat":284612},{"id":211525,"n":"Lessive tablettes Persil Bouquet de Provence - x32","p":6.0,"u":"6,25 €/KG","img":"https://fd8-photos.leclercdrive.fr/image.ashx?id=2557809&use=l&cat=p&typeid=i","cat":284641},{"id":211550,"n":"Sel Regénérant Sun Lave Vaisselle Standard 1Kg","p":1.08,"u":"1,08 €/KG","img":"https://fd8-photos.leclercdrive.fr/image.ashx?id=2729434&use=l&cat=p&typeid=i","cat":284657},{"id":211555,"n":"Sun Capsules Lave-Vaisselle Tout en 1 Absolu Brillance x28","p":8.25,"u":"19,64 €/KG","img":"https://fd8-photos.leclercdrive.fr/image.ashx?id=2961350&use=l&cat=p&typeid=i","cat":284656},{"id":211556,"n":"Sun Capsules Lave-Vaisselle Tout en1 Absolu Dégraissant x28","p":8.25,"u":"19,64 €/KG","img":"https://fd8-photos.leclercdrive.fr/image.ashx?id=2961353&use=l&cat=p&typeid=i","cat":284656},{"id":211561,"n":"Déodorant Spray Dove Anti- Transpirant Invisible Dry 100ml","p":3.14,"u":"31,40 €/L","img":"https://fd8-photos.leclercdrive.fr/image.ashx?id=2905711&use=l&cat=p&typeid=i","cat":284595},{"id":211563,"n":"Déodorant Spray Dove Anti- Transpirant Invisible Dry 200ml","p":2.99,"u":"14,95 €/L","img":"https://fd8-photos.leclercdrive.fr/image.ashx?id=2877244&use=l&cat=p&typeid=i","cat":284595},{"id":211564,"n":"Adoucissant concentré Soupline Coco fleurs blanches - 1.28L","p":6.13,"u":"4,79 €/L","img":"https://fd8-photos.leclercdrive.fr/image.ashx?id=2832566&use=l&cat=p&typeid=i","cat":284650},{"id":211573,"n":"Déodorant Spray Dove Anti- Transpirant Original 200ml","p":2.99,"u":"14,95 €/L","img":"https://fd8-photos.leclercdrive.fr/image.ashx?id=2878486&use=l&cat=p&typeid=i","cat":284595},{"id":211578,"n":"Déodorant bille Rexona Invisible aqua 72h - 50ml","p":3.31,"u":"66,20 €/L","img":"https://fd8-photos.leclercdrive.fr/image.ashx?id=2849674&use=l&cat=p&typeid=i","cat":284595},{"id":211598,"n":"Yaourt protéiné Hipro Stracciatella 0%mg - 2x160g","p":2.15,"u":"6,72 €/KG","img":"https://fd8-photos.leclercdrive.fr/image.ashx?id=2807438&use=l&cat=p&typeid=i","cat":315000},{"id":211634,"n":"Ravioli Lustucru  Chèvre épinard - 250g","p":2.51,"u":"10,04 €/KG","img":"https://fd8-photos.leclercdrive.fr/image.ashx?id=2974357&use=l&cat=p&typeid=i","cat":333682},{"id":211723,"n":"Gel douche Adidas Active Skin & Mind- Deep Care - 250ml","p":2.71,"u":"10,84 €/L","img":"https://fd8-photos.leclercdrive.fr/image.ashx?id=2990778&use=l&cat=p&typeid=i","cat":284594},{"id":211808,"n":"Olives Noires Confites Tramier  Dénoyautées 150g","p":1.72,"u":"11,47 €/KG","img":"https://fd8-photos.leclercdrive.fr/image.ashx?id=2840829&use=l&cat=p&typeid=i","cat":284450},{"id":211844,"n":"Pur jus Tropicana Orange sans pulpe - 4x1,5L","p":14.74,"u":"2,46 €/L","img":"https://fd8-photos.leclercdrive.fr/image.ashx?id=2562546&use=l&cat=p&typeid=i","cat":284521},{"id":211856,"n":"Biscuits Petits Chocos Bonne maman - 250g","p":2.37,"u":"9,48 €/KG","img":"https://fd8-photos.leclercdrive.fr/image.ashx?id=2949997&use=l&cat=p&typeid=i","cat":284488},{"id":211865,"n":"Nouilles de blé Tien Shan Crevette - 2x85g+85g offerts","p":1.85,"u":"7,25 €/KG","img":"https://fd8-photos.leclercdrive.fr/image.ashx?id=2562438&use=l&cat=p&typeid=i","cat":288992},{"id":211908,"n":"Déodorant roll-on Weleda Citron 24h - 50ml","p":6.99,"u":"139,80 €/L","img":"https://fd8-photos.leclercdrive.fr/image.ashx?id=2654836&use=l&cat=p&typeid=i","cat":301593},{"id":211911,"n":"Crème décolorante Netline Visage et corps Aloe Vera 60ml","p":7.2,"u":"120,00 €/L","img":"https://fd8-photos.leclercdrive.fr/image.ashx?id=2562552&use=l&cat=p&typeid=i","cat":291160},{"id":211913,"n":"Filtres jetables Physiodose x20 - + 2 embouts","p":6.9,"img":"https://fd8-photos.leclercdrive.fr/image.ashx?id=2562555&use=l&cat=p&typeid=i","cat":289435},{"id":211914,"n":"Déodorant spray Weleda Citron - 100ml","p":7.99,"u":"79,90 €/L","img":"https://fd8-photos.leclercdrive.fr/image.ashx?id=2562564&use=l&cat=p&typeid=i","cat":301593},{"id":211934,"n":"1ère huile lavante bébé Uriage 500ml","p":11.49,"u":"22,98 €/L","img":"https://fd8-photos.leclercdrive.fr/image.ashx?id=2562570&use=l&cat=p&typeid=i","cat":290425},{"id":211937,"n":"Vinaigrette niçoise  Elise & Félicie - 35cl","p":3.4,"u":"9,71 €/L","img":"https://fd8-photos.leclercdrive.fr/image.ashx?id=2563898&use=l&cat=p&typeid=i","cat":284456},{"id":211938,"n":"Vinaigrette provençale  Elise & Félicie - 350ml","p":3.4,"u":"9,71 €/L","img":"https://fd8-photos.leclercdrive.fr/image.ashx?id=2646599&use=l&cat=p&typeid=i","cat":284456},{"id":211965,"n":"Mâche Panier du Primeur 150g","p":1.79,"u":"11,93 €/KG","img":"https://fd8-photos.leclercdrive.fr/image.ashx?id=2960523&use=l&cat=p&typeid=i","cat":284352},{"id":212107,"n":"Brosse à dents Colgate Extra-clean médium - x4","p":1.82,"u":"0,46 €/P","img":"https://fd8-photos.leclercdrive.fr/image.ashx?id=2564309&use=l&cat=p&typeid=i","cat":284614},{"id":212248,"n":"Crème glacée La Laitière Chocolat avec copeaux - 490g","p":3.24,"pp":2.27,"u":"4,63 €/KG","img":"https://fd8-photos.leclercdrive.fr/image.ashx?id=3000012&use=l&cat=p&typeid=i","cat":284263},{"id":212268,"n":"Crème de soin DermaXPro Hydratation - 145ml","p":5.49,"u":"37,86 €/L","img":"https://fd8-photos.leclercdrive.fr/image.ashx?id=2565431&use=l&cat=p&typeid=i","cat":284608},{"id":212274,"n":"Crème de soin DermaXPro Apaise - 145ml","p":5.49,"u":"37,86 €/L","img":"https://fd8-photos.leclercdrive.fr/image.ashx?id=2565425&use=l&cat=p&typeid=i","cat":284608},{"id":212287,"n":"Balance de cuisine numérique Nutrifresh","p":20.0,"u":"Dont 0,30 € d'éco-part.","img":"https://fd8-photos.leclercdrive.fr/image.ashx?id=2573315&use=l&cat=p&typeid=i","cat":284710},{"id":212383,"n":"Barres de céréales Spécial K Protein Coco cacao cajou -4x28g","p":2.97,"u":"26,52 €/KG","img":"https://fd8-photos.leclercdrive.fr/image.ashx?id=3011809&use=l&cat=p&typeid=i","cat":300032},{"id":212387,"n":"Transiphyt Herbesan 60 gélules","p":9.9,"pp":6.93,"u":"210,00 €/KG","img":"https://fd8-photos.leclercdrive.fr/image.ashx?id=2867092&use=l&cat=p&typeid=i","cat":301268},{"id":212463,"n":"Gel douche Le Petit Marseillais Homme - Orange/Argan - 250ml","p":2.03,"u":"8,12 €/L","img":"https://fd8-photos.leclercdrive.fr/image.ashx?id=2684554&use=l&cat=p&typeid=i","cat":284619},{"id":212465,"n":"Protège-slip Confort Vania Coton Bio - x30","p":2.64,"img":"https://fd8-photos.leclercdrive.fr/image.ashx?id=2735215&use=l&cat=p&typeid=i","cat":284625},{"id":212466,"n":"Protège-slip Protection Vania Long voile Bio - x24","p":2.92,"img":"https://fd8-photos.leclercdrive.fr/image.ashx?id=2735218&use=l&cat=p&typeid=i","cat":284625},{"id":212467,"n":"Protège-slip Protection Vania Large Fresh - x36","p":3.0,"img":"https://fd8-photos.leclercdrive.fr/image.ashx?id=2735233&use=l&cat=p&typeid=i","cat":284625},{"id":212468,"n":"Protège-slips Confort Vania Aloe vera - x56","p":2.92,"img":"https://fd8-photos.leclercdrive.fr/image.ashx?id=2735236&use=l&cat=p&typeid=i","cat":284625},{"id":212469,"n":"Protège-slip Protection Vania Long Fresh - x40","p":2.52,"img":"https://fd8-photos.leclercdrive.fr/image.ashx?id=2735239&use=l&cat=p&typeid=i","cat":284625},{"id":212472,"n":"Capsules lave-vaisselle Finish Ultimate Plus Citron - x33","p":10.12,"u":"25,11 €/KG","img":"https://fd8-photos.leclercdrive.fr/image.ashx?id=2567077&use=l&cat=p&typeid=i","cat":284656},{"id":212474,"n":"Capsules lave-vaisselle Finish  Ultimate Plus - x33","p":9.25,"u":"22,95 €/KG","img":"https://fd8-photos.leclercdrive.fr/image.ashx?id=2567086&use=l&cat=p&typeid=i","cat":284656},{"id":212477,"n":"Déodorant spray Monsavon Compres$sé -  Vanille - 100ml","p":2.9,"u":"29,00 €/L","img":"https://fd8-photos.leclercdrive.fr/image.ashx?id=2566215&use=l&cat=p&typeid=i","cat":284595},{"id":212486,"n":"Film étirable Elembal 50m","p":1.8,"u":"0,04 €/MT","img":"https://fd8-photos.leclercdrive.fr/image.ashx?id=2566146&use=l&cat=p&typeid=i","cat":285194},{"id":212504,"n":"Crème hyaluronique Mixa 400ml","p":5.15,"u":"12,88 €/L","img":"https://fd8-photos.leclercdrive.fr/image.ashx?id=2585810&use=l&cat=p&typeid=i","cat":325350},{"id":212531,"n":"Pain aux graines Gerblé Sans Gluten ni lactose - 300g","p":3.61,"u":"12,03 €/KG","img":"https://fd8-photos.leclercdrive.fr/image.ashx?id=2662889&use=l&cat=p&typeid=i","cat":325069},{"id":212589,"n":"Skyr Siggi's  Vanille - 450g","p":3.45,"u":"7,67 €/KG","img":"https://fd8-photos.leclercdrive.fr/image.ashx?id=3007951&use=l&cat=p&typeid=i","cat":315000},{"id":212593,"n":"Litière chats Tous mes Amis Triple action blanche - 5L","p":4.2,"u":"0,84 €/L","img":"https://fd8-photos.leclercdrive.fr/image.ashx?id=2568361&use=l&cat=p&typeid=i","cat":284683},{"id":212595,"n":"Litière chats Tous mes Amis Parfumée grise - 5L","p":3.1,"u":"0,62 €/L","img":"https://fd8-photos.leclercdrive.fr/image.ashx?id=2568358&use=l&cat=p&typeid=i","cat":284683},{"id":212599,"n":"Amandes décortiquées Couleurs Vives - 200g","p":2.78,"u":"13,90 €/KG","img":"https://fd8-photos.leclercdrive.fr/image.ashx?id=2567592&use=l&cat=p&typeid=i","cat":284357},{"id":212600,"n":"Cranberries Couleurs Vives 200g","p":1.99,"u":"9,95 €/KG","img":"https://fd8-photos.leclercdrive.fr/image.ashx?id=2567595&use=l&cat=p&typeid=i","cat":284357},{"id":212601,"n":"Fruits secs Mix Couleurs Vives 200g","p":2.79,"u":"13,95 €/KG","img":"https://fd8-photos.leclercdrive.fr/image.ashx?id=2567607&use=l&cat=p&typeid=i","cat":284357},{"id":212603,"n":"Fruits secs Mix croquant Couleurs Vives - 200g","p":2.99,"u":"14,95 €/KG","img":"https://fd8-photos.leclercdrive.fr/image.ashx?id=2567601&use=l&cat=p&typeid=i","cat":284357},{"id":212604,"n":"Fruits secs Mix Gourmand Couleurs Vives - 200g","p":2.55,"u":"12,75 €/KG","img":"https://fd8-photos.leclercdrive.fr/image.ashx?id=2567604&use=l&cat=p&typeid=i","cat":284357},{"id":212667,"n":"Cottage cheese Danone Fromage frais - 200g","p":2.27,"u":"11,35 €/KG","img":"https://fd8-photos.leclercdrive.fr/image.ashx?id=2628341&use=l&cat=p&typeid=i","cat":314029},{"id":212679,"n":"Céréales Coco Pops Chocos Kellogg's - 330g","p":2.55,"u":"7,73 €/KG","img":"https://fd8-photos.leclercdrive.fr/image.ashx?id=2571683&use=l&cat=p&typeid=i","cat":309513},{"id":212764,"n":"Gelée vin de Madère Maggi x2 - 48g","p":1.3,"u":"27,08 €/KG","img":"https://fd8-photos.leclercdrive.fr/image.ashx?id=2570748&use=l&cat=p&typeid=i","cat":288380},{"id":212809,"n":"Crème de marron Clément Faugier 250g","p":1.88,"u":"7,52 €/KG","img":"https://fd8-photos.leclercdrive.fr/image.ashx?id=2570475&use=l&cat=p&typeid=i","cat":284481},{"id":212815,"n":"Yaourt à la grecque YAOS  Stracciatella - 8x125g","p":4.33,"u":"4,33 €/KG","img":"https://fd8-photos.leclercdrive.fr/image.ashx?id=2570115&use=l&cat=p&typeid=i","cat":314999},{"id":212817,"n":"Nettoyant vitres Ajax Triple action Recharge - 750ml","p":1.7,"u":"2,27 €/L","img":"https://fd8-photos.leclercdrive.fr/image.ashx?id=2842969&use=l&cat=p&typeid=i","cat":325363},{"id":212823,"n":"Nettoyant wc L'arbre Vert Romarin - 750ml","p":2.28,"u":"3,04 €/L","img":"https://fd8-photos.leclercdrive.fr/image.ashx?id=2734696&use=l&cat=p&typeid=i","cat":284662},{"id":212828,"n":"Mélange cajun Sainte Lucie 45g","p":2.49,"u":"55,33 €/KG","img":"https://fd8-photos.leclercdrive.fr/image.ashx?id=2571176&use=l&cat=p&typeid=i","cat":298297},{"id":212874,"n":"AOP Fronsac Chateau La Croix Laroque \"Cuvée vieux Laro\" 75cl","p":4.9,"u":"6,53 €/L","img":"https://fd8-photos.leclercdrive.fr/image.ashx?id=2570472&use=l&cat=p&typeid=i","cat":289556},{"id":212876,"n":"AOP Champagne Moët & Chandon Brut impérial - 75cl","p":39.04,"u":"52,05 €/L","img":"https://fd8-photos.leclercdrive.fr/image.ashx?id=2578951&use=l&cat=p&typeid=i","cat":284542},{"id":212902,"n":"Pile alcaline Varta  Longlife Power D - x2","p":4.5,"u":"2,25 €/P","img":"https://fd8-photos.leclercdrive.fr/image.ashx?id=2575819&use=l&cat=p&typeid=i","cat":300572},{"id":212922,"n":"Déboucheur Gel Destop  Spécial Cuisine - 1L","p":3.14,"u":"3,14 €/L","img":"https://fd8-photos.leclercdrive.fr/image.ashx?id=2572278&use=l&cat=p&typeid=i","cat":284908},{"id":212934,"n":"Lait bébé poudre Guigoz Optipro 3ème âge - dès 12 mois - 830g","p":10.26,"u":"12,36 €/KG","img":"https://fd8-photos.leclercdrive.fr/image.ashx?id=2895059&use=l&cat=p&typeid=i","cat":290219},{"id":213023,"n":"Pâtée et morceaux chiens Eco+ Boeuf - 1.2kg","p":1.67,"u":"1,39 €/KG","img":"https://fd8-photos.leclercdrive.fr/image.ashx?id=2815743&use=l&cat=p&typeid=i","cat":288578},{"id":213025,"n":"Boulettes à la volaille Eco+ 1.2kg","p":1.54,"u":"1,28 €/KG","img":"https://fd8-photos.leclercdrive.fr/image.ashx?id=2815737&use=l&cat=p&typeid=i","cat":288578},{"id":213189,"n":"Milky fromage enfant à tartiner Les Croisés 24 portions - 432g","p":3.59,"u":"8,31 €/KG","img":"https://fd8-photos.leclercdrive.fr/image.ashx?id=2791899&use=l&cat=p&typeid=i","cat":314030},{"id":213190,"n":"Milky fromage enfant à tartiner Les Croisés 12 portions - 216g","p":1.85,"u":"8,56 €/KG","img":"https://fd8-photos.leclercdrive.fr/image.ashx?id=2791914&use=l&cat=p&typeid=i","cat":314030},{"id":213200,"n":"Gaufrettes Quadro Cémoi Choco noisettes - 187g","p":2.1,"u":"11,23 €/KG","img":"https://fd8-photos.leclercdrive.fr/image.ashx?id=2654731&use=l&cat=p&typeid=i","cat":284488},{"id":213242,"n":"Céréales Coco Pops Kellogg's Original - 330g","p":2.84,"u":"8,61 €/KG","img":"https://fd8-photos.leclercdrive.fr/image.ashx?id=2577099&use=l&cat=p&typeid=i","cat":309513},{"id":213366,"n":"Toast nature Harrys Tranches épaisses - 250g","p":1.75,"u":"7,00 €/KG","img":"https://fd8-photos.leclercdrive.fr/image.ashx?id=2581253&use=l&cat=p&typeid=i","cat":285454},{"id":213393,"n":"Lait Cica Réparation Mixa Peaux Sèches, Sensibles - 250ml","p":5.32,"u":"21,28 €/L","img":"https://fd8-photos.leclercdrive.fr/image.ashx?id=2579032&use=l&cat=p&typeid=i","cat":325349},{"id":213394,"n":"Gel-Crème Hydratant Mixa Hypoallergénique - 50ml","p":6.19,"u":"12,38 €/L","img":"https://fd8-photos.leclercdrive.fr/image.ashx?id=2585804&use=l&cat=p&typeid=i","cat":325345},{"id":213395,"n":"Sérum hyalurogel Mixa Peau sensible - 30ml","p":5.59,"u":"186,33 €/L","img":"https://fd8-photos.leclercdrive.fr/image.ashx?id=2585807&use=l&cat=p&typeid=i","cat":325345},{"id":213396,"n":"Crème céramide Mixa 400ml","p":6.19,"u":"15,48 €/L","img":"https://fd8-photos.leclercdrive.fr/image.ashx?id=2579029&use=l&cat=p&typeid=i","cat":325350},{"id":213397,"n":"Lait Nourrissant Céramide Mixa Peaux sèches, sensibles - 250ml","p":4.72,"u":"18,88 €/L","img":"https://fd8-photos.leclercdrive.fr/image.ashx?id=2579035&use=l&cat=p&typeid=i","cat":325350},{"id":213404,"n":"Crème cica Mixa Réparation - 400ml","p":6.29,"u":"15,73 €/L","img":"https://fd8-photos.leclercdrive.fr/image.ashx?id=2579023&use=l&cat=p&typeid=i","cat":325350},{"id":213425,"n":"Brossettes Oral-B 3D White 2x4","p":43.71,"u":"5,46 €/P","img":"https://fd8-photos.leclercdrive.fr/image.ashx?id=2740319&use=l&cat=p&typeid=i","cat":297133},{"id":213426,"n":"Brosettes Oral-B Sensitive Sensitive Clean 2x4","p":41.72,"u":"5,22 €/P","img":"https://fd8-photos.leclercdrive.fr/image.ashx?id=2579697&use=l&cat=p&typeid=i","cat":297133},{"id":213429,"n":"Dentifrice Signal White Now Detox argile minérale - 3x75ml","p":8.51,"u":"37,82 €/L","img":"https://fd8-photos.leclercdrive.fr/image.ashx?id=2656309&use=l&cat=p&typeid=i","cat":284612},{"id":213432,"n":"Gel Corps et Cheveux Cadum Hypoallergenique - 750ml","p":4.55,"u":"6,07 €/L","img":"https://fd8-photos.leclercdrive.fr/image.ashx?id=2581798&use=l&cat=p&typeid=i","cat":284594},{"id":213438,"n":"Dentifrice Colgate Max White Ultra Perle de fraîcheur 2x75ml","p":10.77,"u":"71,80 €/L","img":"https://fd8-photos.leclercdrive.fr/image.ashx?id=2798331&use=l&cat=p&typeid=i","cat":284612},{"id":213441,"n":"Gel douche Sanex Natural Prebiotic - Protection 2x425ml","p":6.66,"u":"7,84 €/L","img":"https://fd8-photos.leclercdrive.fr/image.ashx?id=2757875&use=l&cat=p&typeid=i","cat":284594},{"id":213443,"n":"Après-Shampoing Franck Provost Expert nutrition - 450ml","p":4.06,"u":"9,02 €/L","img":"https://fd8-photos.leclercdrive.fr/image.ashx?id=2581807&use=l&cat=p&typeid=i","cat":284607},{"id":213454,"n":"Petits pois Eco+ 1kg","p":1.52,"u":"1,52 €/KG","img":"https://fd8-photos.leclercdrive.fr/image.ashx?id=2796025&use=l&cat=p&typeid=i","cat":319805},{"id":213456,"n":"Quart de jambon sec Eco+ 14 tranches - 200g","p":2.33,"u":"11,65 €/KG","img":"https://fd8-photos.leclercdrive.fr/image.ashx?id=2579219&use=l&cat=p&typeid=i","cat":316007},{"id":213464,"n":"Panés Spécial Burger Père Dodu  Chapelure Corn Flakes - x2 - 18","p":2.61,"u":"14,50 €/KG","img":"https://fd8-photos.leclercdrive.fr/image.ashx?id=2957221&use=l&cat=p&typeid=i","cat":333684},{"id":213469,"n":"Chocolat noir bio Ethiquable Colombie/Nicaragua 90% - 100g","p":3.56,"u":"35,60 €/KG","img":"https://fd8-photos.leclercdrive.fr/image.ashx?id=2870962&use=l&cat=p&typeid=i","cat":284956},{"id":213471,"n":"Chocolat noir Ethiquable Sésame Bio Pérou/Haïti - 100g","p":2.79,"u":"27,90 €/KG","img":"https://fd8-photos.leclercdrive.fr/image.ashx?id=2870983&use=l&cat=p&typeid=i","cat":284956},{"id":213478,"n":"Chocolat instantané Ethiquable 50% CI/Haïti/Togo Bio 425g","p":6.36,"u":"14,96 €/KG","img":"https://fd8-photos.leclercdrive.fr/image.ashx?id=2876893&use=l&cat=p&typeid=i","cat":293235},{"id":213487,"n":"Crème semi-épaisse UHT Délisse Entière - 30% MG - 2x25cl","p":3.21,"u":"6,42 €/L","img":"https://fd8-photos.leclercdrive.fr/image.ashx?id=2579396&use=l&cat=p&typeid=i","cat":284381},{"id":213528,"n":"Gel WC Canard 100% Détartrant - 750ml","p":2.39,"u":"3,19 €/L","img":"https://fd8-photos.leclercdrive.fr/image.ashx?id=2580194&use=l&cat=p&typeid=i","cat":284662},{"id":213550,"n":"Litière chats Tous mes Amis Agglomérante charbon actif - 5L","p":3.5,"u":"0,70 €/L","img":"https://fd8-photos.leclercdrive.fr/image.ashx?id=2580258&use=l&cat=p&typeid=i","cat":284683},{"id":213570,"n":"Gel douche Le Petit Marseillais Bois de cade & fougère  - 250ml","p":1.93,"u":"7,72 €/MT","img":"https://fd8-photos.leclercdrive.fr/image.ashx?id=2684545&use=l&cat=p&typeid=i","cat":284619},{"id":213581,"n":"Gel douche Cadum Crème d'amande - 450ml","p":2.87,"u":"6,38 €/L","img":"https://fd8-photos.leclercdrive.fr/image.ashx?id=2582273&use=l&cat=p&typeid=i","cat":284594},{"id":213582,"n":"Crème Douche surgras Bio Cadum Karité - 450ml","p":2.71,"u":"6,02 €/L","img":"https://fd8-photos.leclercdrive.fr/image.ashx?id=2580801&use=l&cat=p&typeid=i","cat":284594},{"id":213600,"n":"Crème Douche Nourrissante Cadum Huile de Coco Bio - 450ml","p":2.86,"u":"6,36 €/L","img":"https://fd8-photos.leclercdrive.fr/image.ashx?id=2582276&use=l&cat=p&typeid=i","cat":284594},{"id":213602,"n":"Crème Douche Nourrissante Cadum Miel de Fleurs bio - 450ml","p":2.67,"u":"5,93 €/L","img":"https://fd8-photos.leclercdrive.fr/image.ashx?id=2582279&use=l&cat=p&typeid=i","cat":284594},{"id":213604,"n":"Crème Douche Hydratation Cadum Huile d'Amandes Douces - 450ml","p":2.66,"u":"5,91 €/L","img":"https://fd8-photos.leclercdrive.fr/image.ashx?id=2582282&use=l&cat=p&typeid=i","cat":284594},{"id":213605,"n":"Crème de douche Cadum Fleur de coton - 450ml","p":2.86,"u":"6,36 €/L","img":"https://fd8-photos.leclercdrive.fr/image.ashx?id=2582285&use=l&cat=p&typeid=i","cat":284594},{"id":213606,"n":"Gel Douche Sans Savon Bio Cadum Huile d'Amandes Douces - 450ml","p":2.65,"u":"5,89 €/L","img":"https://fd8-photos.leclercdrive.fr/image.ashx?id=2582288&use=l&cat=p&typeid=i","cat":284594},{"id":213614,"n":"Lentilles corail Notre Jardin 500g","p":1.72,"u":"3,44 €/KG","img":"https://fd8-photos.leclercdrive.fr/image.ashx?id=2610726&use=l&cat=p&typeid=i","cat":284430},{"id":213673,"n":"Pur jus d'orange pressée Andros 1L","p":2.25,"u":"2,25 €/L","img":"https://fd8-photos.leclercdrive.fr/image.ashx?id=2963430&use=l&cat=p&typeid=i","cat":284354},{"id":213676,"n":"Pur jus d'oranges Andros Sans pulpe - 1L","p":2.25,"u":"2,25 €/L","img":"https://fd8-photos.leclercdrive.fr/image.ashx?id=2928873&use=l&cat=p&typeid=i","cat":284354},{"id":213687,"n":"Shampoing karité Franck Provost Cheveux Secs, très secs - 500ml","p":4.06,"u":"8,12 €/L","img":"https://fd8-photos.leclercdrive.fr/image.ashx?id=2581804&use=l&cat=p&typeid=i","cat":284606},{"id":213688,"n":"Shampoing Karité Franck Provost Cheveux Très Secs épais - 500ml","p":4.06,"u":"8,12 €/L","img":"https://fd8-photos.leclercdrive.fr/image.ashx?id=2582312&use=l&cat=p&typeid=i","cat":284606},{"id":213690,"n":"Shampoing Franck Provost Cheveux abîmés cassants - 500ml","p":4.06,"u":"8,12 €/L","img":"https://fd8-photos.leclercdrive.fr/image.ashx?id=2582315&use=l&cat=p&typeid=i","cat":284606},{"id":213691,"n":"Après-Shampooing Franck Provost Expert réparation - 450ml","p":4.06,"u":"9,02 €/L","img":"https://fd8-photos.leclercdrive.fr/image.ashx?id=2582318&use=l&cat=p&typeid=i","cat":284607},{"id":213692,"n":"Shampooing Franck Provost Cheveux colorés - 500ml","p":4.06,"u":"8,12 €/L","img":"https://fd8-photos.leclercdrive.fr/image.ashx?id=2582321&use=l&cat=p&typeid=i","cat":284606},{"id":213695,"n":"Recharge Gel douche Cadum Sans Sulfate - 500ml","p":2.88,"u":"5,76 €/L","img":"https://fd8-photos.leclercdrive.fr/image.ashx?id=2581810&use=l&cat=p&typeid=i","cat":284594},{"id":213703,"n":"Gel Corps et Cheveux Cadum Sans Sulfate - 400ml","p":2.89,"u":"7,23 €/L","img":"https://fd8-photos.leclercdrive.fr/image.ashx?id=2582270&use=l&cat=p&typeid=i","cat":284594},{"id":213724,"n":"Bouchée pour chien Eco+ Boeuf, pâtes, carottes - 1.2kg","p":1.93,"u":"1,61 €/KG","img":"https://fd8-photos.leclercdrive.fr/image.ashx?id=2815728&use=l&cat=p&typeid=i","cat":288578},{"id":213726,"n":"Ravioles à poêler Lustucru Chèvre - 280g","p":2.25,"u":"8,04 €/KG","img":"https://fd8-photos.leclercdrive.fr/image.ashx?id=2792390&use=l&cat=p&typeid=i","cat":333682},{"id":213749,"n":"Bière blonde Pélican 6x33cl","p":7.82,"u":"3,95 €/L","img":"https://fd8-photos.leclercdrive.fr/image.ashx?id=2946922&use=l&cat=p&typeid=i","cat":334872},{"id":213792,"n":"Nettoyant sol savon noir Perfboost Carolin -1L","p":2.77,"u":"2,77 €/L","img":"https://fd8-photos.leclercdrive.fr/image.ashx?id=2582633&use=l&cat=p&typeid=i","cat":284907},{"id":213821,"n":"Brosse à dents Signal Soins gencives Extra souple x4","p":3.06,"u":"0,77 €/P","img":"https://fd8-photos.leclercdrive.fr/image.ashx?id=2805690&use=l&cat=p&typeid=i","cat":284614},{"id":213830,"n":"Adoucissant Soupline concentré  3D Grand air - 1,35L","p":5.47,"u":"4,05 €/L","img":"https://fd8-photos.leclercdrive.fr/image.ashx?id=2924950&use=l&cat=p&typeid=i","cat":284650},{"id":213833,"n":"Colgate Chloro intense  75ml","p":1.23,"u":"16,40 €/L","img":"https://fd8-photos.leclercdrive.fr/image.ashx?id=2964231&use=l&cat=p&typeid=i","cat":284612},{"id":213834,"n":"Brosse à dents Colgate Extra-clean souple - x4","p":1.99,"u":"0,50 €/P","img":"https://fd8-photos.leclercdrive.fr/image.ashx?id=3011950&use=l&cat=p&typeid=i","cat":284614},{"id":213836,"n":"Dentifrice Colgate Ultra Brite  Haleine Fraîche - 75ml","p":1.38,"u":"18,40 €/L","img":"https://fd8-photos.leclercdrive.fr/image.ashx?id=2802845&use=l&cat=p&typeid=i","cat":284612},{"id":213857,"n":"Recharges WC Canard Fresh Disc  Fraîcheur Marine - 2x6 disques","p":5.83,"u":"2,92 €/P","img":"https://fd8-photos.leclercdrive.fr/image.ashx?id=2754824&use=l&cat=p&typeid=i","cat":284662},{"id":213910,"n":"Taboulé Oriental  Garbit - 525g","p":2.36,"u":"4,50 €/KG","img":"https://fd8-photos.leclercdrive.fr/image.ashx?id=2901899&use=l&cat=p&typeid=i","cat":284429},{"id":213930,"n":"Fromage enfant La Vache qui rit Original 24P à tartiner - 384g","p":3.83,"u":"9,97 €/KG","img":"https://fd8-photos.leclercdrive.fr/image.ashx?id=2945451&use=l&cat=p&typeid=i","cat":314030},{"id":213953,"n":"Recharges WC Canard fresh disc Citron - 2x6 disques","p":4.92,"u":"2,46 €/P","img":"https://fd8-photos.leclercdrive.fr/image.ashx?id=2754821&use=l&cat=p&typeid=i","cat":284662},{"id":213954,"n":"Protège-slips Vania Pocket Normal - x30","p":2.24,"u":"0,07 €/P","img":"https://fd8-photos.leclercdrive.fr/image.ashx?id=2735245&use=l&cat=p&typeid=i","cat":284625},{"id":213958,"n":"Crème Corps Hydratante Mixa Peau très Sèche, terne - 400ml","p":5.19,"u":"12,98 €/L","img":"https://fd8-photos.leclercdrive.fr/image.ashx?id=2595767&use=l&cat=p&typeid=i","cat":325350},{"id":213959,"n":"Nettoyant ménager Pliz Fée du logis - 250ml","p":2.45,"u":"9,80 €/L","img":"https://fd8-photos.leclercdrive.fr/image.ashx?id=2585540&use=l&cat=p&typeid=i","cat":325364},{"id":213964,"n":"Nettoyant ménager Ajax Maison pure Sureau - 1.25L","p":3.04,"u":"2,43 €/L","img":"https://fd8-photos.leclercdrive.fr/image.ashx?id=2585555&use=l&cat=p&typeid=i","cat":284907},{"id":213965,"n":"Adoucissant Eco+ Fraîcheur - 1.5L - x60","p":1.64,"u":"1,09 €/L","img":"https://fd8-photos.leclercdrive.fr/image.ashx?id=2600833&use=l&cat=p&typeid=i","cat":284650},{"id":213966,"n":"Bougie anti-tabac Glade Vegan - x1","p":4.03,"img":"https://fd8-photos.leclercdrive.fr/image.ashx?id=2585534&use=l&cat=p&typeid=i","cat":335913},{"id":213967,"n":"Bougie Glade I Love You - Vegan -  129g","p":4.02,"u":"31,16 €/KG","img":"https://fd8-photos.leclercdrive.fr/image.ashx?id=2585537&use=l&cat=p&typeid=i","cat":335913},{"id":214087,"n":"Soda Coca-Cola Original Bouteille - 1,75L","p":2.39,"u":"1,37 €/L","img":"https://fd8-photos.leclercdrive.fr/image.ashx?id=2971745&use=l&cat=p&typeid=i","cat":284530},{"id":214101,"n":"Toast Brioché spécial foie gras Tranche épaisse Harrys X2- 500G","p":3.34,"u":"6,68 €/KG","img":"https://fd8-photos.leclercdrive.fr/image.ashx?id=2587572&use=l&cat=p&typeid=i","cat":285454},{"id":214102,"n":"Toasts Brioché Nature Tranche épaisse Harrys X2- 500G","p":2.99,"u":"5,98 €/KG","img":"https://fd8-photos.leclercdrive.fr/image.ashx?id=2587575&use=l&cat=p&typeid=i","cat":285454},{"id":214103,"n":"Toasts Aromates spécial saumon Tranches épaisses Harrys 250G","p":1.75,"u":"7,00 €/KG","img":"https://fd8-photos.leclercdrive.fr/image.ashx?id=2587578&use=l&cat=p&typeid=i","cat":285454},{"id":214104,"n":"Toasts Seigle spécial huîtres Tranches épaisses Harrys 250G","p":1.75,"u":"7,00 €/KG","img":"https://fd8-photos.leclercdrive.fr/image.ashx?id=2599200&use=l&cat=p&typeid=i","cat":285454},{"id":214105,"n":"Toast Brioché spécial foie gras Tranches épaisses Harrys 250G","p":1.75,"u":"7,00 €/KG","img":"https://fd8-photos.leclercdrive.fr/image.ashx?id=2587581&use=l&cat=p&typeid=i","cat":285454},{"id":214290,"n":"Batonnets Tous mes amis x30","p":3.5,"u":"0,12 €/P","img":"https://fd8-photos.leclercdrive.fr/image.ashx?id=2600297&use=l&cat=p&typeid=i","cat":294527},{"id":214293,"n":"Os de jambon Tous mes amis Taille M - x1","p":2.1,"img":"https://fd8-photos.leclercdrive.fr/image.ashx?id=2600306&use=l&cat=p&typeid=i","cat":294527},{"id":214321,"n":"Déodorant bille Dove Grenade - Anti-transpirant 50ml","p":2.69,"u":"53,80 €/L","img":"https://fd8-photos.leclercdrive.fr/image.ashx?id=2867341&use=l&cat=p&typeid=i","cat":284595},{"id":214327,"n":"Déodorant Spray Dove Anti- Transpirant Beauty Finish 100ml","p":3.46,"u":"34,60 €/L","img":"https://fd8-photos.leclercdrive.fr/image.ashx?id=2987038&use=l&cat=p&typeid=i","cat":284595},{"id":214392,"n":"Gel douche Le Petit Marseillais Homme - Minéraux & bois - 250ml","p":1.64,"u":"6,56 €/L","img":"https://fd8-photos.leclercdrive.fr/image.ashx?id=2684548&use=l&cat=p&typeid=i","cat":284619},{"id":214393,"n":"Gel douche Le Petit Marseillais Homme - Pin & eucalyptus 250ml","p":1.89,"u":"7,56 €/L","img":"https://fd8-photos.leclercdrive.fr/image.ashx?id=2684551&use=l&cat=p&typeid=i","cat":284619},{"id":214394,"n":"Crème de douche Le Petit Marseillais Fleur coton 400ml","p":2.85,"u":"7,13 €/L","img":"https://fd8-photos.leclercdrive.fr/image.ashx?id=2947045&use=l&cat=p&typeid=i","cat":284594},{"id":214403,"n":"Lessive liquide Bonux L'original 50 Lavages - 2.25L","p":9.84,"u":"4,37 €/L","img":"https://fd8-photos.leclercdrive.fr/image.ashx?id=2881993&use=l&cat=p&typeid=i","cat":284640},{"id":214472,"n":"Shampooing 3 en 1 Nature Box À l'huile de noix - 385ml","p":6.33,"u":"16,44 €/L","img":"https://fd8-photos.leclercdrive.fr/image.ashx?id=2590375&use=l&cat=p&typeid=i","cat":284621},{"id":214484,"n":"Capsule lave-vaisselle Sun Absolu Brillance x42 - 630g","p":12.44,"u":"19,75 €/KG","img":"https://fd8-photos.leclercdrive.fr/image.ashx?id=2590863&use=l&cat=p&typeid=i","cat":284656},{"id":214504,"n":"Dentifrice Colgate Max Fresh Cristaux fraîcheur - 3x75ml","p":5.33,"u":"71,07 €/L","img":"https://fd8-photos.leclercdrive.fr/image.ashx?id=2590851&use=l&cat=p&typeid=i","cat":284612},{"id":214507,"n":"Liégeois au chocolat Andros Au lait d'amande x6 - 540g","p":2.58,"u":"4,78 €/KG","img":"https://fd8-photos.leclercdrive.fr/image.ashx?id=2590815&use=l&cat=p&typeid=i","cat":316071},{"id":214516,"n":"Pâte à pizza Herta Épaisse et ronde - 450g","p":2.49,"u":"5,53 €/KG","img":"https://fd8-photos.leclercdrive.fr/image.ashx?id=2813917&use=l&cat=p&typeid=i","cat":333681},{"id":214527,"n":"Baume lèvre Nuxe Very rose - 15g","p":9.6,"u":"640,00 €/KG","img":"https://fd8-photos.leclercdrive.fr/image.ashx?id=2670740&use=l&cat=p&typeid=i","cat":291172},{"id":214648,"n":"Nouilles Banzai Noodle bœuf  cup - 67g","p":1.25,"u":"18,66 €/KG","img":"https://fd8-photos.leclercdrive.fr/image.ashx?id=2730001&use=l&cat=p&typeid=i","cat":288992},{"id":214758,"n":"Haché végétal Happyvore 200g","p":4.12,"u":"20,60 €/KG","img":"https://fd8-photos.leclercdrive.fr/image.ashx?id=2768246&use=l&cat=p&typeid=i","cat":316036},{"id":214762,"n":"Nouilles Banzai Noodle poulet  cup - 67g","p":1.25,"u":"18,66 €/KG","img":"https://fd8-photos.leclercdrive.fr/image.ashx?id=2730004&use=l&cat=p&typeid=i","cat":288992},{"id":214778,"n":"Lait en poudre bio Modilac 2ème âge - 800g","p":19.0,"u":"23,75 €/KG","img":"https://fd8-photos.leclercdrive.fr/image.ashx?id=2981172&use=l&cat=p&typeid=i","cat":284727},{"id":214779,"n":"Lait en poudre bio Modilac Croissance - 800g","p":18.11,"u":"22,64 €/KG","img":"https://fd8-photos.leclercdrive.fr/image.ashx?id=2981175&use=l&cat=p&typeid=i","cat":290219},{"id":214802,"n":"Chips de légumes Tyrrell's 125g","p":2.91,"u":"23,28 €/KG","img":"https://fd8-photos.leclercdrive.fr/image.ashx?id=2878309&use=l&cat=p&typeid=i","cat":284447},{"id":214815,"n":"Lait en poudre bio Modilac 1er âge - 800g","p":21.05,"u":"26,31 €/KG","img":"https://fd8-photos.leclercdrive.fr/image.ashx?id=2981169&use=l&cat=p&typeid=i","cat":284726},{"id":214848,"n":"Champignons blancs de Paris  Eco+ - 200g","p":0.95,"u":"4,75 €/KG","img":"https://fd8-photos.leclercdrive.fr/image.ashx?id=2742685&use=l&cat=p&typeid=i","cat":284352},{"id":214849,"n":"Shampooing Head & Shoulders DermaxPro revitalisant - 450ml","p":9.16,"u":"20,36 €/L","img":"https://fd8-photos.leclercdrive.fr/image.ashx?id=2595413&use=l&cat=p&typeid=i","cat":284606},{"id":214900,"n":"Rénovateur d'émail Rubson Vernis - Blanc - 12ml","p":10.65,"u":"887,50 €/L","img":"https://fd8-photos.leclercdrive.fr/image.ashx?id=2595218&use=l&cat=p&typeid=i","cat":300576},{"id":214901,"n":"Blanchisseur joints carrelage Rubson - 7ml","p":6.12,"u":"874,29 €/L","img":"https://fd8-photos.leclercdrive.fr/image.ashx?id=2595221&use=l&cat=p&typeid=i","cat":300576},{"id":214902,"n":"Colle Loctite Super glue 3 - 20g","p":11.95,"u":"597,50 €/KG","img":"https://fd8-photos.leclercdrive.fr/image.ashx?id=2595215&use=l&cat=p&typeid=i","cat":300576},{"id":214903,"n":"Colle ni clous ni vis Pattex Extra forte et rapide - 260g","p":7.25,"u":"27,88 €/KG","img":"https://fd8-photos.leclercdrive.fr/image.ashx?id=2664431&use=l&cat=p&typeid=i","cat":300576},{"id":215000,"n":"Crème de Marron Clement Faugier 992g","p":4.96,"u":"5,00 €/KG","img":"https://fd8-photos.leclercdrive.fr/image.ashx?id=3004393&use=l&cat=p&typeid=i","cat":284481},{"id":215015,"n":"Crabe des neiges Chatka Alaska et Antarctique - 180g","p":12.33,"u":"68,50 €/KG","img":"https://fd8-photos.leclercdrive.fr/image.ashx?id=2938833&use=l&cat=p&typeid=i","cat":305147},{"id":215017,"n":"Croutons ail Tipiak 220g","p":3.29,"u":"14,95 €/KG","img":"https://fd8-photos.leclercdrive.fr/image.ashx?id=2688872&use=l&cat=p&typeid=i","cat":284464},{"id":215041,"n":"Lasagnes à la Bolognaise  Fleury Michon - 300g","p":3.84,"u":"12,80 €/KG","img":"https://fd8-photos.leclercdrive.fr/image.ashx?id=3003242&use=l&cat=p&typeid=i","cat":333665},{"id":215056,"n":"Recharge Lessive liquide  Rainett - Bicarbonate 1.6L","p":6.14,"u":"3,84 €/L","img":"https://fd8-photos.leclercdrive.fr/image.ashx?id=2940291&use=l&cat=p&typeid=i","cat":284640},{"id":215100,"n":"Complément Alimentaire Juvamine Vitamine C Magnésium x30","p":3.86,"u":"56,76 €/KG","img":"https://fd8-photos.leclercdrive.fr/image.ashx?id=2731501&use=l&cat=p&typeid=i","cat":313217},{"id":215122,"n":"Pâtes Alpina Perle - 500g","p":1.35,"u":"2,70 €/KG","img":"https://fd8-photos.leclercdrive.fr/image.ashx?id=2789859&use=l&cat=p&typeid=i","cat":284427},{"id":215176,"n":"Mini nems Tables du Monde Crevettes légumes x10 - 220g","p":2.99,"u":"13,59 €/KG","img":"https://fd8-photos.leclercdrive.fr/image.ashx?id=2596793&use=l&cat=p&typeid=i","cat":333673},{"id":215212,"n":"Dentifrice Oral-B Pro-science Advanced - Pro repair - 75ml","p":4.53,"u":"60,40 €/L","img":"https://fd8-photos.leclercdrive.fr/image.ashx?id=2737795&use=l&cat=p&typeid=i","cat":284612},{"id":215213,"n":"Sérum visage repulpant Garnier Acide Hyaluronique & Aloe Vera","p":8.98,"u":"299,33 €/L","img":"https://fd8-photos.leclercdrive.fr/image.ashx?id=2979911&use=l&cat=p&typeid=i","cat":325345},{"id":215222,"n":"Brossettes Oral-B Pro  Cross Action - 2x4","p":34.07,"u":"4,26 €/P","img":"https://fd8-photos.leclercdrive.fr/image.ashx?id=2597573&use=l&cat=p&typeid=i","cat":297133},{"id":215231,"n":"Petites gambas Fleury Ichon À la persillade - 280g","p":4.08,"u":"14,57 €/KG","img":"https://fd8-photos.leclercdrive.fr/image.ashx?id=2889499&use=l&cat=p&typeid=i","cat":333665},{"id":215236,"n":"Compotes Charles & Alice Pomme morceau châtaigne x4 388g","p":1.88,"u":"4,85 €/KG","img":"https://fd8-photos.leclercdrive.fr/image.ashx?id=2757656&use=l&cat=p&typeid=i","cat":284416},{"id":215237,"n":"Menu complet Lapin 800G","p":1.88,"u":"2,35 €/KG","img":"https://fd8-photos.leclercdrive.fr/image.ashx?id=2646818&use=l&cat=p&typeid=i","cat":284677},{"id":215238,"n":"Menu complet Lapin 3KG","p":6.6,"u":"2,20 €/KG","img":"https://fd8-photos.leclercdrive.fr/image.ashx?id=2646815&use=l&cat=p&typeid=i","cat":284677},{"id":215239,"n":"Menu complet Tous Mes Amis 800g","p":1.88,"u":"2,35 €/KG","img":"https://fd8-photos.leclercdrive.fr/image.ashx?id=2646812&use=l&cat=p&typeid=i","cat":284677},{"id":215242,"n":"Tomates séchées bio Gusti Amo 280g","p":4.9,"u":"17,50 €/KG","img":"https://fd8-photos.leclercdrive.fr/image.ashx?id=2598181&use=l&cat=p&typeid=i","cat":312608},{"id":215322,"n":"AOP Beaujolais Nouveau rouge Antoine Barrier  75cl","p":4.29,"u":"5,72 €/L","img":"https://fd8-photos.leclercdrive.fr/image.ashx?id=2616760&use=l&cat=p&typeid=i","cat":289556},{"id":215377,"n":"Fromage Persillée Bresse Bleu Le véritable - 200g","p":2.67,"u":"13,35 €/KG","img":"https://fd8-photos.leclercdrive.fr/image.ashx?id=2927486&use=l&cat=p&typeid=i","cat":314032},{"id":215378,"n":"Sérum Visage Post-Acné Nivea Anti-taches Luminous - 30ml","p":19.68,"u":"656,00 €/L","img":"https://fd8-photos.leclercdrive.fr/image.ashx?id=2836124&use=l&cat=p&typeid=i","cat":325345},{"id":215379,"n":"Sérum Visage Anti-âge Nivea Anti-taches Luminous - 30ml","p":17.71,"u":"590,33 €/L","img":"https://fd8-photos.leclercdrive.fr/image.ashx?id=2985492&use=l&cat=p&typeid=i","cat":325345},{"id":215442,"n":"Panettone emballé main Pasticceria del Casato - 750g","p":10.11,"u":"13,48 €/KG","img":"https://fd8-photos.leclercdrive.fr/image.ashx?id=2600021&use=l&cat=p&typeid=i","cat":289010},{"id":215564,"n":"Boules praliné lait Jacquot Eclat de noisettes 1 Kg","p":13.77,"u":"13,77 €/KG","img":"https://fd8-photos.leclercdrive.fr/image.ashx?id=2599607&use=l&cat=p&typeid=i","cat":327595},{"id":215581,"n":"Bouchées chocolats mon chéri  x30 - 315g","p":7.97,"u":"25,30 €/KG","img":"https://fd8-photos.leclercdrive.fr/image.ashx?id=2952923&use=l&cat=p&typeid=i","cat":327601},{"id":215600,"n":"Boîte Ferrero collection  42 pièces - 431g","p":16.65,"u":"38,63 €/KG","img":"https://fd8-photos.leclercdrive.fr/image.ashx?id=2899752&use=l&cat=p&typeid=i","cat":327595},{"id":215615,"n":"Motta panettone prémium  Marrons Glacés 750g","p":14.95,"u":"19,93 €/KG","img":"https://fd8-photos.leclercdrive.fr/image.ashx?id=2679275&use=l&cat=p&typeid=i","cat":327607},{"id":215618,"n":"Bauli creazioni di panettone Nocciola Piemonte IGP 750g","p":12.03,"u":"16,04 €/KG","img":"https://fd8-photos.leclercdrive.fr/image.ashx?id=2740307&use=l&cat=p&typeid=i","cat":327607},{"id":215619,"n":"Bauli panettone 3 chocolats  750g","p":8.82,"u":"11,76 €/KG","img":"https://fd8-photos.leclercdrive.fr/image.ashx?id=2881509&use=l&cat=p&typeid=i","cat":327607},{"id":215712,"n":"Boîte sélection Côte d'or 135g","p":7.97,"u":"59,04 €/KG","img":"https://fd8-photos.leclercdrive.fr/image.ashx?id=2599964&use=l&cat=p&typeid=i","cat":327595},{"id":215716,"n":"Père Noël blanc Milka 90g","p":3.06,"u":"34,00 €/KG","img":"https://fd8-photos.leclercdrive.fr/image.ashx?id=2599946&use=l&cat=p&typeid=i","cat":327592},{"id":215749,"n":"Authentique Revillon Noir et  Lait- 360g","p":9.18,"u":"25,50 €/KG","img":"https://fd8-photos.leclercdrive.fr/image.ashx?id=2618399&use=l&cat=p&typeid=i","cat":327597},{"id":215789,"n":"Marrons entiers Mont d'Or 800g","p":3.88,"u":"4,85 €/KG","img":"https://fd8-photos.leclercdrive.fr/image.ashx?id=2600815&use=l&cat=p&typeid=i","cat":289010},{"id":215890,"n":"Piles alcalines Varta V23GA - x2","p":1.81,"u":"0,91 €/P","img":"https://fd8-photos.leclercdrive.fr/image.ashx?id=2600770&use=l&cat=p&typeid=i","cat":300572},{"id":215901,"n":"Choucroute à l'Alsacienne  Stoeffler - 950g","p":8.07,"u":"8,49 €/KG","img":"https://fd8-photos.leclercdrive.fr/image.ashx?id=2607680&use=l&cat=p&typeid=i","cat":333666},{"id":215913,"n":"Gel douche Le Petit Marseillais Homme - Gingembre - 250ml","p":2.09,"u":"8,36 €/L","img":"https://fd8-photos.leclercdrive.fr/image.ashx?id=2941775&use=l&cat=p&typeid=i","cat":284619},{"id":215917,"n":"Liquide de Rinçage Finish  800ml","p":4.99,"u":"6,24 €/L","img":"https://fd8-photos.leclercdrive.fr/image.ashx?id=2864678&use=l&cat=p&typeid=i","cat":284657},{"id":216014,"n":"Feta bio Bio Village 150g","p":2.49,"u":"16,60 €/KG","img":"https://fd8-photos.leclercdrive.fr/image.ashx?id=2615813&use=l&cat=p&typeid=i","cat":314026},{"id":216093,"n":"Chips Tortilla Doritos Goût barbecue style - 160g","p":2.0,"u":"12,50 €/KG","img":"https://fd8-photos.leclercdrive.fr/image.ashx?id=2880718&use=l&cat=p&typeid=i","cat":287899},{"id":216095,"n":"Chips Tortilla Doritos Goût nacho cheese - 160g","p":1.79,"u":"11,19 €/KG","img":"https://fd8-photos.leclercdrive.fr/image.ashx?id=2990478&use=l&cat=p&typeid=i","cat":287899},{"id":216096,"n":"Chips Tortilla Doritos Goût Nature Sel - 160g","p":1.79,"u":"11,19 €/KG","img":"https://fd8-photos.leclercdrive.fr/image.ashx?id=2880715&use=l&cat=p&typeid=i","cat":287899},{"id":216097,"n":"Chips Tortilla Doritos Goût paprika - 160g","p":2.02,"u":"12,63 €/KG","img":"https://fd8-photos.leclercdrive.fr/image.ashx?id=2890091&use=l&cat=p&typeid=i","cat":287899},{"id":216098,"n":"Chips Tortilla Doritos Goût sweet chili - 160g","p":1.93,"u":"12,06 €/KG","img":"https://fd8-photos.leclercdrive.fr/image.ashx?id=2990475&use=l&cat=p&typeid=i","cat":287899},{"id":216099,"n":"Chips Tortilla Doritos Goût sour cream - 160g","p":1.98,"u":"12,38 €/KG","img":"https://fd8-photos.leclercdrive.fr/image.ashx?id=2890088&use=l&cat=p&typeid=i","cat":287899},{"id":216105,"n":"Pané raclette Grand Fermage x4 - 100g","p":2.33,"u":"23,30 €/KG","img":"https://fd8-photos.leclercdrive.fr/image.ashx?id=2603402&use=l&cat=p&typeid=i","cat":314037},{"id":216113,"n":"Yaourt Fruits Panier de Yoplait Mûre Myrtille - 4x125g","p":1.89,"u":"3,78 €/KG","img":"https://fd8-photos.leclercdrive.fr/image.ashx?id=2884480&use=l&cat=p&typeid=i","cat":284410},{"id":216114,"n":"Yaourt Fruits Panier de Yoplait Abricot Nectarine - 4x125g","p":1.96,"u":"3,92 €/KG","img":"https://fd8-photos.leclercdrive.fr/image.ashx?id=2884474&use=l&cat=p&typeid=i","cat":284410},{"id":216126,"n":"Yaourt Panier de Yoplait Fruits Rouges 0%Mg - 8x125g","p":2.77,"u":"2,77 €/KG","img":"https://fd8-photos.leclercdrive.fr/image.ashx?id=2830399&use=l&cat=p&typeid=i","cat":284410},{"id":216128,"n":"Yaourt Fruits Panier de Yoplait Panaché 0%Mg - 16x125g","p":4.5,"u":"2,25 €/KG","img":"https://fd8-photos.leclercdrive.fr/image.ashx?id=2884495&use=l&cat=p&typeid=i","cat":284410},{"id":216259,"n":"Coulis de mangue Sainte-Lucie - 110g","p":2.94,"u":"26,73 €/KG","img":"https://fd8-photos.leclercdrive.fr/image.ashx?id=2604608&use=l&cat=p&typeid=i","cat":284504},{"id":216303,"n":"Riz Méditerranée Ben's original  Express 2mn - 220g","p":1.32,"u":"5,28 €/KG","img":"https://fd8-photos.leclercdrive.fr/image.ashx?id=2995301&use=l&cat=p&typeid=i","cat":287600},{"id":216325,"n":"Gel douche Adidas Active Skin & Mind - Energy Kick - 250ml","p":2.74,"u":"10,96 €/L","img":"https://fd8-photos.leclercdrive.fr/image.ashx?id=2990784&use=l&cat=p&typeid=i","cat":284619},{"id":216350,"n":"Émincés de porc au curry L'Atelier Boucherie - 300g","p":4.59,"u":"15,30 €/KG","img":"https://fd8-photos.leclercdrive.fr/image.ashx?id=2854279&use=l&cat=p&typeid=i","cat":284331},{"id":216352,"n":"Émincés de porc thaï L'Atelier Boucherie - 300g","p":4.59,"u":"15,30 €/KG","img":"https://fd8-photos.leclercdrive.fr/image.ashx?id=2854294&use=l&cat=p&typeid=i","cat":284331},{"id":216353,"n":"Émincés de porc caramel L'Atelier Boucherie - 300g","p":4.59,"u":"15,30 €/KG","img":"https://fd8-photos.leclercdrive.fr/image.ashx?id=2854297&use=l&cat=p&typeid=i","cat":284331},{"id":216383,"n":"Émincés de boeuf chinois L'Atelier Boucherie - 200g","p":4.79,"u":"23,95 €/KG","img":"https://fd8-photos.leclercdrive.fr/image.ashx?id=2854288&use=l&cat=p&typeid=i","cat":284328},{"id":216392,"n":"Rhum Bacardi Reserva 8 ans 40%vol. - 70cl","p":30.67,"u":"43,81 €/L","img":"https://fd8-photos.leclercdrive.fr/image.ashx?id=2606406&use=l&cat=p&typeid=i","cat":284550},{"id":216395,"n":"Émincés de veau Tomates Herbes L'Atelier Boucherie - 200g","p":4.79,"u":"23,95 €/KG","img":"https://fd8-photos.leclercdrive.fr/image.ashx?id=2854285&use=l&cat=p&typeid=i","cat":284329},{"id":216462,"n":"Spray Prêt à l'emploi St Marc  Acide Citrique - 500ml","p":2.07,"u":"4,14 €/L","img":"https://fd8-photos.leclercdrive.fr/image.ashx?id=2653867&use=l&cat=p&typeid=i","cat":325357},{"id":216463,"n":"Lingettes désinfectantes St  Marc Anti-Bactériennes - x80","p":2.4,"u":"0,03 €/P","img":"https://fd8-photos.leclercdrive.fr/image.ashx?id=2811341&use=l&cat=p&typeid=i","cat":325358},{"id":216519,"n":"Skyr Siggi's  Stracciatella - 2x140g","p":2.21,"u":"7,89 €/KG","img":"https://fd8-photos.leclercdrive.fr/image.ashx?id=2606885&use=l&cat=p&typeid=i","cat":315000},{"id":216520,"n":"Skyr Siggi's  Noix de Coco - 2x140g","p":2.21,"u":"7,89 €/KG","img":"https://fd8-photos.leclercdrive.fr/image.ashx?id=2938623&use=l&cat=p&typeid=i","cat":315000},{"id":216521,"n":"Yaourt à la grecque YAOS  Nature - 850g","p":2.88,"u":"3,39 €/KG","img":"https://fd8-photos.leclercdrive.fr/image.ashx?id=2729776&use=l&cat=p&typeid=i","cat":314999},{"id":216563,"n":"Chocolat Révillon Caramel et Nougatine d'Exception - 340g","p":11.13,"u":"32,74 €/KG","img":"https://fd8-photos.leclercdrive.fr/image.ashx?id=2608728&use=l&cat=p&typeid=i","cat":327597},{"id":216597,"n":"Pâte à tartiner Andros be nuts Cacahuète crémeux - 325g","p":3.33,"u":"10,25 €/KG","img":"https://fd8-photos.leclercdrive.fr/image.ashx?id=2916201&use=l&cat=p&typeid=i","cat":284481},{"id":216638,"n":"Nectar multifruits Pressade Bio  - 1L","p":2.64,"u":"2,64 €/L","img":"https://fd8-photos.leclercdrive.fr/image.ashx?id=2692380&use=l&cat=p&typeid=i","cat":284917},{"id":216639,"n":"Nectar orange Pressade Bio  - 1L","p":2.79,"u":"2,79 €/L","img":"https://fd8-photos.leclercdrive.fr/image.ashx?id=2732545&use=l&cat=p&typeid=i","cat":284521},{"id":216741,"n":"Sauce tomate Gusti Amo Bio tomate basilic  - 350g","p":3.16,"u":"9,03 €/KG","img":"https://fd8-photos.leclercdrive.fr/image.ashx?id=2608872&use=l&cat=p&typeid=i","cat":288384},{"id":216746,"n":"Sauce tomate Gusti Amo Bio ricotta - 350g","p":3.11,"u":"8,89 €/KG","img":"https://fd8-photos.leclercdrive.fr/image.ashx?id=2608869&use=l&cat=p&typeid=i","cat":288384},{"id":216749,"n":"Sauce pesto Gusti Amo Bio Pesto verde - 130g","p":3.02,"u":"23,23 €/KG","img":"https://fd8-photos.leclercdrive.fr/image.ashx?id=2608875&use=l&cat=p&typeid=i","cat":299047},{"id":216783,"n":"Brossettes Oral-B Cross Action White -3D  4+2","p":29.12,"img":"https://fd8-photos.leclercdrive.fr/image.ashx?id=2610001&use=l&cat=p&typeid=i","cat":297133},{"id":216999,"n":"Pétales céréales Grainea Nature - 750g","p":2.99,"u":"3,99 €/KG","img":"https://fd8-photos.leclercdrive.fr/image.ashx?id=2927869&use=l&cat=p&typeid=i","cat":309512},{"id":217003,"n":"Céréales coco pops Kellogg's Au chocolat - 550g","p":3.82,"u":"6,95 €/KG","img":"https://fd8-photos.leclercdrive.fr/image.ashx?id=2611080&use=l&cat=p&typeid=i","cat":309513},{"id":217057,"n":"Stollen fruits et pâte amandes Fortwenger - 750g","p":6.49,"u":"8,65 €/KG","img":"https://fd8-photos.leclercdrive.fr/image.ashx?id=2610927&use=l&cat=p&typeid=i","cat":284490},{"id":217059,"n":"Stollen orange & pâte d'amandes Fortwenger - 500g","p":5.73,"u":"11,46 €/KG","img":"https://fd8-photos.leclercdrive.fr/image.ashx?id=2610930&use=l&cat=p&typeid=i","cat":284490},{"id":217068,"n":"Panettone Motta Caramel beurre salé - 750g","p":15.4,"u":"20,53 €/KG","img":"https://fd8-photos.leclercdrive.fr/image.ashx?id=2679278&use=l&cat=p&typeid=i","cat":327607},{"id":217256,"n":"Champignons de Paris blancs Panier du Primeur - 400g","p":2.39,"u":"5,98 €/KG","img":"https://fd8-photos.leclercdrive.fr/image.ashx?id=2610765&use=l&cat=p&typeid=i","cat":284352},{"id":217401,"n":"Crème mains La Roche-Posay Cicaplast - 100ml","p":8.9,"u":"89,00 €/L","img":"https://fd8-photos.leclercdrive.fr/image.ashx?id=2613477&use=l&cat=p&typeid=i","cat":290424},{"id":217403,"n":"Baume B5+ La Roche-Posay Cicaplast - 40ml","p":7.9,"u":"197,50 €/L","img":"https://fd8-photos.leclercdrive.fr/image.ashx?id=2846006&use=l&cat=p&typeid=i","cat":290421},{"id":217405,"n":"Pansements ampoules Compeed Talon - Sport - x5","p":7.7,"u":"1,54 €/P","img":"https://fd8-photos.leclercdrive.fr/image.ashx?id=2612679&use=l&cat=p&typeid=i","cat":291163},{"id":217406,"n":"Pansements ampoules Compeed Moyen format - x10","p":11.99,"u":"1,20 €/P","img":"https://fd8-photos.leclercdrive.fr/image.ashx?id=2612706&use=l&cat=p&typeid=i","cat":291163},{"id":217408,"n":"Gel douche Atoderm Bioderma Eco-recharge - 1L","p":8.09,"u":"8,09 €/L","img":"https://fd8-photos.leclercdrive.fr/image.ashx?id=2613591&use=l&cat=p&typeid=i","cat":301591},{"id":217421,"n":"Soin Effaclar La Roche-Posay Duo + - 40ml","p":13.99,"u":"349,75 €/L","img":"https://fd8-photos.leclercdrive.fr/image.ashx?id=2613486&use=l&cat=p&typeid=i","cat":291166},{"id":217454,"n":"Gel vaginal Replens Hydratant - x8 - 2018","p":12.9,"u":"1,61 €/P","img":"https://fd8-photos.leclercdrive.fr/image.ashx?id=2612655&use=l&cat=p&typeid=i","cat":301348},{"id":217457,"n":"Patchs invisibles Compeed Bouton de fièvre - x15","p":10.2,"u":"0,68 €/P","img":"https://fd8-photos.leclercdrive.fr/image.ashx?id=2613582&use=l&cat=p&typeid=i","cat":291172},{"id":217460,"n":"Shampooing Bioderma Nodé P - Apaisant - 400ml","p":8.49,"u":"21,23 €/L","img":"https://fd8-photos.leclercdrive.fr/image.ashx?id=2612742&use=l&cat=p&typeid=i","cat":290400},{"id":217537,"n":"Raclette Gratte Givre Tech9 Orange - 1 pièce","p":2.55,"img":"https://fd8-photos.leclercdrive.fr/image.ashx?id=2613212&use=l&cat=p&typeid=i","cat":298252},{"id":217538,"n":"Raclette Gratte Givre Tech9 Bleu - 1 pièce","p":2.55,"img":"https://fd8-photos.leclercdrive.fr/image.ashx?id=2613215&use=l&cat=p&typeid=i","cat":298252},{"id":217541,"n":"Papillotes Revillon Noir 70% Pralinés d'exception - 340g","p":9.71,"u":"28,56 €/KG","img":"https://fd8-photos.leclercdrive.fr/image.ashx?id=2614014&use=l&cat=p&typeid=i","cat":327597},{"id":217543,"n":"Papillotes Revillon Lait Pralinés d'exception - 340g","p":11.15,"u":"32,79 €/KG","img":"https://fd8-photos.leclercdrive.fr/image.ashx?id=2614011&use=l&cat=p&typeid=i","cat":327597},{"id":217570,"n":"Complément alimentaire Chondrostéo+ - x180 - 2 mois","p":22.3,"u":"144,81 €/KG","img":"https://fd8-photos.leclercdrive.fr/image.ashx?id=2613561&use=l&cat=p&typeid=i","cat":301268},{"id":217572,"n":"Complément alimentaire Chondrostéo+ - 3x90","p":31.65,"u":"0,12 €/P","img":"https://fd8-photos.leclercdrive.fr/image.ashx?id=3002114&use=l&cat=p&typeid=i","cat":301268},{"id":217597,"n":"Boudins blancs morilles Bahier x3 - 375g","p":4.55,"u":"12,13 €/KG","img":"https://fd8-photos.leclercdrive.fr/image.ashx?id=2967019&use=l&cat=p&typeid=i","cat":316012},{"id":217604,"n":"24 escargots au Riesling Française de Gastronomie - 134g","p":8.95,"u":"66,79 €/KG","img":"https://fd8-photos.leclercdrive.fr/image.ashx?id=2638963&use=l&cat=p&typeid=i","cat":316003},{"id":217610,"n":"Café en grain  Bio Village Bio Pur arabica - 500g","p":8.39,"u":"16,78 €/KG","img":"https://fd8-photos.leclercdrive.fr/image.ashx?id=2615376&use=l&cat=p&typeid=i","cat":293237},{"id":217611,"n":"Chataigne Bio Village Bio - 195g","p":3.71,"u":"19,03 €/KG","img":"https://fd8-photos.leclercdrive.fr/image.ashx?id=2613747&use=l&cat=p&typeid=i","cat":312612},{"id":217612,"n":"Café en grain Plantation Pur arabica - 1kg","p":13.06,"u":"13,06 €/KG","img":"https://fd8-photos.leclercdrive.fr/image.ashx?id=2824307&use=l&cat=p&typeid=i","cat":293237},{"id":217613,"n":"Café en grain Plantation Ethiopie - 500g","p":7.99,"u":"15,98 €/KG","img":"https://fd8-photos.leclercdrive.fr/image.ashx?id=2824310&use=l&cat=p&typeid=i","cat":293237},{"id":217614,"n":"Chips  Bugles 3D Lay's Format familiale - 150g","p":1.36,"u":"9,07 €/KG","img":"https://fd8-photos.leclercdrive.fr/image.ashx?id=2917420&use=l&cat=p&typeid=i","cat":284449},{"id":217618,"n":"Velouté bio Jardin Bio Potiron patate douce 1L","p":3.14,"u":"3,14 €/L","img":"https://fd8-photos.leclercdrive.fr/image.ashx?id=2615077&use=l&cat=p&typeid=i","cat":284462},{"id":217622,"n":"Concassé de tomates bio Jardin Bio - 400g","p":1.39,"u":"3,48 €/KG","img":"https://fd8-photos.leclercdrive.fr/image.ashx?id=2615071&use=l&cat=p&typeid=i","cat":288384},{"id":217696,"n":"Déodorant bille Dove Invisible Dry - 2x50ml","p":5.2,"u":"52,00 €/L","img":"https://fd8-photos.leclercdrive.fr/image.ashx?id=2838565&use=l&cat=p&typeid=i","cat":284595},{"id":217706,"n":"Brossettes Oral-B Pro Sensitive","p":72.99,"img":"https://fd8-photos.leclercdrive.fr/image.ashx?id=2615191&use=l&cat=p&typeid=i","cat":297133},{"id":217719,"n":"Déodorant spray Dove  Advanced Care - 2x100ml","p":4.73,"u":"23,65 €/L","img":"https://fd8-photos.leclercdrive.fr/image.ashx?id=2903872&use=l&cat=p&typeid=i","cat":284595},{"id":217721,"n":"Déodorant spray Dove Invisible Dry - 2x100ml","p":4.72,"u":"23,60 €/L","img":"https://fd8-photos.leclercdrive.fr/image.ashx?id=2903875&use=l&cat=p&typeid=i","cat":284595},{"id":217920,"n":"Spaguetti  Nos Régions ont du talent 500g","p":1.99,"u":"3,98 €/KG","img":"https://fd8-photos.leclercdrive.fr/image.ashx?id=2856621&use=l&cat=p&typeid=i","cat":284427},{"id":217934,"n":"Gel douche Adidas Active Skin & Mind - Cool Down - 250ml","p":2.59,"u":"10,36 €/L","img":"https://fd8-photos.leclercdrive.fr/image.ashx?id=2990775&use=l&cat=p&typeid=i","cat":284619},{"id":217935,"n":"Désodorisant diffuseur Airwick  Active Fresh Coton - 75ml","p":3.69,"u":"49,20 €/L","img":"https://fd8-photos.leclercdrive.fr/image.ashx?id=2616186&use=l&cat=p&typeid=i","cat":311629},{"id":217936,"n":"Désodorisant diffuseur Airwick  Active Fresh Magnolia - 75ml","p":3.64,"u":"48,53 €/L","img":"https://fd8-photos.leclercdrive.fr/image.ashx?id=2616435&use=l&cat=p&typeid=i","cat":311629},{"id":217946,"n":"Détachant textile Texil Multi-usage - 500g","p":2.8,"u":"5,60 €/KG","img":"https://fd8-photos.leclercdrive.fr/image.ashx?id=2988132&use=l&cat=p&typeid=i","cat":284651},{"id":217952,"n":"Rouge à lèvres L'Oréal Paris Color Riche 303 - Rose tendre","p":12.21,"img":"https://fd8-photos.leclercdrive.fr/image.ashx?id=3014434&use=l&cat=p&typeid=i","cat":287029},{"id":217956,"n":"Brosse à dent électrique Oral-B Pro series 1 - Bleue x1","p":41.9,"img":"https://fd8-photos.leclercdrive.fr/image.ashx?id=2616255&use=l&cat=p&typeid=i","cat":297133},{"id":217961,"n":"Brossettes Oral-B Pro Precision clean - x2","p":11.15,"u":"5,58 €/P","img":"https://fd8-photos.leclercdrive.fr/image.ashx?id=2957692&use=l&cat=p&typeid=i","cat":297133},{"id":217987,"n":"Dentifrice Signal Integral 8 Prébiotique complet - 100ml","p":2.41,"u":"24,10 €/L","img":"https://fd8-photos.leclercdrive.fr/image.ashx?id=2738668&use=l&cat=p&typeid=i","cat":284612},{"id":217989,"n":"Dentifrice Integral 8 Signal HaleineFraîche Prébiotique 75ml","p":2.18,"u":"29,07 €/L","img":"https://fd8-photos.leclercdrive.fr/image.ashx?id=2985660&use=l&cat=p&typeid=i","cat":284612},{"id":217991,"n":"Dentifrice Signal Integral 8 Nettoyage intense - 75ml","p":2.36,"u":"31,47 €/L","img":"https://fd8-photos.leclercdrive.fr/image.ashx?id=2818190&use=l&cat=p&typeid=i","cat":284612},{"id":217993,"n":"Dentifrice Integral 8 Signal Blancheur Prébiotique 75ml","p":1.72,"u":"22,93 €/L","img":"https://fd8-photos.leclercdrive.fr/image.ashx?id=2974668&use=l&cat=p&typeid=i","cat":284612},{"id":217995,"n":"Dentifrice Signal Integral 8 Resist +Prébiotique - 75ml","p":2.35,"u":"31,33 €/L","img":"https://fd8-photos.leclercdrive.fr/image.ashx?id=2818199&use=l&cat=p&typeid=i","cat":284612},{"id":218000,"n":"Dentifrice Signal Système Blancheur 1 semaine - 75ml","p":1.79,"u":"23,87 €/L","img":"https://fd8-photos.leclercdrive.fr/image.ashx?id=2777516&use=l&cat=p&typeid=i","cat":284612},{"id":218001,"n":"Dentifrice Signal Système Blancheur - Charbon - 75ml","p":2.55,"u":"34,00 €/L","img":"https://fd8-photos.leclercdrive.fr/image.ashx?id=2981421&use=l&cat=p&typeid=i","cat":284612},{"id":218002,"n":"Dentifrice Signal Système Blancheur Eclat brillance 75ml","p":2.01,"u":"26,80 €/L","img":"https://fd8-photos.leclercdrive.fr/image.ashx?id=2981424&use=l&cat=p&typeid=i","cat":284612},{"id":218003,"n":"Brosse à dents Signal Integral  8 - Noir - Souple - x1","p":2.43,"img":"https://fd8-photos.leclercdrive.fr/image.ashx?id=2748707&use=l&cat=p&typeid=i","cat":284614},{"id":218047,"n":"Foie gras de canard du Périgord Nos Régions ont du Talent 500g","p":29.99,"u":"59,98 €/KG","img":"https://fd8-photos.leclercdrive.fr/image.ashx?id=2753547&use=l&cat=p&typeid=i","cat":321330},{"id":218059,"n":"Coquillettes d'Alsace IGP Nos Régions ont du talent -500g","p":2.49,"u":"4,98 €/KG","img":"https://fd8-photos.leclercdrive.fr/image.ashx?id=2856627&use=l&cat=p&typeid=i","cat":284427},{"id":218178,"n":"Nuggets de dinde Côté Croc 1kg","p":5.99,"img":"https://fd8-photos.leclercdrive.fr/image.ashx?id=2837072&use=l&cat=p&typeid=i","cat":333684},{"id":218184,"n":"Plateau Raclette Henri Raffin 330g","p":6.3,"u":"19,09 €/KG","img":"https://fd8-photos.leclercdrive.fr/image.ashx?id=3000144&use=l&cat=p&typeid=i","cat":316007},{"id":218198,"n":"Foie gras canard Larnaudie Entier - Ma création - 120g","p":13.65,"u":"113,75 €/KG","img":"https://fd8-photos.leclercdrive.fr/image.ashx?id=2617825&use=l&cat=p&typeid=i","cat":305148},{"id":218231,"n":"Bonbons Krema Fruits rouges - 240g","p":2.15,"u":"8,96 €/KG","img":"https://fd8-photos.leclercdrive.fr/image.ashx?id=2618047&use=l&cat=p&typeid=i","cat":304250},{"id":218304,"n":"Cordon bleu de dinde Côté Croc 1kg","p":5.99,"u":"5,99 €/KG","img":"https://fd8-photos.leclercdrive.fr/image.ashx?id=2617319&use=l&cat=p&typeid=i","cat":333683},{"id":218305,"n":"Saucisses de Montbéliard IGP NRT - 500g","p":5.99,"u":"11,98 €/KG","img":"https://fd8-photos.leclercdrive.fr/image.ashx?id=2991509&use=l&cat=p&typeid=i","cat":316012},{"id":218310,"n":"Saumon fumé Delpeyrat Norvège 10 tranches - 300g","p":11.21,"u":"37,37 €/KG","img":"https://fd8-photos.leclercdrive.fr/image.ashx?id=2923540&use=l&cat=p&typeid=i","cat":285188},{"id":218311,"n":"Pain de mie Epi d'Or Cérales & Graines - 580g","p":2.54,"u":"4,38 €/KG","img":"https://fd8-photos.leclercdrive.fr/image.ashx?id=2728270&use=l&cat=p&typeid=i","cat":284477},{"id":218330,"n":"Mini croque-monsieur Côté Table Truffe x12 - 100g","p":4.99,"u":"49,90 €/KG","img":"https://fd8-photos.leclercdrive.fr/image.ashx?id=2617383&use=l&cat=p&typeid=i","cat":319774},{"id":218332,"n":"Pizza feu de bois Turini Montagnarde - 450g","p":3.24,"u":"7,20 €/KG","img":"https://fd8-photos.leclercdrive.fr/image.ashx?id=2816621&use=l&cat=p&typeid=i","cat":284256},{"id":218393,"n":"Salade Helios Pierre Martinet 220g","p":2.17,"u":"9,86 €/KG","img":"https://fd8-photos.leclercdrive.fr/image.ashx?id=2683037&use=l&cat=p&typeid=i","cat":333657},{"id":218414,"n":"Foie gras Maison Montfort De canard - 160g","p":12.95,"u":"80,94 €/KG","img":"https://fd8-photos.leclercdrive.fr/image.ashx?id=2887626&use=l&cat=p&typeid=i","cat":305148},{"id":218418,"n":"Foie gras Maison Montfort De canard sale & poivre  - 160g","p":12.95,"u":"80,94 €/KG","img":"https://fd8-photos.leclercdrive.fr/image.ashx?id=2887635&use=l&cat=p&typeid=i","cat":305148},{"id":218423,"n":"Burrata di Bufala Les Croisés - 125g","p":2.91,"u":"23,28 €/KG","img":"https://fd8-photos.leclercdrive.fr/image.ashx?id=3009529&use=l&cat=p&typeid=i","cat":314026},{"id":218427,"n":"Mozzarella Fior Di Latte Les Croisés - 125g","p":1.59,"u":"12,72 €/KG","img":"https://fd8-photos.leclercdrive.fr/image.ashx?id=2617726&use=l&cat=p&typeid=i","cat":314026},{"id":218430,"n":"Bûche glacée Nestlé Signature Pistache framboise - 491g","p":8.18,"u":"16,66 €/KG","img":"https://fd8-photos.leclercdrive.fr/image.ashx?id=2619029&use=l&cat=p&typeid=i","cat":284266},{"id":218488,"n":"Pizza XXL Turini La Montagnarde - 520g","p":4.39,"u":"8,44 €/KG","img":"https://fd8-photos.leclercdrive.fr/image.ashx?id=2905943&use=l&cat=p&typeid=i","cat":333679},{"id":218544,"n":"Bonbons Krema Fiesta - 580g","p":3.87,"u":"6,67 €/KG","img":"https://fd8-photos.leclercdrive.fr/image.ashx?id=2735542&use=l&cat=p&typeid=i","cat":304250},{"id":218560,"n":"Tortillas Old El Paso de blé  nature familial x12 - 489g","p":3.35,"u":"0,28 €/P","img":"https://fd8-photos.leclercdrive.fr/image.ashx?id=2737669&use=l&cat=p&typeid=i","cat":288993},{"id":218563,"n":"Sauce Tomates Cuisinées Panzani - 650G","p":2.39,"u":"3,68 €/KG","img":"https://fd8-photos.leclercdrive.fr/image.ashx?id=2977936&use=l&cat=p&typeid=i","cat":287599},{"id":218804,"n":"Croquettes chat Perfect Fit Boeuf Stérilisés Adulte 1.4kg","p":6.81,"u":"4,86 €/KG","img":"https://fd8-photos.leclercdrive.fr/image.ashx?id=2622792&use=l&cat=p&typeid=i","cat":284680},{"id":218831,"n":"Saumon fumé Delpeyrat Écosse 12 tranches - 330g","p":12.43,"u":"37,67 €/KG","img":"https://fd8-photos.leclercdrive.fr/image.ashx?id=2755348&use=l&cat=p&typeid=i","cat":285188},{"id":218833,"n":"Saumon fumé Delpeyrat Norvège - 12 tranches - 360g","p":12.43,"u":"34,53 €/KG","img":"https://fd8-photos.leclercdrive.fr/image.ashx?id=2755345&use=l&cat=p&typeid=i","cat":285188},{"id":218861,"n":"Knacki Original Herta Sans nitrite x10 - 350g","p":2.83,"u":"8,09 €/KG","img":"https://fd8-photos.leclercdrive.fr/image.ashx?id=2684958&use=l&cat=p&typeid=i","cat":316012},{"id":218920,"n":"Foie gras Maison Montfort Canard de Gascogne - 180g","p":15.9,"u":"88,33 €/KG","img":"https://fd8-photos.leclercdrive.fr/image.ashx?id=2893390&use=l&cat=p&typeid=i","cat":305148},{"id":219039,"n":"Pétales de céréales Grainea Chocolat noir - 550g","p":2.73,"u":"4,96 €/KG","img":"https://fd8-photos.leclercdrive.fr/image.ashx?id=2917672&use=l&cat=p&typeid=i","cat":309512},{"id":219041,"n":"Pétales de céréales Grainea Chocolat au lait - 550g","p":2.58,"u":"4,69 €/KG","img":"https://fd8-photos.leclercdrive.fr/image.ashx?id=2917669&use=l&cat=p&typeid=i","cat":309512},{"id":219128,"n":"Détachant poudre Vanish  Format Familial - 720g","p":7.1,"u":"9,86 €/KG","img":"https://fd8-photos.leclercdrive.fr/image.ashx?id=2680302&use=l&cat=p&typeid=i","cat":284651},{"id":219142,"n":"Lessive liquide Chanteclair Musc Blanc - 1800ml","p":7.28,"u":"4,04 €/L","img":"https://fd8-photos.leclercdrive.fr/image.ashx?id=2997298&use=l&cat=p&typeid=i","cat":284640},{"id":219160,"n":"Pépites Sainte Lucie Chocolat au lait - 125g","p":2.91,"u":"23,28 €/KG","img":"https://fd8-photos.leclercdrive.fr/image.ashx?id=2625427&use=l&cat=p&typeid=i","cat":284504},{"id":219258,"n":"Foie gras Maison Montfort De Gascogne - 180g","p":15.92,"u":"88,44 €/KG","img":"https://fd8-photos.leclercdrive.fr/image.ashx?id=2893396&use=l&cat=p&typeid=i","cat":305148},{"id":219273,"n":"Pepites Sainte Lucie Chocolat noir - 100g","p":3.19,"u":"31,90 €/KG","img":"https://fd8-photos.leclercdrive.fr/image.ashx?id=2628650&use=l&cat=p&typeid=i","cat":284504},{"id":219283,"n":"Granola extra cookie Chocolat - 6x184g","p":10.07,"u":"9,12 €/KG","img":"https://fd8-photos.leclercdrive.fr/image.ashx?id=2629719&use=l&cat=p&typeid=i","cat":284488},{"id":219401,"n":"Papillotes exception Revillon Ganache chocolat noir - 340g","p":9.72,"u":"28,59 €/KG","img":"https://fd8-photos.leclercdrive.fr/image.ashx?id=2628458&use=l&cat=p&typeid=i","cat":327597},{"id":219601,"n":"Petits pains grillés Pasquier Blé complet - 225g","p":1.76,"u":"7,82 €/KG","img":"https://fd8-photos.leclercdrive.fr/image.ashx?id=2834452&use=l&cat=p&typeid=i","cat":284479},{"id":219624,"n":"Débouche évier Eléphant - x1","p":4.5,"img":"https://fd8-photos.leclercdrive.fr/image.ashx?id=2629151&use=l&cat=p&typeid=i","cat":284669},{"id":219720,"n":"Oeufs de truite Ronde des Mers 80g","p":4.69,"u":"58,63 €/KG","img":"https://fd8-photos.leclercdrive.fr/image.ashx?id=2653092&use=l&cat=p&typeid=i","cat":285191},{"id":219722,"n":"Bloc de foie gras de canard Pierre de Chaumeyrac - 300g","p":16.9,"u":"56,33 €/KG","img":"https://fd8-photos.leclercdrive.fr/image.ashx?id=2804341&use=l&cat=p&typeid=i","cat":316008},{"id":219921,"n":"Saumon fumé Ronde des Mers Islande 4 tranches - 140g","p":4.99,"u":"35,64 €/KG","img":"https://fd8-photos.leclercdrive.fr/image.ashx?id=2833138&use=l&cat=p&typeid=i","cat":285188},{"id":220127,"n":"Muesli chia sans gluten bio  Terres et Céréales - 500g","p":4.85,"u":"9,70 €/KG","img":"https://fd8-photos.leclercdrive.fr/image.ashx?id=2634148&use=l&cat=p&typeid=i","cat":309512},{"id":220213,"n":"Raisin rosé sans pépins Panier du Primeur - 500g","p":3.99,"u":"7,98 €/KG","img":"https://fd8-photos.leclercdrive.fr/image.ashx?id=2858144&use=l&cat=p&typeid=i","cat":284356},{"id":220258,"n":"Sachet fraîcheur chat Sheba  Volaille en sauce - 40x85g","p":16.67,"u":"4,90 €/KG","img":"https://fd8-photos.leclercdrive.fr/image.ashx?id=2642729&use=l&cat=p&typeid=i","cat":285286},{"id":220331,"n":"Foie gras de canard entier Jean Larnaudie - 160g","p":15.98,"u":"99,88 €/KG","img":"https://fd8-photos.leclercdrive.fr/image.ashx?id=2633917&use=l&cat=p&typeid=i","cat":305148},{"id":220348,"n":"Foie gras de canard entier  Jean Larnaudie - 160g","p":15.98,"u":"99,88 €/KG","img":"https://fd8-photos.leclercdrive.fr/image.ashx?id=2633923&use=l&cat=p&typeid=i","cat":305148},{"id":220351,"n":"Foie gras de canard entier  Larnaudie Selection - 160g","p":15.98,"u":"99,88 €/KG","img":"https://fd8-photos.leclercdrive.fr/image.ashx?id=2633926&use=l&cat=p&typeid=i","cat":305148},{"id":220353,"n":"Foie gras de canard entier  Larnaudie Selection - 160g","p":16.31,"u":"101,94 €/KG","img":"https://fd8-photos.leclercdrive.fr/image.ashx?id=2633929&use=l&cat=p&typeid=i","cat":305148},{"id":220546,"n":"Raisin blanc sans pépins Panier du Primeur - 500g","p":3.99,"u":"7,98 €/KG","img":"https://fd8-photos.leclercdrive.fr/image.ashx?id=2858132&use=l&cat=p&typeid=i","cat":284356},{"id":220578,"n":"Foie gras de canard entier Maison Montfort - Torchon 250g","p":25.79,"u":"103,16 €/KG","img":"https://fd8-photos.leclercdrive.fr/image.ashx?id=2731063&use=l&cat=p&typeid=i","cat":316008},{"id":220591,"n":"Brassé végétal Andros Fraise - 6x100g","p":2.33,"u":"3,88 €/KG","img":"https://fd8-photos.leclercdrive.fr/image.ashx?id=2638975&use=l&cat=p&typeid=i","cat":316071},{"id":220689,"n":"Dentifrice Integral 8 Signal Interdentaire Prébiotique 75ml","p":2.15,"u":"28,67 €/L","img":"https://fd8-photos.leclercdrive.fr/image.ashx?id=2940654&use=l&cat=p&typeid=i","cat":284612},{"id":220710,"n":"Coulis de tomates bio Bio Village - 500g","p":1.42,"u":"2,84 €/KG","img":"https://fd8-photos.leclercdrive.fr/image.ashx?id=2635783&use=l&cat=p&typeid=i","cat":288384},{"id":220742,"n":"Savon Le Petit Marseillais  Recharge antibacterien - 250ml","p":1.43,"u":"5,72 €/L","img":"https://fd8-photos.leclercdrive.fr/image.ashx?id=2684230&use=l&cat=p&typeid=i","cat":284597},{"id":220784,"n":"Lait Fluide SPF30 Garnier Ambre Solaire - 175ml","p":11.99,"u":"68,51 €/L","img":"https://fd8-photos.leclercdrive.fr/image.ashx?id=2638313&use=l&cat=p&typeid=i","cat":325355},{"id":220786,"n":"Papier toilette humide Lotus Confort - x38","p":1.61,"u":"0,04 €/P","img":"https://fd8-photos.leclercdrive.fr/image.ashx?id=2864843&use=l&cat=p&typeid=i","cat":284634},{"id":220788,"n":"Recharge crème lavante mains Le Petit Marseillais Lait 250ml","p":0.82,"u":"3,28 €/L","img":"https://fd8-photos.leclercdrive.fr/image.ashx?id=2735242&use=l&cat=p&typeid=i","cat":284597},{"id":220794,"n":"Sérum Éclat La Provençale Bio Jouvence à la Vitamine C - 30ml","p":13.79,"u":"459,67 €/L","img":"https://fd8-photos.leclercdrive.fr/image.ashx?id=2950363&use=l&cat=p&typeid=i","cat":325345},{"id":220821,"n":"Crème lavante mains Le Petit Marseillais - Amande - 250ml","p":0.87,"u":"3,48 €/L","img":"https://fd8-photos.leclercdrive.fr/image.ashx?id=2684209&use=l&cat=p&typeid=i","cat":284597},{"id":220822,"n":"Gel lavant mains Le Petit Marseillais Antibactérien 300ml","p":1.88,"u":"6,27 €/L","img":"https://fd8-photos.leclercdrive.fr/image.ashx?id=2684557&use=l&cat=p&typeid=i","cat":284597},{"id":220823,"n":"Gel lavant mains Le Petit Marseillais - Lavande - 300ml","p":1.64,"u":"5,47 €/L","img":"https://fd8-photos.leclercdrive.fr/image.ashx?id=2684221&use=l&cat=p&typeid=i","cat":284597},{"id":220824,"n":"Crème lavante mains Le Petit Marseillais - Lait - 300ml","p":1.82,"u":"6,07 €/L","img":"https://fd8-photos.leclercdrive.fr/image.ashx?id=2684224&use=l&cat=p&typeid=i","cat":284597},{"id":220826,"n":"Gel lavant mains Le Petit  Marseillais Le cuisinier 250ml","p":1.21,"u":"4,84 €/L","img":"https://fd8-photos.leclercdrive.fr/image.ashx?id=2684560&use=l&cat=p&typeid=i","cat":284597},{"id":220851,"n":"Saumon fumé Ronde des Mers Écosse - 14 tranches - 490g","p":17.49,"u":"35,69 €/KG","img":"https://fd8-photos.leclercdrive.fr/image.ashx?id=2833023&use=l&cat=p&typeid=i","cat":285188},{"id":221186,"n":"Adoucissant Lenor Complete Rose - 903ml - x43","p":3.87,"u":"4,29 €/L","img":"https://fd8-photos.leclercdrive.fr/image.ashx?id=2858291&use=l&cat=p&typeid=i","cat":284650},{"id":221203,"n":"Jus multivitamines Andros 1,5L","p":4.03,"u":"2,69 €/L","img":"https://fd8-photos.leclercdrive.fr/image.ashx?id=2904269&use=l&cat=p&typeid=i","cat":284917},{"id":221208,"n":"Disques à démaquiller x120","p":0.41,"img":"https://fd8-photos.leclercdrive.fr/image.ashx?id=2640119&use=l&cat=p&typeid=i","cat":285593},{"id":221340,"n":"AOP Feta affinée En fût - 150g","p":2.9,"u":"19,33 €/KG","img":"https://fd8-photos.leclercdrive.fr/image.ashx?id=2856359&use=l&cat=p&typeid=i","cat":314026},{"id":221398,"n":"Riz Tradizioni d'Italia Carnaroli - 500g","p":2.39,"u":"4,78 €/KG","img":"https://fd8-photos.leclercdrive.fr/image.ashx?id=2913793&use=l&cat=p&typeid=i","cat":284428},{"id":221401,"n":"Saumon fumé Ronde des Mers Norvège 14 tranches - 490g","p":17.49,"u":"35,69 €/KG","img":"https://fd8-photos.leclercdrive.fr/image.ashx?id=2833141&use=l&cat=p&typeid=i","cat":285188},{"id":221463,"n":"Saumon fumé Delpeyrat Ecosse - 10 tranches - 275g","p":11.21,"u":"40,76 €/KG","img":"https://fd8-photos.leclercdrive.fr/image.ashx?id=2923543&use=l&cat=p&typeid=i","cat":285188},{"id":221493,"n":"Stevia en comprimés Eco+ x650 - 42,25g","p":1.52,"u":"36,19 €/KG","img":"https://fd8-photos.leclercdrive.fr/image.ashx?id=2641789&use=l&cat=p&typeid=i","cat":284502},{"id":221498,"n":"Infusion nuit tranquille miel Elephant - x20 - 30g","p":2.22,"u":"74,00 €/KG","img":"https://fd8-photos.leclercdrive.fr/image.ashx?id=2655650&use=l&cat=p&typeid=i","cat":293234},{"id":221506,"n":"Crème lavante mains Fleur d'oranger Bio - 250ml","p":0.87,"u":"3,28 €/L","img":"https://fd8-photos.leclercdrive.fr/image.ashx?id=2684542&use=l&cat=p&typeid=i","cat":284597},{"id":221507,"n":"Infusion nuit tranquille  Elephant - x20 - 30g","p":1.44,"u":"48,00 €/KG","img":"https://fd8-photos.leclercdrive.fr/image.ashx?id=2655647&use=l&cat=p&typeid=i","cat":293234},{"id":221508,"n":"Gel lavant mains Le Petit Marseillais Huile d'olive 300ml","p":1.63,"u":"5,43 €/L","img":"https://fd8-photos.leclercdrive.fr/image.ashx?id=2684218&use=l&cat=p&typeid=i","cat":284597},{"id":221513,"n":"Gel lavant mains Le Petit Marseillais - Olive - 250ml","p":1.05,"img":"https://fd8-photos.leclercdrive.fr/image.ashx?id=2684227&use=l&cat=p&typeid=i","cat":284597},{"id":221596,"n":"Fromage bleu truffe blanche été L'Origine du Goût - 170g","p":5.5,"u":"32,35 €/KG","img":"https://fd8-photos.leclercdrive.fr/image.ashx?id=2817175&use=l&cat=p&typeid=i","cat":314032},{"id":221713,"n":"Myrtille Fresh Cueillette 500g","p":6.59,"u":"13,18 €/KG","img":"https://fd8-photos.leclercdrive.fr/image.ashx?id=2915134&use=l&cat=p&typeid=i","cat":284268},{"id":221714,"n":"Mangue ananas Fresh Cueillette 500g","p":5.42,"u":"10,84 €/KG","img":"https://fd8-photos.leclercdrive.fr/image.ashx?id=2818721&use=l&cat=p&typeid=i","cat":284268},{"id":221881,"n":"Dentifrice Oral-B Pro-Science Soin intense gencives - 2x75ml","p":7.38,"u":"49,20 €/L","img":"https://fd8-photos.leclercdrive.fr/image.ashx?id=2647200&use=l&cat=p&typeid=i","cat":284612},{"id":221882,"n":"Dentifrice Oral-B Pro Repair Original - 2x75ml","p":6.86,"u":"45,73 €/L","img":"https://fd8-photos.leclercdrive.fr/image.ashx?id=2745367&use=l&cat=p&typeid=i","cat":284612},{"id":221883,"n":"Dentifrice Oral-B Calm Sensibilité et gencives 2x75ml","p":6.95,"u":"46,33 €/L","img":"https://fd8-photos.leclercdrive.fr/image.ashx?id=2831125&use=l&cat=p&typeid=i","cat":284612},{"id":221884,"n":"Haricots verts extra fins Bonduelle - 3 x 440g","p":5.65,"u":"4,28 €/KG","img":"https://fd8-photos.leclercdrive.fr/image.ashx?id=2856967&use=l&cat=p&typeid=i","cat":312606},{"id":222027,"n":"Sérum physiologique Prorhinel 2x15cl","p":6.21,"u":"20,70 €/L","img":"https://fd8-photos.leclercdrive.fr/image.ashx?id=2826834&use=l&cat=p&typeid=i","cat":284741},{"id":222052,"n":"Fruit de la passion 1p","p":0.6,"img":"https://fd8-photos.leclercdrive.fr/image.ashx?id=1633904&use=l&cat=p&typeid=i","cat":284356},{"id":222056,"n":"Citron vert  1p","p":0.35,"img":"https://fd8-photos.leclercdrive.fr/image.ashx?id=1628331&use=l&cat=p&typeid=i","cat":284356},{"id":222082,"n":"Shampoing nutrition Ultra Doux Argan et Camélia - 600ml","p":5.06,"u":"8,43 €/L","img":"https://fd8-photos.leclercdrive.fr/image.ashx?id=2648781&use=l&cat=p&typeid=i","cat":284606},{"id":222083,"n":"Shampoing illuminant Ultra Doux Camomille Miel - 600ml","p":5.04,"u":"8,40 €/L","img":"https://fd8-photos.leclercdrive.fr/image.ashx?id=2926602&use=l&cat=p&typeid=i","cat":284606},{"id":222087,"n":"Shampoing Enfants Ultra Doux Abricot - 600ml","p":5.33,"u":"8,88 €/L","img":"https://fd8-photos.leclercdrive.fr/image.ashx?id=2851096&use=l&cat=p&typeid=i","cat":284606},{"id":222089,"n":"Shampoing nutrition Ultra Doux Avocat et Karité - 600ml","p":4.93,"u":"8,22 €/L","img":"https://fd8-photos.leclercdrive.fr/image.ashx?id=2944852&use=l&cat=p&typeid=i","cat":284606},{"id":222096,"n":"Pomme Pink Lady  1p","p":0.95,"img":"https://fd8-photos.leclercdrive.fr/image.ashx?id=2121659&use=l&cat=p&typeid=i","cat":284356},{"id":222116,"n":"Carotte  1p","p":0.19,"img":"https://fd8-photos.leclercdrive.fr/image.ashx?id=1631592&use=l&cat=p&typeid=i","cat":284352},{"id":222117,"n":"Poireau  1p","p":0.65,"img":"https://fd8-photos.leclercdrive.fr/image.ashx?id=1632716&use=l&cat=p&typeid=i","cat":284352},{"id":222118,"n":"Chou chinois 1p","p":2.9,"img":"https://fd8-photos.leclercdrive.fr/image.ashx?id=578704&use=l&cat=p&typeid=i","cat":284352},{"id":222123,"n":"Aubergine 1p","p":0.89,"img":"https://fd8-photos.leclercdrive.fr/image.ashx?id=1631421&use=l&cat=p&typeid=i","cat":284352},{"id":222126,"n":"Courgette ronde  1p","p":0.5,"img":"https://fd8-photos.leclercdrive.fr/image.ashx?id=1631976&use=l&cat=p&typeid=i","cat":284352},{"id":222128,"n":"Poivron doux rouge  1p","p":0.79,"img":"https://fd8-photos.leclercdrive.fr/image.ashx?id=1633094&use=l&cat=p&typeid=i","cat":284352},{"id":222131,"n":"Poivron doux vert  1p","p":0.85,"img":"https://fd8-photos.leclercdrive.fr/image.ashx?id=1633202&use=l&cat=p&typeid=i","cat":284352},{"id":222132,"n":"Poivron doux jaune  1p","p":0.79,"img":"https://fd8-photos.leclercdrive.fr/image.ashx?id=1631227&use=l&cat=p&typeid=i","cat":284352},{"id":222150,"n":"Oignon jaune  1p","p":0.24,"img":"https://fd8-photos.leclercdrive.fr/image.ashx?id=764178&use=l&cat=p&typeid=i","cat":284352},{"id":222169,"n":"Citron  1p","p":0.5,"img":"https://fd8-photos.leclercdrive.fr/image.ashx?id=1628602&use=l&cat=p&typeid=i","cat":284356},{"id":222175,"n":"Oranges à déguster  1p","p":0.55,"img":"https://fd8-photos.leclercdrive.fr/image.ashx?id=1629690&use=l&cat=p&typeid=i","cat":284356},{"id":222223,"n":"Pomme Golden  1p","p":0.79,"img":"https://fd8-photos.leclercdrive.fr/image.ashx?id=1630966&use=l&cat=p&typeid=i","cat":284356},{"id":222256,"n":"Avocat  1p","p":1.45,"img":"https://fd8-photos.leclercdrive.fr/image.ashx?id=1633637&use=l&cat=p&typeid=i","cat":284352},{"id":222262,"n":"Fenouil  1p","p":2.51,"img":"https://fd8-photos.leclercdrive.fr/image.ashx?id=612612&use=l&cat=p&typeid=i","cat":284352},{"id":222283,"n":"Courgette  1p","p":0.4,"img":"https://fd8-photos.leclercdrive.fr/image.ashx?id=1631964&use=l&cat=p&typeid=i","cat":284352},{"id":222325,"n":"Ail blanc  1p","p":1.6,"img":"https://fd8-photos.leclercdrive.fr/image.ashx?id=1631469&use=l&cat=p&typeid=i","cat":284352},{"id":222449,"n":"Plat ovale Pyrex 35x24cm - 3.1L","p":7.55,"img":"https://fd8-photos.leclercdrive.fr/image.ashx?id=2650892&use=l&cat=p&typeid=i","cat":298490},{"id":222473,"n":"Thé blanc bio Joyce Fraise menthe - 30g","p":2.29,"u":"76,33 €/KG","img":"https://fd8-photos.leclercdrive.fr/image.ashx?id=2924140&use=l&cat=p&typeid=i","cat":293233},{"id":222474,"n":"Thé blanc Bio Joyce  Saveur tarte au citron - 30g","p":2.31,"u":"77,00 €/KG","img":"https://fd8-photos.leclercdrive.fr/image.ashx?id=2651624&use=l&cat=p&typeid=i","cat":293233},{"id":222475,"n":"Thé noir Joyce Bio Earl grey fleuri - 30g","p":2.23,"u":"74,33 €/KG","img":"https://fd8-photos.leclercdrive.fr/image.ashx?id=2651627&use=l&cat=p&typeid=i","cat":293233},{"id":222479,"n":"Pop corn sucre de canne Vico Micro-ondable 240g","p":2.01,"u":"8,38 €/KG","img":"https://fd8-photos.leclercdrive.fr/image.ashx?id=2651585&use=l&cat=p&typeid=i","cat":304249},{"id":222486,"n":"Thé noir bio Joyce Pain d'épices - 30g","p":2.14,"u":"71,33 €/KG","img":"https://fd8-photos.leclercdrive.fr/image.ashx?id=2896651&use=l&cat=p&typeid=i","cat":293233},{"id":222515,"n":"Chou rouge émincé Notre Jardin 250g","p":0.99,"u":"3,96 €/KG","img":"https://fd8-photos.leclercdrive.fr/image.ashx?id=3006883&use=l&cat=p&typeid=i","cat":284352},{"id":222582,"n":"Shampoing Restaurateur Eslève Glycolic Gloss - 200ml","p":6.4,"u":"32,00 €/L","img":"https://fd8-photos.leclercdrive.fr/image.ashx?id=2657157&use=l&cat=p&typeid=i","cat":284606},{"id":222583,"n":"Soin Cheveux Lamination Elsève Glycolic Gloss - 200ml","p":7.14,"u":"35,70 €/L","img":"https://fd8-photos.leclercdrive.fr/image.ashx?id=2656796&use=l&cat=p&typeid=i","cat":284608},{"id":222584,"n":"Pâte à tartiner Nutella 220g","p":2.42,"u":"11,00 €/KG","img":"https://fd8-photos.leclercdrive.fr/image.ashx?id=2755216&use=l&cat=p&typeid=i","cat":284481},{"id":222586,"n":"Démêlant Cheveux Elsève Glycolic Gloss - 150ml","p":6.25,"u":"41,67 €/L","img":"https://fd8-photos.leclercdrive.fr/image.ashx?id=2657160&use=l&cat=p&typeid=i","cat":284607},{"id":222589,"n":"Sérum Soin Sans Rinçage Elsève Glycolic Gloss - 150ml","p":11.6,"u":"77,33 €/L","img":"https://fd8-photos.leclercdrive.fr/image.ashx?id=2656069&use=l&cat=p&typeid=i","cat":284608},{"id":222591,"n":"Soin anti-tâches L'Oréal Paris Bright Reveal SPF50+ - 50ml","p":16.15,"u":"323,00 €/L","img":"https://fd8-photos.leclercdrive.fr/image.ashx?id=2921879&use=l&cat=p&typeid=i","cat":325345},{"id":222595,"n":"Pur jus d'ananas passion  Jafaden - 90cl","p":2.29,"u":"2,54 €/L","img":"https://fd8-photos.leclercdrive.fr/image.ashx?id=2723189&use=l&cat=p&typeid=i","cat":285435},{"id":222596,"n":"Pur jus de pomme mangue Jafaden - 90cl","p":2.49,"u":"2,77 €/L","img":"https://fd8-photos.leclercdrive.fr/image.ashx?id=2723192&use=l&cat=p&typeid=i","cat":285435},{"id":222597,"n":"Sérum anti-taches L'Oréal Paris Bright Reveal - 30ml","p":13.6,"u":"453,33 €/L","img":"https://fd8-photos.leclercdrive.fr/image.ashx?id=2865881&use=l&cat=p&typeid=i","cat":325345},{"id":222598,"n":"Pur jus de pomme framboise Jafaden - 90cl","p":2.43,"u":"2,70 €/L","img":"https://fd8-photos.leclercdrive.fr/image.ashx?id=2723195&use=l&cat=p&typeid=i","cat":285435},{"id":222599,"n":"Sérum correcteur L'Oréal Paris  Age Perfect - 30ml","p":11.97,"pp":7.9,"u":"263,33 €/L","img":"https://fd8-photos.leclercdrive.fr/image.ashx?id=2664491&use=l&cat=p&typeid=i","cat":325345},{"id":222638,"n":"Chocolat pâtissier Nestlé Corsé - 2x200g","p":5.9,"u":"14,75 €/KG","img":"https://fd8-photos.leclercdrive.fr/image.ashx?id=2905654&use=l&cat=p&typeid=i","cat":285562},{"id":222702,"n":"Dentifrice Integral 8 Signal Fraîcheur Intense 75ml","p":2.36,"u":"31,47 €/L","img":"https://fd8-photos.leclercdrive.fr/image.ashx?id=2818196&use=l&cat=p&typeid=i","cat":284612},{"id":222735,"n":"Déodorant spray Dove 2x100ml","p":5.6,"u":"28,00 €/L","img":"https://fd8-photos.leclercdrive.fr/image.ashx?id=2905714&use=l&cat=p&typeid=i","cat":284595},{"id":222736,"n":"Dédodorant Dove  2x50ml","p":7.04,"u":"70,40 €/L","img":"https://fd8-photos.leclercdrive.fr/image.ashx?id=2659097&use=l&cat=p&typeid=i","cat":284595},{"id":222742,"n":"Swiffer wetjet Kit Lavable Système anti-poussière - x1","p":31.42,"img":"https://fd8-photos.leclercdrive.fr/image.ashx?id=2927708&use=l&cat=p&typeid=i","cat":325364},{"id":222743,"n":"Sauce Sriracha Mayo Hot Chili - 215ml","p":2.97,"u":"13,81 €/L","img":"https://fd8-photos.leclercdrive.fr/image.ashx?id=2655211&use=l&cat=p&typeid=i","cat":288992},{"id":222779,"n":"Eau de javel La Croix Traditionnelle - 1.5L","p":1.49,"u":"0,99 €/L","img":"https://fd8-photos.leclercdrive.fr/image.ashx?id=2667556&use=l&cat=p&typeid=i","cat":284661},{"id":222782,"n":"Adoucissant Soupline Lingettes Voile Sèche-linge Grand air-x20","p":2.76,"u":"0,14 €/P","img":"https://fd8-photos.leclercdrive.fr/image.ashx?id=2654435&use=l&cat=p&typeid=i","cat":325302},{"id":222818,"n":"Berocca Energie x40 comprimés - 80g","p":16.95,"u":"211,88 €/KG","img":"https://fd8-photos.leclercdrive.fr/image.ashx?id=2654429&use=l&cat=p&typeid=i","cat":301264},{"id":222820,"n":"Bonbons Haribo Pocket Assortiment mini sachets - 340g","p":2.89,"u":"8,50 €/KG","img":"https://fd8-photos.leclercdrive.fr/image.ashx?id=2654653&use=l&cat=p&typeid=i","cat":304250},{"id":222824,"n":"Carottes râpées Notre Jardin 250g","p":1.49,"u":"5,96 €/KG","img":"https://fd8-photos.leclercdrive.fr/image.ashx?id=2664626&use=l&cat=p&typeid=i","cat":284353},{"id":222826,"n":"Chou blanc carotte Notre Jardin 250g","p":1.51,"u":"6,04 €/KG","img":"https://fd8-photos.leclercdrive.fr/image.ashx?id=2740975&use=l&cat=p&typeid=i","cat":284353},{"id":222827,"n":"Complément alimentaire Granions Complexe anti-âge - x60 - 54g","p":19.9,"u":"368,52 €/KG","img":"https://fd8-photos.leclercdrive.fr/image.ashx?id=2735953&use=l&cat=p&typeid=i","cat":301266},{"id":222841,"n":"Mâche Bio Village Bio - 100g","p":1.89,"u":"18,90 €/KG","img":"https://fd8-photos.leclercdrive.fr/image.ashx?id=2655622&use=l&cat=p&typeid=i","cat":284353},{"id":222842,"n":"Acide citrique Clair 500g","p":2.99,"u":"5,98 €/KG","img":"https://fd8-photos.leclercdrive.fr/image.ashx?id=2822147&use=l&cat=p&typeid=i","cat":325365},{"id":222843,"n":"Liquide vaisselle Uni vert Ecolo amande - 500ml","p":1.15,"u":"2,30 €/L","img":"https://fd8-photos.leclercdrive.fr/image.ashx?id=2999523&use=l&cat=p&typeid=i","cat":284655},{"id":222844,"n":"Gel douche Le Petit Marseillais Fleur de tiaré - 650ml","p":3.22,"u":"4,95 €/L","img":"https://fd8-photos.leclercdrive.fr/image.ashx?id=2656060&use=l&cat=p&typeid=i","cat":284594},{"id":222845,"n":"Gel douche Le Petit Marseillais Cocombre rose bio - 250ml","p":1.88,"u":"7,52 €/L","img":"https://fd8-photos.leclercdrive.fr/image.ashx?id=2685195&use=l&cat=p&typeid=i","cat":284594},{"id":222846,"n":"Gel douche Le Petit Marseillais Cerise & jasmin - 250ml","p":1.77,"u":"7,08 €/L","img":"https://fd8-photos.leclercdrive.fr/image.ashx?id=2685198&use=l&cat=p&typeid=i","cat":284594},{"id":222848,"n":"Mélange de jeunes pousses Notre Jardin - 175g","p":1.76,"u":"10,06 €/KG","img":"https://fd8-photos.leclercdrive.fr/image.ashx?id=2655610&use=l&cat=p&typeid=i","cat":284353},{"id":222849,"n":"Mélange gourmand Notre Jardin 320g","p":1.58,"u":"4,94 €/KG","img":"https://fd8-photos.leclercdrive.fr/image.ashx?id=2720190&use=l&cat=p&typeid=i","cat":284353},{"id":222851,"n":"Mesclun Notre Jardin 125g","p":1.51,"u":"12,08 €/KG","img":"https://fd8-photos.leclercdrive.fr/image.ashx?id=2663299&use=l&cat=p&typeid=i","cat":284353},{"id":222852,"n":"Radis roses Notre Jardin 250g","p":2.29,"u":"9,16 €/KG","img":"https://fd8-photos.leclercdrive.fr/image.ashx?id=2657993&use=l&cat=p&typeid=i","cat":284352},{"id":222854,"n":"Lingette lavable Swiffer Wetj Wetjet - Microfibre - x1","p":10.96,"img":"https://fd8-photos.leclercdrive.fr/image.ashx?id=2656240&use=l&cat=p&typeid=i","cat":325364},{"id":222899,"n":"Dentifrice Sensodyne Email renforcé - 75ml","p":6.31,"u":"84,13 €/L","img":"https://fd8-photos.leclercdrive.fr/image.ashx?id=2997208&use=l&cat=p&typeid=i","cat":284612},{"id":222912,"n":"Sauce soja sucrée Suzi Wan 250ml","p":3.03,"u":"12,12 €/L","img":"https://fd8-photos.leclercdrive.fr/image.ashx?id=2886217&use=l&cat=p&typeid=i","cat":288992},{"id":222959,"n":"Soin jour bio So'Bio Etic Anti-tâches - Lys - 50ml","p":18.24,"u":"364,80 €/L","img":"https://fd8-photos.leclercdrive.fr/image.ashx?id=3000207&use=l&cat=p&typeid=i","cat":325345},{"id":222960,"n":"Soin nuit bio So'Bio Etic Peeling - Anti-tâche - Lys 50ml","p":16.68,"u":"333,60 €/L","img":"https://fd8-photos.leclercdrive.fr/image.ashx?id=2997019&use=l&cat=p&typeid=i","cat":325345},{"id":222961,"n":"Soin regard So'Bio Etic Lift Grenade bio - 15ml","p":12.38,"u":"825,33 €/L","img":"https://fd8-photos.leclercdrive.fr/image.ashx?id=2787113&use=l&cat=p&typeid=i","cat":325345},{"id":222964,"n":"Colin d'Alaska MSC Pêche Océan Façon Fish & Chips - 400g","p":2.69,"u":"6,73 €/KG","img":"https://fd8-photos.leclercdrive.fr/image.ashx?id=2856211&use=l&cat=p&typeid=i","cat":319788},{"id":222995,"n":"Nouilles Banzai Noodle Curry cup - 67g","p":1.25,"u":"18,66 €/KG","img":"https://fd8-photos.leclercdrive.fr/image.ashx?id=2730007&use=l&cat=p&typeid=i","cat":288992},{"id":223023,"n":"Après-shampooing Herbal Essences - Aloe - 200ml","p":4.15,"u":"20,75 €/L","img":"https://fd8-photos.leclercdrive.fr/image.ashx?id=2759739&use=l&cat=p&typeid=i","cat":284607},{"id":223030,"n":"Après-shampooing Herbal Essences - Coconut - 200ml","p":3.39,"u":"16,95 €/L","img":"https://fd8-photos.leclercdrive.fr/image.ashx?id=2737813&use=l&cat=p&typeid=i","cat":284606},{"id":223115,"n":"Muesli amande sans gluten bio  Terres et Céréales - 500g","p":4.47,"u":"8,94 €/KG","img":"https://fd8-photos.leclercdrive.fr/image.ashx?id=2659352&use=l&cat=p&typeid=i","cat":309512},{"id":223130,"n":"Mini fuet L'Origine du Goût - 100g","p":2.69,"u":"26,90 €/KG","img":"https://fd8-photos.leclercdrive.fr/image.ashx?id=2776310&use=l&cat=p&typeid=i","cat":316006},{"id":223157,"n":"Vinaigre blanc 5L - 10°","p":3.57,"u":"0,71 €/L","img":"https://fd8-photos.leclercdrive.fr/image.ashx?id=2659792&use=l&cat=p&typeid=i","cat":298543},{"id":223229,"n":"Dentifrice Parodontax Réparation active gencives 75ml","p":5.3,"u":"70,67 €/L","img":"https://fd8-photos.leclercdrive.fr/image.ashx?id=2917534&use=l&cat=p&typeid=i","cat":284612},{"id":223394,"n":"Boisson aux fruits Jafun Tropical - 4x20cl","p":1.49,"u":"1,86 €/L","img":"https://fd8-photos.leclercdrive.fr/image.ashx?id=2992576&use=l&cat=p&typeid=i","cat":295018},{"id":223431,"n":"Crème dessert protéinée Hipro  Chocolat noisette - 180g","p":1.69,"u":"9,39 €/KG","img":"https://fd8-photos.leclercdrive.fr/image.ashx?id=2800294&use=l&cat=p&typeid=i","cat":285041},{"id":223444,"n":"Shampoing 2en1 Fructis Force et brillance - 300ml","p":2.77,"u":"9,23 €/L","img":"https://fd8-photos.leclercdrive.fr/image.ashx?id=2669268&use=l&cat=p&typeid=i","cat":284606},{"id":223445,"n":"Shampoing fortifiant Fructis Force et Brillance - 300ml","p":2.77,"u":"9,23 €/L","img":"https://fd8-photos.leclercdrive.fr/image.ashx?id=2669271&use=l&cat=p&typeid=i","cat":284606},{"id":223446,"n":"Shampoing démêlant Fructis Antipelliculaire - 300ml","p":3.25,"u":"10,83 €/L","img":"https://fd8-photos.leclercdrive.fr/image.ashx?id=2669277&use=l&cat=p&typeid=i","cat":284606},{"id":223499,"n":"Ketchup Rustica 390g","p":1.09,"u":"2,79 €/KG","img":"https://fd8-photos.leclercdrive.fr/image.ashx?id=2954391&use=l&cat=p&typeid=i","cat":284455},{"id":223500,"n":"Mais croquant Notre Jardin 2x285g","p":1.7,"u":"2,98 €/KG","img":"https://fd8-photos.leclercdrive.fr/image.ashx?id=3005694&use=l&cat=p&typeid=i","cat":312611},{"id":223520,"n":"Biscuit sablé bio  Nocciolata Fourré pâte à tartiner - 250g","p":5.39,"u":"21,56 €/KG","img":"https://fd8-photos.leclercdrive.fr/image.ashx?id=2664244&use=l&cat=p&typeid=i","cat":284488},{"id":223521,"n":"Biscuit bio  Nocciolata bianca Fourré pâte à tartiner - 250g","p":5.39,"u":"21,56 €/KG","img":"https://fd8-photos.leclercdrive.fr/image.ashx?id=2664554&use=l&cat=p&typeid=i","cat":284487},{"id":223527,"n":"Anti-moustiques Marie Rose Zones tropicales - 100ml","p":6.69,"u":"66,90 €/L","img":"https://fd8-photos.leclercdrive.fr/image.ashx?id=2684455&use=l&cat=p&typeid=i","cat":299654},{"id":223537,"n":"Bloc Energy 5 WC Net Actions - Brise aquatique - 38g","p":1.82,"u":"47,89 €/KG","img":"https://fd8-photos.leclercdrive.fr/image.ashx?id=2664449&use=l&cat=p&typeid=i","cat":284662},{"id":223538,"n":"Bloc Energy 5 actions WC Net Javel Agrumes et iris - 38g","p":1.94,"u":"51,05 €/KG","img":"https://fd8-photos.leclercdrive.fr/image.ashx?id=2664452&use=l&cat=p&typeid=i","cat":284662},{"id":223539,"n":"Bloc Energy 5 actions WC Net Fraîcheur givrée et menthe 38g","p":1.75,"u":"46,05 €/KG","img":"https://fd8-photos.leclercdrive.fr/image.ashx?id=2664455&use=l&cat=p&typeid=i","cat":284662},{"id":223540,"n":"Bloc Energy 5 actions WC Net Lavande et patchouli - 38g","p":2.33,"u":"61,32 €/KG","img":"https://fd8-photos.leclercdrive.fr/image.ashx?id=2664458&use=l&cat=p&typeid=i","cat":284662},{"id":223542,"n":"Bloc Energy WC Net Eau bleue / Marine fresh 40g","p":2.54,"u":"63,50 €/KG","img":"https://fd8-photos.leclercdrive.fr/image.ashx?id=2664464&use=l&cat=p&typeid=i","cat":284662},{"id":223563,"n":"Culottes fuites urinaires Always Discreet Noir - L x8","p":11.01,"u":"1,38 €/P","img":"https://fd8-photos.leclercdrive.fr/image.ashx?id=2685432&use=l&cat=p&typeid=i","cat":284628},{"id":223569,"n":"Culottes fuites urinaires Always Discreet - L x8","p":11.06,"u":"1,38 €/P","img":"https://fd8-photos.leclercdrive.fr/image.ashx?id=2685435&use=l&cat=p&typeid=i","cat":284628},{"id":223581,"n":"Serviettes fuites urinaires Always Discreet - Long+ - x16","p":8.22,"u":"0,51 €/P","img":"https://fd8-photos.leclercdrive.fr/image.ashx?id=2685471&use=l&cat=p&typeid=i","cat":284628},{"id":223586,"n":"Serviettes fuites urinaires Always Discreet - Taille S x20","p":4.32,"u":"0,22 €/P","img":"https://fd8-photos.leclercdrive.fr/image.ashx?id=3009221&use=l&cat=p&typeid=i","cat":284628},{"id":223589,"n":"Serviettes fuites urinaires Always Discreet - x8","p":5.74,"u":"0,72 €/P","img":"https://fd8-photos.leclercdrive.fr/image.ashx?id=2953995&use=l&cat=p&typeid=i","cat":284628},{"id":223603,"n":"Fil dentaire Dentamyl Cire menthe - 80m","p":2.72,"u":"0,03 €/MT","img":"https://fd8-photos.leclercdrive.fr/image.ashx?id=2672888&use=l&cat=p&typeid=i","cat":285159},{"id":223604,"n":"Shampoing fortifiant Fructis Antipelliculaire - 300ml","p":2.77,"u":"9,23 €/L","img":"https://fd8-photos.leclercdrive.fr/image.ashx?id=2667862&use=l&cat=p&typeid=i","cat":284606},{"id":223605,"n":"Crème Douche Hydratation Cadum Peaux Sèches - 500ml","p":2.46,"u":"4,92 €/L","img":"https://fd8-photos.leclercdrive.fr/image.ashx?id=2739318&use=l&cat=p&typeid=i","cat":284594},{"id":223606,"n":"Crème Douche Nourrissante Cadum Miel de Fleurs Bio - 750ml","p":3.88,"u":"5,17 €/L","img":"https://fd8-photos.leclercdrive.fr/image.ashx?id=2805465&use=l&cat=p&typeid=i","cat":284594},{"id":223607,"n":"Gel Corps et Cheveux Cadum Hypoallergénique - 750ml","p":4.75,"u":"6,33 €/L","img":"https://fd8-photos.leclercdrive.fr/image.ashx?id=2802512&use=l&cat=p&typeid=i","cat":284594},{"id":223608,"n":"Crème Douche Tolérance Cadum Sans Sulfate - 400ml","p":2.91,"u":"7,28 €/L","img":"https://fd8-photos.leclercdrive.fr/image.ashx?id=2696007&use=l&cat=p&typeid=i","cat":284594},{"id":223613,"n":"Désodorisant Febreze Petit coin Coton - 7.5ml","p":3.2,"u":"400,00 €/L","img":"https://fd8-photos.leclercdrive.fr/image.ashx?id=2955236&use=l&cat=p&typeid=i","cat":311628},{"id":223631,"n":"Huile précieuse Gliss Hair Repair - Schwarzkopf - 75ml","p":6.43,"u":"85,73 €/L","img":"https://fd8-photos.leclercdrive.fr/image.ashx?id=2665274&use=l&cat=p&typeid=i","cat":284608},{"id":223649,"n":"Shampooing Head & shoulder 2-en-1 - Classic - 300ml","p":4.78,"u":"15,93 €/L","img":"https://fd8-photos.leclercdrive.fr/image.ashx?id=2863003&use=l&cat=p&typeid=i","cat":284606},{"id":223661,"n":"Pains au chocolat Croustipate  x6 - 275g","p":2.7,"u":"9,82 €/KG","img":"https://fd8-photos.leclercdrive.fr/image.ashx?id=2902055&use=l&cat=p&typeid=i","cat":333681},{"id":223670,"n":"Berocca Energie Orange - x45- 290g","p":15.35,"u":"52,93 €/KG","img":"https://fd8-photos.leclercdrive.fr/image.ashx?id=2664830&use=l&cat=p&typeid=i","cat":301264},{"id":223674,"n":"Gel anti-douleur Granions Décontractant musculaire 100ml","p":11.2,"u":"112,00 €/L","img":"https://fd8-photos.leclercdrive.fr/image.ashx?id=2666198&use=l&cat=p&typeid=i","cat":291163},{"id":223834,"n":"Shampooing Head & shoulders Apple fresh - 330ml","p":5.28,"u":"16,00 €/L","img":"https://fd8-photos.leclercdrive.fr/image.ashx?id=2668767&use=l&cat=p&typeid=i","cat":284606},{"id":223850,"n":"Déodorant Spray Femme Narta Anti-Trace Blanche 48h - 200ml","p":2.39,"u":"11,95 €/L","img":"https://fd8-photos.leclercdrive.fr/image.ashx?id=2678589&use=l&cat=p&typeid=i","cat":284595},{"id":223851,"n":"Déodorant Spray Homme 48h Narta Fraîcheur Classique - 200mL","p":2.38,"u":"11,90 €/L","img":"https://fd8-photos.leclercdrive.fr/image.ashx?id=2675511&use=l&cat=p&typeid=i","cat":284618},{"id":223852,"n":"Déodorant Spray Homme Sans Alcool - Anti-transpirant 200ml","p":2.39,"u":"11,95 €/L","img":"https://fd8-photos.leclercdrive.fr/image.ashx?id=2681880&use=l&cat=p&typeid=i","cat":284618},{"id":223853,"n":"Déodorant Spray Femme Narta Fraîcheur Cologne 48h - 200ml","p":2.38,"u":"11,90 €/L","img":"https://fd8-photos.leclercdrive.fr/image.ashx?id=2678592&use=l&cat=p&typeid=i","cat":284595},{"id":223855,"n":"Déodorant Spray Homme 48h Narta Anti-Traces Blanches - 200ml","p":2.39,"u":"11,95 €/L","img":"https://fd8-photos.leclercdrive.fr/image.ashx?id=2681883&use=l&cat=p&typeid=i","cat":284618},{"id":223857,"n":"Déodorant Spray Femme Narta 48h Sans Alcool - 200ML","p":2.39,"u":"11,95 €/L","img":"https://fd8-photos.leclercdrive.fr/image.ashx?id=2680242&use=l&cat=p&typeid=i","cat":284595},{"id":223883,"n":"Gel cheveux Taft  Effet mouillé - 300ml","p":4.01,"u":"13,37 €/L","img":"https://fd8-photos.leclercdrive.fr/image.ashx?id=2666773&use=l&cat=p&typeid=i","cat":284609},{"id":223885,"n":"Crème de douche Ushuaïa Coco - 300ml","p":2.23,"u":"7,43 €/L","img":"https://fd8-photos.leclercdrive.fr/image.ashx?id=2682303&use=l&cat=p&typeid=i","cat":284594},{"id":223893,"n":"Lingettes de nettoyage Swiffer Wet Jet - x12","p":6.61,"u":"0,55 €/P","img":"https://fd8-photos.leclercdrive.fr/image.ashx?id=2948525&use=l&cat=p&typeid=i","cat":325364},{"id":223925,"n":"Riz Long grain Ben's original Vrac 10mn - 1kg","p":2.97,"u":"2,97 €/KG","img":"https://fd8-photos.leclercdrive.fr/image.ashx?id=2990961&use=l&cat=p&typeid=i","cat":284428},{"id":223966,"n":"Ampoule LED Foxter Standard - E27 60W - Froid - x1","p":4.99,"u":"Dont 0,29 € d'éco-part.","img":"https://fd8-photos.leclercdrive.fr/image.ashx?id=2670494&use=l&cat=p&typeid=i","cat":300573},{"id":223968,"n":"Ampoule LED Foxter Standard - E27 60W - Chaud x1","p":4.99,"u":"Dont 0,29 € d'éco-part.","img":"https://fd8-photos.leclercdrive.fr/image.ashx?id=2670497&use=l&cat=p&typeid=i","cat":300573},{"id":223975,"n":"Ampoule LED Foxter Standard - B22 60W - Chaud - x1","p":4.99,"u":"Dont 0,29 € d'éco-part.","img":"https://fd8-photos.leclercdrive.fr/image.ashx?id=2670482&use=l&cat=p&typeid=i","cat":300573},{"id":223977,"n":"Ampoule LED Foxter Flamme - E14 40W - Froid x1","p":4.49,"u":"Dont 0,29 € d'éco-part.","img":"https://fd8-photos.leclercdrive.fr/image.ashx?id=2670488&use=l&cat=p&typeid=i","cat":300573},{"id":224013,"n":"Coulis  Terra Douceurs Fruits rouges - 170g","p":3.66,"u":"21,53 €/KG","img":"https://fd8-photos.leclercdrive.fr/image.ashx?id=2678143&use=l&cat=p&typeid=i","cat":284508},{"id":224014,"n":"Coulis fraises Terra Douceurs 170g","p":3.51,"u":"20,65 €/KG","img":"https://fd8-photos.leclercdrive.fr/image.ashx?id=2667940&use=l&cat=p&typeid=i","cat":284508},{"id":224015,"n":"Coulis abricots Terra Douceurs 170g","p":3.51,"u":"20,65 €/KG","img":"https://fd8-photos.leclercdrive.fr/image.ashx?id=2667937&use=l&cat=p&typeid=i","cat":284508},{"id":224016,"n":"Coulis poire Terra Douceurs 170g","p":3.51,"u":"20,65 €/KG","img":"https://fd8-photos.leclercdrive.fr/image.ashx?id=2667943&use=l&cat=p&typeid=i","cat":284508},{"id":224090,"n":"Billes Mozzarella di Bufala DOP Tradizioni d'Italia - 120g","p":2.29,"u":"19,08 €/KG","img":"https://fd8-photos.leclercdrive.fr/image.ashx?id=2953671&use=l&cat=p&typeid=i","cat":314026},{"id":224200,"n":"Couteaux steak KitchenAid En bois - x2","p":16.95,"u":"8,48 €/PRT","img":"https://fd8-photos.leclercdrive.fr/image.ashx?id=2670236&use=l&cat=p&typeid=i","cat":334135},{"id":224203,"n":"Poêle à griller KitchenAid 26 cm - Aluminium revêtement x1","p":50.9,"img":"https://fd8-photos.leclercdrive.fr/image.ashx?id=2670536&use=l&cat=p&typeid=i","cat":298490},{"id":224205,"n":"Plat à rotir KitchenAid 35cmx25.5cm - Céramique x1","p":56.55,"img":"https://fd8-photos.leclercdrive.fr/image.ashx?id=2670539&use=l&cat=p&typeid=i","cat":298490},{"id":224210,"n":"Faitout KitchenAid Avec couvercle - 22cm - En inox","p":45.75,"img":"https://fd8-photos.leclercdrive.fr/image.ashx?id=2670551&use=l&cat=p&typeid=i","cat":298490},{"id":224211,"n":"Wok KitchenAid 28cm - Céramique x1","p":39.6,"img":"https://fd8-photos.leclercdrive.fr/image.ashx?id=2670254&use=l&cat=p&typeid=i","cat":298490},{"id":224214,"n":"Set de torchons KitchenAid x2","p":11.3,"img":"https://fd8-photos.leclercdrive.fr/image.ashx?id=2670263&use=l&cat=p&typeid=i","cat":286694},{"id":224215,"n":"Bloc couteaux KitchenAid En bambou - 6 fentes","p":36.94,"img":"https://fd8-photos.leclercdrive.fr/image.ashx?id=2670266&use=l&cat=p&typeid=i","cat":334135},{"id":224217,"n":"Couteau Santoku KitchenAid En inox - x1","p":12.45,"img":"https://fd8-photos.leclercdrive.fr/image.ashx?id=2670272&use=l&cat=p&typeid=i","cat":334135},{"id":224218,"n":"Couteau à viande KitchenAid En inox - x1","p":10.2,"img":"https://fd8-photos.leclercdrive.fr/image.ashx?id=2670275&use=l&cat=p&typeid=i","cat":334135},{"id":224219,"n":"Couteau utilitaire KitchenAid En inox - x1","p":9.03,"img":"https://fd8-photos.leclercdrive.fr/image.ashx?id=2670278&use=l&cat=p&typeid=i","cat":334135},{"id":224221,"n":"Couteau chef KitchenAid En inox - x1","p":12.43,"img":"https://fd8-photos.leclercdrive.fr/image.ashx?id=2670284&use=l&cat=p&typeid=i","cat":334135},{"id":224222,"n":"Grille-pain KitchenAid Noir - 2 fentes - x1","p":107.15,"img":"https://fd8-photos.leclercdrive.fr/image.ashx?id=2670287&use=l&cat=p&typeid=i","cat":334140},{"id":224242,"n":"Gel douche So'Bio Etic Agrumes & fleur d'oranger Bio 650ml","p":4.74,"u":"7,29 €/L","img":"https://fd8-photos.leclercdrive.fr/image.ashx?id=2669220&use=l&cat=p&typeid=i","cat":284594},{"id":224244,"n":"Gel douche So'Bio Etic Miel & Abricot bio - 650ml","p":4.56,"u":"7,02 €/L","img":"https://fd8-photos.leclercdrive.fr/image.ashx?id=2669223&use=l&cat=p&typeid=i","cat":284594},{"id":224251,"n":"Xtrem Box Sodebo Radiatori Tomate Mozza - 400g","p":2.89,"u":"7,23 €/KG","img":"https://fd8-photos.leclercdrive.fr/image.ashx?id=2890142&use=l&cat=p&typeid=i","cat":334983},{"id":224263,"n":"Monster Energy zéro sucres 50cl","p":1.61,"u":"3,22 €/L","img":"https://fd8-photos.leclercdrive.fr/image.ashx?id=2669358&use=l&cat=p&typeid=i","cat":284533},{"id":224281,"n":"Crème Revitalift Dermo Expertise - Jour - 2x50ml","p":17.19,"u":"171,90 €/L","img":"https://fd8-photos.leclercdrive.fr/image.ashx?id=2679876&use=l&cat=p&typeid=i","cat":325345},{"id":224282,"n":"Crème Revitalift Dermo Expertise - Jour - 2x50ml","p":16.84,"u":"168,40 €/L","img":"https://fd8-photos.leclercdrive.fr/image.ashx?id=2679879&use=l&cat=p&typeid=i","cat":325345},{"id":224350,"n":"Mascara L'Oréal Panorama - Noir - x1","p":13.15,"img":"https://fd8-photos.leclercdrive.fr/image.ashx?id=2973538&use=l&cat=p&typeid=i","cat":287029},{"id":224352,"n":"Rouge à lèvres L'Oréal Paris Color Riche 302 Bois de rose","p":12.2,"img":"https://fd8-photos.leclercdrive.fr/image.ashx?id=3014431&use=l&cat=p&typeid=i","cat":287029},{"id":224353,"n":"Eosine Mercurochrome 2% Solution aquese - 100ml","p":3.72,"u":"37,20 €/L","img":"https://fd8-photos.leclercdrive.fr/image.ashx?id=2670710&use=l&cat=p&typeid=i","cat":284630},{"id":224354,"n":"Répulsif Anti-moustiques  Marie Rose - Végétale 100ml","p":7.71,"u":"77,10 €/L","img":"https://fd8-photos.leclercdrive.fr/image.ashx?id=2670713&use=l&cat=p&typeid=i","cat":299654},{"id":224360,"n":"Sérum Visage Homme Nivea Men Anti-taches Power 2en1 - 30ml","p":14.62,"pp":9.65,"u":"321,67 €/L","img":"https://fd8-photos.leclercdrive.fr/image.ashx?id=2944915&use=l&cat=p&typeid=i","cat":284622},{"id":224361,"n":"Lait Corps Anti-taches  Nivea Anti-vergeture Luminous - 200ml","p":10.71,"u":"53,55 €/L","img":"https://fd8-photos.leclercdrive.fr/image.ashx?id=2689049&use=l&cat=p&typeid=i","cat":325349},{"id":224362,"n":"Huile Corps Anti-taches  Nivea Anti-vergeture Luminous - 100ml","p":10.44,"u":"104,40 €/L","img":"https://fd8-photos.leclercdrive.fr/image.ashx?id=2689052&use=l&cat=p&typeid=i","cat":325349},{"id":224363,"n":"Piles alcalines Eco+ LR03 - x4","p":0.7,"u":"0,18 €/P","img":"https://fd8-photos.leclercdrive.fr/image.ashx?id=2714829&use=l&cat=p&typeid=i","cat":300572},{"id":224364,"n":"Piles alcalines Eco+ LR6 - x4","p":0.7,"u":"0,18 €/P","img":"https://fd8-photos.leclercdrive.fr/image.ashx?id=2714832&use=l&cat=p&typeid=i","cat":300572},{"id":224423,"n":"Concentré Sodastream Ice Tea - 440ml","p":5.99,"u":"13,61 €/L","img":"https://fd8-photos.leclercdrive.fr/image.ashx?id=2670917&use=l&cat=p&typeid=i","cat":295020},{"id":224434,"n":"Yaourt à la grecque Délisse Vanille - 4x150g","p":2.39,"u":"3,98 €/KG","img":"https://fd8-photos.leclercdrive.fr/image.ashx?id=2885143&use=l&cat=p&typeid=i","cat":314999},{"id":224670,"n":"Eau minérale naturelle Hépar 6x75cl","p":3.93,"u":"0,87 €/L","img":"https://fd8-photos.leclercdrive.fr/image.ashx?id=2673361&use=l&cat=p&typeid=i","cat":284535},{"id":224706,"n":"Gnocchi star à poêler Lustucru  300g","p":1.82,"u":"6,07 €/KG","img":"https://fd8-photos.leclercdrive.fr/image.ashx?id=2921630&use=l&cat=p&typeid=i","cat":333682},{"id":224782,"n":"Madeleine Bonne Maman Pur beurre - 600g","p":3.82,"u":"6,37 €/KG","img":"https://fd8-photos.leclercdrive.fr/image.ashx?id=2986287&use=l&cat=p&typeid=i","cat":284492},{"id":224783,"n":"Liqueur Rivière du Mat L'Onctueux - 70cl","p":14.0,"u":"20,00 €/L","img":"https://fd8-photos.leclercdrive.fr/image.ashx?id=2693539&use=l&cat=p&typeid=i","cat":286032},{"id":224787,"n":"Liqueur Rivière du Mat Vanille Bourbon 17° - 70cl","p":13.45,"u":"19,21 €/L","img":"https://fd8-photos.leclercdrive.fr/image.ashx?id=2740001&use=l&cat=p&typeid=i","cat":286032},{"id":224805,"n":"Biscuits Kinder Kinderini Nature et cacao - 250g","p":2.78,"u":"11,12 €/KG","img":"https://fd8-photos.leclercdrive.fr/image.ashx?id=2708372&use=l&cat=p&typeid=i","cat":284488},{"id":224808,"n":"Riz Citron Ben's original  Express 2mn - 220g","p":1.29,"u":"5,86 €/KG","img":"https://fd8-photos.leclercdrive.fr/image.ashx?id=2906442&use=l&cat=p&typeid=i","cat":287600},{"id":224818,"n":"Riz Basmati Ben's original  Express 2mn - 220g","p":1.28,"u":"5,82 €/KG","img":"https://fd8-photos.leclercdrive.fr/image.ashx?id=2995292&use=l&cat=p&typeid=i","cat":287600},{"id":224822,"n":"Muesli energie Bjorg Bio - 375g","p":3.67,"u":"9,79 €/KG","img":"https://fd8-photos.leclercdrive.fr/image.ashx?id=2906259&use=l&cat=p&typeid=i","cat":309512},{"id":224830,"n":"Riz Complet Ben's original Vrac 12mn - 1kg","p":4.26,"u":"4,26 €/KG","img":"https://fd8-photos.leclercdrive.fr/image.ashx?id=2886307&use=l&cat=p&typeid=i","cat":284428},{"id":224856,"n":"Jus innocent ananas fraise 900ml","p":2.89,"u":"3,21 €/L","img":"https://fd8-photos.leclercdrive.fr/image.ashx?id=2879122&use=l&cat=p&typeid=i","cat":285435},{"id":224873,"n":"Riz Paella Ben's original Express 2mn - 220g","p":1.6,"u":"7,27 €/KG","img":"https://fd8-photos.leclercdrive.fr/image.ashx?id=2995310&use=l&cat=p&typeid=i","cat":287600},{"id":224874,"n":"Riz Champignons Ben's original Express 2mn - 220g","p":1.35,"u":"6,14 €/KG","img":"https://fd8-photos.leclercdrive.fr/image.ashx?id=2995307&use=l&cat=p&typeid=i","cat":287600},{"id":224879,"n":"Riz Curry Ben's original Express 2mn - 220g","p":1.51,"u":"6,86 €/KG","img":"https://fd8-photos.leclercdrive.fr/image.ashx?id=2906433&use=l&cat=p&typeid=i","cat":287600},{"id":224882,"n":"Riz Long grain Ben's original  Sachet cuisson 10mn - 1kg","p":3.23,"u":"3,23 €/KG","img":"https://fd8-photos.leclercdrive.fr/image.ashx?id=2957272&use=l&cat=p&typeid=i","cat":284428},{"id":224888,"n":"Riz Long grain Ben's original Vrac 20mn - 1kg","p":3.53,"u":"3,53 €/KG","img":"https://fd8-photos.leclercdrive.fr/image.ashx?id=2886301&use=l&cat=p&typeid=i","cat":284428},{"id":224924,"n":"Tomates cerises gustatives Panier du Primeur - 300g","p":3.99,"u":"13,30 €/KG","img":"https://fd8-photos.leclercdrive.fr/image.ashx?id=2686350&use=l&cat=p&typeid=i","cat":284352},{"id":224927,"n":"Boulette oignons bio Cereal Bio  Veggie - 175g","p":2.76,"u":"15,77 €/KG","img":"https://fd8-photos.leclercdrive.fr/image.ashx?id=2675097&use=l&cat=p&typeid=i","cat":284953},{"id":224928,"n":"Boulette barbecue Cereal Bio  Veggie - 175g","p":2.94,"u":"16,80 €/KG","img":"https://fd8-photos.leclercdrive.fr/image.ashx?id=2675094&use=l&cat=p&typeid=i","cat":284953},{"id":224929,"n":"Galette Burger Spicy Cereal Bio bio - 160g","p":2.7,"u":"16,88 €/KG","img":"https://fd8-photos.leclercdrive.fr/image.ashx?id=2675091&use=l&cat=p&typeid=i","cat":284953},{"id":224930,"n":"Lait d'avoine Bjorg Bio Vanille - 1L","p":2.51,"u":"2,51 €/L","img":"https://fd8-photos.leclercdrive.fr/image.ashx?id=2906253&use=l&cat=p&typeid=i","cat":316067},{"id":224932,"n":"Boisson végétale Bjorg Bio noisettes sans sucres - 1L","p":2.74,"u":"2,74 €/L","img":"https://fd8-photos.leclercdrive.fr/image.ashx?id=2939466&use=l&cat=p&typeid=i","cat":316067},{"id":224933,"n":"Infusions Elephant Coffret découverte x50 - 89g","p":9.5,"pp":6.65,"u":"74,72 €/KG","img":"https://fd8-photos.leclercdrive.fr/image.ashx?id=2834839&use=l&cat=p&typeid=i","cat":293234},{"id":224937,"n":"Plat en morceaux Bledina 200g","p":2.35,"u":"11,75 €/KG","img":"https://fd8-photos.leclercdrive.fr/image.ashx?id=2866298&use=l&cat=p&typeid=i","cat":312239},{"id":224938,"n":"Liqueur au rhum Valois & Cie Mangue & abricot - 70cl","p":16.15,"u":"23,07 €/L","img":"https://fd8-photos.leclercdrive.fr/image.ashx?id=2954803&use=l&cat=p&typeid=i","cat":284550},{"id":224939,"n":"Liqueur au rhum Valoie & Cie FRamboise - 70cl","p":16.15,"u":"23,07 €/L","img":"https://fd8-photos.leclercdrive.fr/image.ashx?id=2954806&use=l&cat=p&typeid=i","cat":284550},{"id":224940,"n":"Liqueur au rhum Valois & Cie Ananas & passion - 70cl","p":18.28,"u":"26,11 €/L","img":"https://fd8-photos.leclercdrive.fr/image.ashx?id=2954815&use=l&cat=p&typeid=i","cat":284550},{"id":224941,"n":"Champagne Veuve Clicquot Brut - 12,5% - 75cl","p":43.8,"u":"58,40 €/L","img":"https://fd8-photos.leclercdrive.fr/image.ashx?id=2675070&use=l&cat=p&typeid=i","cat":284542},{"id":224970,"n":"Camembert Eco+ 240g","p":1.34,"u":"5,58 €/KG","img":"https://fd8-photos.leclercdrive.fr/image.ashx?id=2675036&use=l&cat=p&typeid=i","cat":314033},{"id":224976,"n":"Shampooing Kératine Ogx Du brésil Cheveux frisés 385ml","p":6.75,"u":"17,53 €/L","img":"https://fd8-photos.leclercdrive.fr/image.ashx?id=2805075&use=l&cat=p&typeid=i","cat":284606},{"id":224980,"n":"Après-shamppoing Kératine OGX Du Brésil Cheveux frisés 385ml","p":8.33,"u":"21,64 €/L","img":"https://fd8-photos.leclercdrive.fr/image.ashx?id=2805078&use=l&cat=p&typeid=i","cat":284607},{"id":225007,"n":"Quenelle Nature l'Atelier Ecochard - 4x80g","p":2.88,"u":"9,00 €/KG","img":"https://fd8-photos.leclercdrive.fr/image.ashx?id=2996575&use=l&cat=p&typeid=i","cat":333682},{"id":225047,"n":"Vinaigre ménager 20% Biovie Citron 1L","p":2.42,"u":"2,42 €/L","img":"https://fd8-photos.leclercdrive.fr/image.ashx?id=2676081&use=l&cat=p&typeid=i","cat":325365},{"id":225213,"n":"Thé Matcha Energie Yogi Bio x15 - 27g","p":2.49,"u":"92,22 €/KG","img":"https://fd8-photos.leclercdrive.fr/image.ashx?id=2677495&use=l&cat=p&typeid=i","cat":293234},{"id":225214,"n":"Infusion Yogi bio  Gingembre orange - x15 - 27g","p":2.56,"u":"94,81 €/KG","img":"https://fd8-photos.leclercdrive.fr/image.ashx?id=2677492&use=l&cat=p&typeid=i","cat":293234},{"id":225217,"n":"Infusion Nuit Calme Yogi Bio x15 - 27g","p":2.42,"u":"89,63 €/KG","img":"https://fd8-photos.leclercdrive.fr/image.ashx?id=2677486&use=l&cat=p&typeid=i","cat":293234},{"id":225218,"n":"Thé Chaï aux Epices Yogi Bio  x15 - 27g","p":2.4,"u":"80,00 €/KG","img":"https://fd8-photos.leclercdrive.fr/image.ashx?id=2677483&use=l&cat=p&typeid=i","cat":293234},{"id":225247,"n":"Pain nature Gerblé   Sans Gluten  - 200g","p":2.46,"u":"12,30 €/KG","img":"https://fd8-photos.leclercdrive.fr/image.ashx?id=2677303&use=l&cat=p&typeid=i","cat":318654},{"id":225250,"n":"Recettes du Marché Tramier  Marinade Citron & Thym 150g","p":3.48,"u":"23,20 €/KG","img":"https://fd8-photos.leclercdrive.fr/image.ashx?id=2882617&use=l&cat=p&typeid=i","cat":284458},{"id":225251,"n":"Crème Vinaigre balsamique  Tramier - 250g","p":2.75,"u":"11,00 €/KG","img":"https://fd8-photos.leclercdrive.fr/image.ashx?id=2677192&use=l&cat=p&typeid=i","cat":298543},{"id":225253,"n":"Recettes du Marché Tramier  Marinade Piment & Paprika 150g","p":2.84,"u":"18,93 €/L","img":"https://fd8-photos.leclercdrive.fr/image.ashx?id=2882614&use=l&cat=p&typeid=i","cat":284450},{"id":225256,"n":"Recettes du Marché Tramier  Basilic Herbes de Provence 150g","p":2.82,"u":"18,80 €/KG","img":"https://fd8-photos.leclercdrive.fr/image.ashx?id=2882611&use=l&cat=p&typeid=i","cat":284450},{"id":225275,"n":"Doomino Chocolat blanc St-Michel - 180g","p":1.99,"u":"11,06 €/KG","img":"https://fd8-photos.leclercdrive.fr/image.ashx?id=2950003&use=l&cat=p&typeid=i","cat":284495},{"id":225276,"n":"Galette moelleuse tigrée Choco blanc - St Michel - 180g","p":1.99,"u":"11,06 €/KG","img":"https://fd8-photos.leclercdrive.fr/image.ashx?id=2953501&use=l&cat=p&typeid=i","cat":284495},{"id":225293,"n":"Sérum shampooing Pantène x Emily in Paris - 220ml","p":4.67,"u":"21,23 €/L","img":"https://fd8-photos.leclercdrive.fr/image.ashx?id=2680800&use=l&cat=p&typeid=i","cat":284606},{"id":225298,"n":"Dentifrice Oral-B Pro-science Sensibilité & gencives - 3x75ml","p":9.97,"u":"44,31 €/L","img":"https://fd8-photos.leclercdrive.fr/image.ashx?id=2679404&use=l&cat=p&typeid=i","cat":284612},{"id":225302,"n":"AOC Coteaux d'Aix-en-Provence Cicada La légende 75cl","p":8.12,"u":"10,83 €/L","img":"https://fd8-photos.leclercdrive.fr/image.ashx?id=2833450&use=l&cat=p&typeid=i","cat":289558},{"id":225304,"n":"AOP Côtes de Provence Ste Victoire Cicada Envol 75cl","p":10.74,"u":"14,32 €/L","img":"https://fd8-photos.leclercdrive.fr/image.ashx?id=3004879&use=l&cat=p&typeid=i","cat":289557},{"id":225309,"n":"Bière blonde Kronenbourg 4,2° - 30x25cl","p":15.53,"u":"2,07 €/L","img":"https://fd8-photos.leclercdrive.fr/image.ashx?id=2992759&use=l&cat=p&typeid=i","cat":334873},{"id":225310,"n":"Boisson aux Fruits Tropico Tropical - Bouteille - 1,25L","p":1.92,"u":"1,54 €/L","img":"https://fd8-photos.leclercdrive.fr/image.ashx?id=2736811&use=l&cat=p&typeid=i","cat":295018},{"id":225311,"n":"Boisson Tropico Orange Ananas - 1.25 L","p":1.86,"u":"1,49 €/L","img":"https://fd8-photos.leclercdrive.fr/image.ashx?id=2977702&use=l&cat=p&typeid=i","cat":295018},{"id":225316,"n":"Biscuit petit déj Gerblé Chocolat - 200g","p":2.03,"u":"10,15 €/KG","img":"https://fd8-photos.leclercdrive.fr/image.ashx?id=2679014&use=l&cat=p&typeid=i","cat":318651},{"id":225342,"n":"Dentifrice Oral-B Pro-Expert Dents sensibles - 3x75ml","p":7.47,"u":"33,20 €/L","img":"https://fd8-photos.leclercdrive.fr/image.ashx?id=2788013&use=l&cat=p&typeid=i","cat":284612},{"id":225441,"n":"Fusilli au poulet Fleury Michon Sauce champignons - 280g","p":2.89,"u":"10,32 €/KG","img":"https://fd8-photos.leclercdrive.fr/image.ashx?id=3003233&use=l&cat=p&typeid=i","cat":333665},{"id":225445,"n":"Les tranches Fleury Michon Pois chiches x4 - 120g","p":2.12,"u":"17,67 €/KG","img":"https://fd8-photos.leclercdrive.fr/image.ashx?id=2902007&use=l&cat=p&typeid=i","cat":316036},{"id":225446,"n":"Les tranches Fleury Michon Lentilles corail  x4 - 120g","p":2.13,"u":"17,75 €/KG","img":"https://fd8-photos.leclercdrive.fr/image.ashx?id=2900905&use=l&cat=p&typeid=i","cat":316036},{"id":225447,"n":"Les tranches Fleury Michon Haricots blancs x4 - 120g","p":2.15,"u":"17,92 €/KG","img":"https://fd8-photos.leclercdrive.fr/image.ashx?id=2902010&use=l&cat=p&typeid=i","cat":316036},{"id":225461,"n":"Déodorant Bille Homme 48h Narta Anti-traces - 50ml","p":2.38,"u":"47,60 €/L","img":"https://fd8-photos.leclercdrive.fr/image.ashx?id=2681859&use=l&cat=p&typeid=i","cat":284618},{"id":225462,"n":"Déodorant Bille Femme Narta Anti-Transpirant 48h - 50ml","p":2.35,"u":"47,00 €/L","img":"https://fd8-photos.leclercdrive.fr/image.ashx?id=2681862&use=l&cat=p&typeid=i","cat":284595},{"id":225463,"n":"Déodorant Bille Homme 48h Narta Fraîcheur Polaire - 50ml","p":2.38,"u":"47,60 €/L","img":"https://fd8-photos.leclercdrive.fr/image.ashx?id=2681865&use=l&cat=p&typeid=i","cat":284618},{"id":225464,"n":"Déodorant Bille bio Femme Narta Sans Alcool - 50ml","p":2.35,"u":"47,00 €/L","img":"https://fd8-photos.leclercdrive.fr/image.ashx?id=2681868&use=l&cat=p&typeid=i","cat":284595},{"id":225465,"n":"Déodorant Bille Femme Narta Anti-Traces 48h - 50ml","p":2.35,"u":"47,00 €/L","img":"https://fd8-photos.leclercdrive.fr/image.ashx?id=2681871&use=l&cat=p&typeid=i","cat":284595},{"id":225466,"n":"Déodorant Bille Femme Narta Anti-Traces Sans alcool - 50ml","p":2.35,"u":"47,00 €/L","img":"https://fd8-photos.leclercdrive.fr/image.ashx?id=2681874&use=l&cat=p&typeid=i","cat":284595},{"id":225468,"n":"Déodorant Bille Homme 48h Narta Anti-Traces Blanches - 50ml","p":2.38,"u":"47,60 €/L","img":"https://fd8-photos.leclercdrive.fr/image.ashx?id=2681886&use=l&cat=p&typeid=i","cat":284618},{"id":225471,"n":"Brossettes Oral-B Ultimate Clean - x4","p":35.81,"u":"8,95 €/P","img":"https://fd8-photos.leclercdrive.fr/image.ashx?id=2682409&use=l&cat=p&typeid=i","cat":297133},{"id":225483,"n":"Feuilletés au chèvre Soignon La Compagnie Artique x4 - 320g","p":2.93,"u":"9,16 €/KG","img":"https://fd8-photos.leclercdrive.fr/image.ashx?id=2681080&use=l&cat=p&typeid=i","cat":319774},{"id":225614,"n":"Désinfectant Sanytol Eucalyptus - Multi-usage 500ml","p":2.15,"u":"4,30 €/L","img":"https://fd8-photos.leclercdrive.fr/image.ashx?id=2894800&use=l&cat=p&typeid=i","cat":325357},{"id":225615,"n":"Chips NRT Sel du Morbihan - 125g","p":1.79,"u":"14,32 €/KG","img":"https://fd8-photos.leclercdrive.fr/image.ashx?id=2771432&use=l&cat=p&typeid=i","cat":284447},{"id":225617,"n":"Désinfectant Sanytol Pamplemousse Multi-usage 500ml","p":2.82,"u":"5,64 €/L","img":"https://fd8-photos.leclercdrive.fr/image.ashx?id=2682144&use=l&cat=p&typeid=i","cat":325357},{"id":225619,"n":"Désinfectant nettoyant Sanytol Multi-surfaces - Eucalyptus 1L","p":2.02,"u":"2,02 €/L","img":"https://fd8-photos.leclercdrive.fr/image.ashx?id=2866319&use=l&cat=p&typeid=i","cat":284907},{"id":225622,"n":"Lingettes optiques - Nettoyant lunettes x52","p":1.33,"u":"0,03 €/P","img":"https://fd8-photos.leclercdrive.fr/image.ashx?id=2681536&use=l&cat=p&typeid=i","cat":288862},{"id":225623,"n":"Lingettes optiques - Nettoyant  lunettes x30","p":1.29,"u":"0,04 €/P","img":"https://fd8-photos.leclercdrive.fr/image.ashx?id=2681539&use=l&cat=p&typeid=i","cat":288862},{"id":225643,"n":"Sirop Monin Vanille expérience - 33cl","p":2.73,"u":"8,27 €/L","img":"https://fd8-photos.leclercdrive.fr/image.ashx?id=2682941&use=l&cat=p&typeid=i","cat":295020},{"id":225645,"n":"Crêpes au caramel Whaou x8 - 256g","p":2.39,"u":"9,34 €/KG","img":"https://fd8-photos.leclercdrive.fr/image.ashx?id=2962869&use=l&cat=p&typeid=i","cat":284494},{"id":225647,"n":"Maïs Géant Vert extra tendre sans résidu pesticides - 3x140g","p":2.48,"u":"5,90 €/KG","img":"https://fd8-photos.leclercdrive.fr/image.ashx?id=2977366&use=l&cat=p&typeid=i","cat":312611},{"id":225655,"n":"Huile d'olive Terra Delyssa Vierge extra - 75cl","p":8.59,"u":"11,45 €/L","img":"https://fd8-photos.leclercdrive.fr/image.ashx?id=2686153&use=l&cat=p&typeid=i","cat":284453},{"id":225657,"n":"Mon Huile d'Olive Tramier  Subtile 1l","p":11.65,"u":"11,65 €/L","img":"https://fd8-photos.leclercdrive.fr/image.ashx?id=2834047&use=l&cat=p&typeid=i","cat":284453},{"id":225700,"n":"Bière blonde Leffe Prestige 124 8,5% - 6x25cl","p":7.4,"u":"4,93 €/L","img":"https://fd8-photos.leclercdrive.fr/image.ashx?id=2695007&use=l&cat=p&typeid=i","cat":334852},{"id":225703,"n":"Aérosol répulsif Raid Moustiques - 300ml","p":3.12,"u":"10,40 €/L","img":"https://fd8-photos.leclercdrive.fr/image.ashx?id=2736385&use=l&cat=p&typeid=i","cat":298368},{"id":225706,"n":"Aérosol répulsif Raid Fourmis et cafards - 300ml","p":3.23,"u":"10,77 €/L","img":"https://fd8-photos.leclercdrive.fr/image.ashx?id=2736382&use=l&cat=p&typeid=i","cat":298368},{"id":225709,"n":"Piège lumineux Raid Essentials Diffuseur - Insectes - x1","p":12.81,"img":"https://fd8-photos.leclercdrive.fr/image.ashx?id=2911549&use=l&cat=p&typeid=i","cat":298368},{"id":225710,"n":"Piège lumineux Raid Essentials Recharge - Insectes volants x2","p":6.94,"u":"3,47 €/P","img":"https://fd8-photos.leclercdrive.fr/image.ashx?id=2798218&use=l&cat=p&typeid=i","cat":298368},{"id":225722,"n":"Recharge électrique Pyrel Répulsif moustiques x1","p":5.81,"img":"https://fd8-photos.leclercdrive.fr/image.ashx?id=2683235&use=l&cat=p&typeid=i","cat":298368},{"id":225732,"n":"Bonbons Haribo méga fête Assortiment mini sachets - 880g","p":8.5,"u":"9,66 €/KG","img":"https://fd8-photos.leclercdrive.fr/image.ashx?id=2984961&use=l&cat=p&typeid=i","cat":304250},{"id":225745,"n":"Coloration Permanente Garnier Color Sensation 4.0 Châtain","p":4.08,"img":"https://fd8-photos.leclercdrive.fr/image.ashx?id=2684245&use=l&cat=p&typeid=i","cat":288899},{"id":225749,"n":"Masque Lissant Ultra Doux Eau de Riz - 340ml","p":5.0,"u":"14,71 €/L","img":"https://fd8-photos.leclercdrive.fr/image.ashx?id=2684233&use=l&cat=p&typeid=i","cat":284608},{"id":225751,"n":"Shampoing Lissant Ultra Doux Cheveux longs - 250ml","p":2.39,"u":"9,56 €/L","img":"https://fd8-photos.leclercdrive.fr/image.ashx?id=2684236&use=l&cat=p&typeid=i","cat":284606},{"id":225752,"n":"Après-shampooing Garnier Ultra Doux - Eau de riz - 200ml","p":2.81,"u":"14,05 €/L","img":"https://fd8-photos.leclercdrive.fr/image.ashx?id=2684239&use=l&cat=p&typeid=i","cat":284607},{"id":225755,"n":"Crème dépilatoire Veet Men Peaux sensibles - 400ml","p":8.86,"u":"22,15 €/L","img":"https://fd8-photos.leclercdrive.fr/image.ashx?id=2785448&use=l&cat=p&typeid=i","cat":284617},{"id":225769,"n":"Change culottes Mots d'enfants T7 - 17kg - x15","p":5.15,"u":"0,34 €/P","img":"https://fd8-photos.leclercdrive.fr/image.ashx?id=2907249&use=l&cat=p&typeid=i","cat":290633},{"id":225780,"n":"Dentifrice Sanogyl Biome Protège gencive - 75ml","p":5.0,"u":"66,67 €/L","img":"https://fd8-photos.leclercdrive.fr/image.ashx?id=2684152&use=l&cat=p&typeid=i","cat":284612},{"id":225784,"n":"Bandes de cire Veet Pure Froide - Aisselles - x16","p":4.75,"u":"0,30 €/P","img":"https://fd8-photos.leclercdrive.fr/image.ashx?id=2970795&use=l&cat=p&typeid=i","cat":325351},{"id":225786,"n":"Lingettes Intima Regul'Active - x20","p":2.64,"u":"0,13 €/P","img":"https://fd8-photos.leclercdrive.fr/image.ashx?id=2689787&use=l&cat=p&typeid=i","cat":284627},{"id":225793,"n":"Liquide vaisselle Paic Acti Froid - Menthe - 500ml","p":2.59,"u":"5,18 €/L","img":"https://fd8-photos.leclercdrive.fr/image.ashx?id=2684335&use=l&cat=p&typeid=i","cat":284655},{"id":225795,"n":"Lubrifiant Saforelle Intime - 30ml","p":8.29,"u":"276,33 €/L","img":"https://fd8-photos.leclercdrive.fr/image.ashx?id=2684164&use=l&cat=p&typeid=i","cat":328622},{"id":225796,"n":"Crème Créaline DS+crème Bioderma - Soin apaisant 40ml","p":11.9,"u":"297,50 €/L","img":"https://fd8-photos.leclercdrive.fr/image.ashx?id=2683775&use=l&cat=p&typeid=i","cat":291171},{"id":225798,"n":"Crème hydraliane SVR Hydratation intense - 50ml","p":16.9,"u":"338,00 €/L","img":"https://fd8-photos.leclercdrive.fr/image.ashx?id=2968355&use=l&cat=p&typeid=i","cat":291171},{"id":225869,"n":"Blanc de poulet nature Herta - 4 tranches - 120g","p":1.68,"u":"14,00 €/KG","img":"https://fd8-photos.leclercdrive.fr/image.ashx?id=2684961&use=l&cat=p&typeid=i","cat":316010},{"id":225891,"n":"Bière blonde 1664 5,5° - 18x25cl","p":11.4,"pp":8.55,"u":"1,90 €/L","img":"https://fd8-photos.leclercdrive.fr/image.ashx?id=2684931&use=l&cat=p&typeid=i","cat":334873},{"id":225947,"n":"Bière blonde 1664 5,5° 24x25cl","p":15.12,"u":"2,52 €/L","img":"https://fd8-photos.leclercdrive.fr/image.ashx?id=2686597&use=l&cat=p&typeid=i","cat":334873},{"id":225951,"n":"Riz tandoori Jardin Bio bio 220g","p":2.99,"u":"13,59 €/KG","img":"https://fd8-photos.leclercdrive.fr/image.ashx?id=2686048&use=l&cat=p&typeid=i","cat":284953},{"id":225952,"n":"Purée Jardin Bio Bio lentilles corail - 250g","p":2.06,"u":"8,24 €/KG","img":"https://fd8-photos.leclercdrive.fr/image.ashx?id=2976824&use=l&cat=p&typeid=i","cat":284953},{"id":225954,"n":"Sauce Jardin Bio Tikka Masala bio - 330g","p":3.71,"u":"11,24 €/KG","img":"https://fd8-photos.leclercdrive.fr/image.ashx?id=2686057&use=l&cat=p&typeid=i","cat":287599},{"id":225955,"n":"Petale barbecue Jardin Bio Bio 85g","p":1.67,"u":"19,65 €/KG","img":"https://fd8-photos.leclercdrive.fr/image.ashx?id=2686039&use=l&cat=p&typeid=i","cat":284449},{"id":225969,"n":"Cookie Jardin Bio Bio Pepites de chocolat - 175g","p":2.92,"u":"16,69 €/KG","img":"https://fd8-photos.leclercdrive.fr/image.ashx?id=2963208&use=l&cat=p&typeid=i","cat":325066},{"id":225975,"n":"Gaspacho Jardin Bio  Bio - 1L","p":4.5,"u":"4,50 €/L","img":"https://fd8-photos.leclercdrive.fr/image.ashx?id=2686036&use=l&cat=p&typeid=i","cat":287365},{"id":226034,"n":"Bouilloire KitchenAid Classic - 1,25 L","p":99.99,"img":"https://fd8-photos.leclercdrive.fr/image.ashx?id=2744335&use=l&cat=p&typeid=i","cat":334140},{"id":226111,"n":"Muesli  Grainea Chocolat noir - 500g","p":2.27,"u":"4,54 €/KG","img":"https://fd8-photos.leclercdrive.fr/image.ashx?id=2931859&use=l&cat=p&typeid=i","cat":309512},{"id":226115,"n":"Gourde compotes Pom'potes 5 fruits jaunes - 4x90g","p":2.27,"u":"6,31 €/KG","img":"https://fd8-photos.leclercdrive.fr/image.ashx?id=2991825&use=l&cat=p&typeid=i","cat":284508},{"id":226116,"n":"Chewing-gum Mentos Pure Fresh  Fresh Mint sans sucres - 100g","p":2.89,"u":"28,90 €/KG","img":"https://fd8-photos.leclercdrive.fr/image.ashx?id=2687707&use=l&cat=p&typeid=i","cat":304251},{"id":226122,"n":"Biscuits Delacre Cigarettes Russes - 230g","p":1.9,"u":"8,26 €/KG","img":"https://fd8-photos.leclercdrive.fr/image.ashx?id=2688833&use=l&cat=p&typeid=i","cat":284490},{"id":226137,"n":"Sun caps  x39 - 585g","p":12.11,"u":"20,70 €/KG","img":"https://fd8-photos.leclercdrive.fr/image.ashx?id=2877262&use=l&cat=p&typeid=i","cat":284656},{"id":226149,"n":"Couches culottes Pampers  Premium protection - x93","p":48.18,"u":"0,52 €/P","img":"https://fd8-photos.leclercdrive.fr/image.ashx?id=2693228&use=l&cat=p&typeid=i","cat":290633},{"id":226206,"n":"Compote Materne Pommes d'Occitanie  - 1.2kg","p":4.84,"u":"4,03 €/KG","img":"https://fd8-photos.leclercdrive.fr/image.ashx?id=3003125&use=l&cat=p&typeid=i","cat":284416},{"id":226295,"n":"Purée amandes Rigoni di Asiago Bio - 220g","p":6.63,"u":"30,14 €/KG","img":"https://fd8-photos.leclercdrive.fr/image.ashx?id=2966791&use=l&cat=p&typeid=i","cat":284481},{"id":226296,"n":"Biscuit Flammekueche Savour 100g","p":1.85,"u":"18,50 €/L","img":"https://fd8-photos.leclercdrive.fr/image.ashx?id=2781889&use=l&cat=p&typeid=i","cat":297000},{"id":226297,"n":"Biscuits Savour Olive herbes de provence - 100g","p":1.85,"u":"18,50 €/KG","img":"https://fd8-photos.leclercdrive.fr/image.ashx?id=2781886&use=l&cat=p&typeid=i","cat":297000},{"id":226302,"n":"Pâtes fraîches RANA Ravioli  Cèpes Champignons Ricotta -250g","p":3.38,"u":"13,52 €/KG","img":"https://fd8-photos.leclercdrive.fr/image.ashx?id=2737381&use=l&cat=p&typeid=i","cat":333682},{"id":226304,"n":"Pâtes fraîches RANA Ravioli  Saumon fumé et Mascarpone -250g","p":3.63,"u":"14,52 €/KG","img":"https://fd8-photos.leclercdrive.fr/image.ashx?id=2737387&use=l&cat=p&typeid=i","cat":333682},{"id":226307,"n":"Biscuits Savour Chorizo - 100g","p":1.85,"u":"18,50 €/KG","img":"https://fd8-photos.leclercdrive.fr/image.ashx?id=2781883&use=l&cat=p&typeid=i","cat":297000},{"id":226315,"n":"Croquettes Vitafit Friskies Boeuf - 12kg","p":24.95,"u":"2,08 €/KG","img":"https://fd8-photos.leclercdrive.fr/image.ashx?id=2986996&use=l&cat=p&typeid=i","cat":284672},{"id":226330,"n":"Croziflette Alpina Savoie 400g","p":2.88,"u":"7,20 €/KG","img":"https://fd8-photos.leclercdrive.fr/image.ashx?id=2692374&use=l&cat=p&typeid=i","cat":284427},{"id":226331,"n":"Crozets nature Alpina Savoie Maxi format - 600g","p":4.87,"u":"8,12 €/KG","img":"https://fd8-photos.leclercdrive.fr/image.ashx?id=2795066&use=l&cat=p&typeid=i","cat":284427},{"id":226341,"n":"Barre muffin Chocolat - 4x30g","p":2.55,"u":"21,25 €/KG","img":"https://fd8-photos.leclercdrive.fr/image.ashx?id=2745355&use=l&cat=p&typeid=i","cat":285869},{"id":226343,"n":"Barre de céréales Nature Valley  Crunchy caramel x8 - 160g","p":2.91,"u":"18,19 €/KG","img":"https://fd8-photos.leclercdrive.fr/image.ashx?id=2692797&use=l&cat=p&typeid=i","cat":300032},{"id":226345,"n":"Barre de céréales Nature Valley Crunchy avoine fruits x5- 210g","p":2.52,"u":"12,00 €/KG","img":"https://fd8-photos.leclercdrive.fr/image.ashx?id=2858699&use=l&cat=p&typeid=i","cat":300032},{"id":226348,"n":"Céréales P'tit Déli Caramel & Chocolat - 400g","p":2.12,"u":"5,30 €/KG","img":"https://fd8-photos.leclercdrive.fr/image.ashx?id=2691528&use=l&cat=p&typeid=i","cat":309513},{"id":226349,"n":"Boisson Gazeuse Maison Perrier Chic Citrus Fizz 4x25cl","p":2.87,"u":"2,87 €/L","img":"https://fd8-photos.leclercdrive.fr/image.ashx?id=2841595&use=l&cat=p&typeid=i","cat":284536},{"id":226350,"n":"Boisson Gazeuse Maison Perrier Chic Lemonjito 4x25cl","p":2.87,"u":"2,87 €/L","img":"https://fd8-photos.leclercdrive.fr/image.ashx?id=2692809&use=l&cat=p&typeid=i","cat":284536},{"id":226402,"n":"Lentilles Bonduelle - 265g","p":1.17,"u":"4,42 €/KG","img":"https://fd8-photos.leclercdrive.fr/image.ashx?id=2691992&use=l&cat=p&typeid=i","cat":312609},{"id":226412,"n":"Barre de céréales Nature Valley  Protéine cranberries x4 -160g","p":2.8,"u":"17,50 €/KG","img":"https://fd8-photos.leclercdrive.fr/image.ashx?id=2693869&use=l&cat=p&typeid=i","cat":285869},{"id":226424,"n":"Infusion Paysans d'Ici Bio Citron vert verveine - 30g","p":2.74,"u":"91,33 €/KG","img":"https://fd8-photos.leclercdrive.fr/image.ashx?id=2693749&use=l&cat=p&typeid=i","cat":293233},{"id":226437,"n":"Jus multivitamines Tropicana 4x1.5L","p":13.51,"u":"2,25 €/L","img":"https://fd8-photos.leclercdrive.fr/image.ashx?id=2921429&use=l&cat=p&typeid=i","cat":284917},{"id":226438,"n":"Soda Coca-Cola Original Canette - Pack 6x20CL","p":3.69,"u":"3,08 €/L","img":"https://fd8-photos.leclercdrive.fr/image.ashx?id=2766571&use=l&cat=p&typeid=i","cat":284530},{"id":226449,"n":"Lait de coco Eco+ 200ml","p":0.69,"u":"3,45 €/L","img":"https://fd8-photos.leclercdrive.fr/image.ashx?id=2691790&use=l&cat=p&typeid=i","cat":288992},{"id":226455,"n":"Chewing-gum Mentos Pure Fresh  Fresh Chloro sans sucres - 100g","p":2.89,"u":"28,90 €/KG","img":"https://fd8-photos.leclercdrive.fr/image.ashx?id=2693434&use=l&cat=p&typeid=i","cat":304251},{"id":226484,"n":"Cookies Crunchy Kinder Pépites au cacao et lait - 136g","p":2.81,"u":"20,66 €/KG","img":"https://fd8-photos.leclercdrive.fr/image.ashx?id=2691995&use=l&cat=p&typeid=i","cat":325066},{"id":226510,"n":"Biscuits BN Chocolats -570g","p":2.35,"img":"https://fd8-photos.leclercdrive.fr/image.ashx?id=2693509&use=l&cat=p&typeid=i","cat":284488},{"id":226514,"n":"Filet de cabillaud Fish & Chips L'Atelier Poissonnerie - 200g","p":3.89,"u":"19,45 €/KG","img":"https://fd8-photos.leclercdrive.fr/image.ashx?id=2714456&use=l&cat=p&typeid=i","cat":284344},{"id":226522,"n":"Déodorant aérosol Dove Invisible dry - 2x200ml","p":6.49,"u":"16,23 €/L","img":"https://fd8-photos.leclercdrive.fr/image.ashx?id=2838833&use=l&cat=p&typeid=i","cat":284595},{"id":226526,"n":"Olive verte farcie Tramier  Amande - 160g","p":2.32,"u":"14,50 €/KG","img":"https://fd8-photos.leclercdrive.fr/image.ashx?id=2693467&use=l&cat=p&typeid=i","cat":284450},{"id":226528,"n":"Olives vertes Tramier Dénoyautées - 160g","p":2.08,"u":"13,00 €/KG","img":"https://fd8-photos.leclercdrive.fr/image.ashx?id=2988309&use=l&cat=p&typeid=i","cat":284450},{"id":226530,"n":"Olives noires Tramier Dénoyautées - 25% 220g","p":3.39,"u":"15,41 €/KG","img":"https://fd8-photos.leclercdrive.fr/image.ashx?id=2840826&use=l&cat=p&typeid=i","cat":284450},{"id":226532,"n":"Olives noires Tramier  Denoyautées - 100g","p":1.68,"u":"16,80 €/KG","img":"https://fd8-photos.leclercdrive.fr/image.ashx?id=2693458&use=l&cat=p&typeid=i","cat":284450},{"id":226534,"n":"Huile de tournesol Tramier  1L","p":5.66,"u":"5,66 €/L","img":"https://fd8-photos.leclercdrive.fr/image.ashx?id=2695097&use=l&cat=p&typeid=i","cat":284453},{"id":226538,"n":"Huile d'olive Terra Delyssa Vierge extra - 75cl","p":8.94,"u":"11,92 €/L","img":"https://fd8-photos.leclercdrive.fr/image.ashx?id=2849256&use=l&cat=p&typeid=i","cat":284453},{"id":226572,"n":"Twins enrobé Gullon Chocolat blanc - 252g","p":2.35,"u":"9,33 €/KG","img":"https://fd8-photos.leclercdrive.fr/image.ashx?id=2698078&use=l&cat=p&typeid=i","cat":284488},{"id":226593,"n":"Croustis chèvres Soignon 100g","p":2.18,"u":"21,80 €/KG","img":"https://fd8-photos.leclercdrive.fr/image.ashx?id=2769729&use=l&cat=p&typeid=i","cat":314027},{"id":226596,"n":"Couches maxi Pampers Baby Dry T2 - x174","p":47.43,"u":"0,27 €/P","img":"https://fd8-photos.leclercdrive.fr/image.ashx?id=2693246&use=l&cat=p&typeid=i","cat":284737},{"id":226636,"n":"Déodorant Homme Adidas Fresh Endurance - 150ml","p":3.15,"u":"21,00 €/L","img":"https://fd8-photos.leclercdrive.fr/image.ashx?id=2990772&use=l&cat=p&typeid=i","cat":284618},{"id":226646,"n":"Boisson Gazeuse Maison Perrier Forever Citron Vert 1L","p":0.97,"u":"0,97 €/L","img":"https://fd8-photos.leclercdrive.fr/image.ashx?id=2695103&use=l&cat=p&typeid=i","cat":284536},{"id":226657,"n":"Boisson Gazeuse Maison Perrier Forever Citron 1L","p":0.98,"u":"0,98 €/L","img":"https://fd8-photos.leclercdrive.fr/image.ashx?id=2887311&use=l&cat=p&typeid=i","cat":284536},{"id":226659,"n":"Boisson Gazeuse Maison Perrier Forever Orange 1L","p":0.98,"u":"0,98 €/L","img":"https://fd8-photos.leclercdrive.fr/image.ashx?id=2695106&use=l&cat=p&typeid=i","cat":284536},{"id":226661,"n":"Boisson Gazeuse Maison Perrier Forever Menthe 1L","p":0.98,"u":"0,98 €/L","img":"https://fd8-photos.leclercdrive.fr/image.ashx?id=2695112&use=l&cat=p&typeid=i","cat":284536},{"id":226662,"n":"Sac cabas en toile de jute Bleu -x1","p":1.9,"img":"https://fd8-photos.leclercdrive.fr/image.ashx?id=2693102&use=l&cat=p&typeid=i","cat":313597},{"id":226663,"n":"Boisson Gazeuse Maison Perrier Forever Citron 6x50cl","p":3.95,"u":"1,32 €/L","img":"https://fd8-photos.leclercdrive.fr/image.ashx?id=2695100&use=l&cat=p&typeid=i","cat":284536},{"id":226664,"n":"Boisson Gazeuse Maison Perrier Forever Citron Vert 6x50cl","p":3.93,"u":"1,31 €/L","img":"https://fd8-photos.leclercdrive.fr/image.ashx?id=2695109&use=l&cat=p&typeid=i","cat":284536},{"id":226665,"n":"Sac cabas en toile de jute Vert - x1","p":1.9,"img":"https://fd8-photos.leclercdrive.fr/image.ashx?id=2693105&use=l&cat=p&typeid=i","cat":313597},{"id":226666,"n":"Sac cabas en toile de jute Rose - x1","p":1.9,"img":"https://fd8-photos.leclercdrive.fr/image.ashx?id=2693108&use=l&cat=p&typeid=i","cat":313597},{"id":226667,"n":"Boisson Gazeuse Maison Perrier Forever Citron 6x33cl","p":3.05,"u":"1,54 €/L","img":"https://fd8-photos.leclercdrive.fr/image.ashx?id=2878447&use=l&cat=p&typeid=i","cat":284536},{"id":226668,"n":"Boisson Gazeuse Maison Perrier Forever Citron Vert 6x33cl","p":3.03,"u":"1,53 €/L","img":"https://fd8-photos.leclercdrive.fr/image.ashx?id=2887308&use=l&cat=p&typeid=i","cat":284536},{"id":226776,"n":"Thé noir fruits rouges Lipton 20 sachets - 30g","p":1.72,"u":"57,33 €/KG","img":"https://fd8-photos.leclercdrive.fr/image.ashx?id=2695359&use=l&cat=p&typeid=i","cat":293233},{"id":226781,"n":"Thé noir pêche mangue Lipton 20 sachets - 34g","p":2.41,"u":"70,88 €/KG","img":"https://fd8-photos.leclercdrive.fr/image.ashx?id=2695362&use=l&cat=p&typeid=i","cat":293233},{"id":226801,"n":"Parfum de linge billes Lenor  Jasmin Rose de mai x19 doses","p":7.53,"u":"32,04 €/KG","img":"https://fd8-photos.leclercdrive.fr/image.ashx?id=2841598&use=l&cat=p&typeid=i","cat":325302},{"id":226802,"n":"Adoucissant Lenor  Fleur de soie x56 - 1.176L","p":5.39,"u":"4,58 €/L","img":"https://fd8-photos.leclercdrive.fr/image.ashx?id=2696157&use=l&cat=p&typeid=i","cat":284650},{"id":226806,"n":"Liquide de rinçage Sun Brillance - 500ml","p":3.14,"u":"6,28 €/L","img":"https://fd8-photos.leclercdrive.fr/image.ashx?id=2829099&use=l&cat=p&typeid=i","cat":284657},{"id":226807,"n":"Liquide de rinçage Sun Séchage - 500ml","p":3.66,"u":"7,32 €/L","img":"https://fd8-photos.leclercdrive.fr/image.ashx?id=2738716&use=l&cat=p&typeid=i","cat":284657},{"id":226808,"n":"Adoucissant Lenor Fresh air Rayons de soleil x36","p":5.01,"u":"9,94 €/L","img":"https://fd8-photos.leclercdrive.fr/image.ashx?id=2696445&use=l&cat=p&typeid=i","cat":284650},{"id":226811,"n":"Adoucissant Lenor Fresh air Solstice Boréal x36 - 0.5L","p":5.14,"u":"10,20 €/L","img":"https://fd8-photos.leclercdrive.fr/image.ashx?id=2696169&use=l&cat=p&typeid=i","cat":284650},{"id":226813,"n":"Déodorant stick Sanex  Zéro% Sensitive - 65ml","p":3.02,"u":"46,46 €/L","img":"https://fd8-photos.leclercdrive.fr/image.ashx?id=2745415&use=l&cat=p&typeid=i","cat":284595},{"id":226815,"n":"Dentifrice Oral-B kids 0-6ans - 50ml","p":2.52,"u":"50,40 €/L","img":"https://fd8-photos.leclercdrive.fr/image.ashx?id=2737801&use=l&cat=p&typeid=i","cat":288898},{"id":226818,"n":"Dentifrice Sensodyne Soin  complet Triple action - 75ml","p":3.89,"u":"51,87 €/L","img":"https://fd8-photos.leclercdrive.fr/image.ashx?id=2997778&use=l&cat=p&typeid=i","cat":284612},{"id":226819,"n":"Dentifrice Sensodyne Soin gencives Triple action - 75ml","p":4.16,"u":"55,47 €/L","img":"https://fd8-photos.leclercdrive.fr/image.ashx?id=3000384&use=l&cat=p&typeid=i","cat":284612},{"id":226824,"n":"Dentifrice Sensodyne Soin  Blancheur naturelle 24h - 75ml","p":4.01,"u":"53,47 €/L","img":"https://fd8-photos.leclercdrive.fr/image.ashx?id=2694944&use=l&cat=p&typeid=i","cat":284612},{"id":226825,"n":"Dentifrice Sensodyne Répare & protège Novamin - 75ml","p":4.5,"u":"60,00 €/L","img":"https://fd8-photos.leclercdrive.fr/image.ashx?id=2694947&use=l&cat=p&typeid=i","cat":284612},{"id":226826,"n":"Dentifrice Sensodyne Soin Blancheur triple action - 75ml","p":4.11,"u":"54,80 €/L","img":"https://fd8-photos.leclercdrive.fr/image.ashx?id=3000381&use=l&cat=p&typeid=i","cat":284612},{"id":226827,"n":"Nettoyant Machine Sun Lave Vaisselle 3 Doses","p":3.46,"u":"28,83 €/KG","img":"https://fd8-photos.leclercdrive.fr/image.ashx?id=2738710&use=l&cat=p&typeid=i","cat":284657},{"id":226829,"n":"Dentifrice Sensodyne Répare & protège extra fresh - 75ml","p":4.71,"u":"62,80 €/L","img":"https://fd8-photos.leclercdrive.fr/image.ashx?id=2694956&use=l&cat=p&typeid=i","cat":284612},{"id":226830,"n":"Dentifrice Sensodyne Répare & protège Blancheur - 75ml","p":5.09,"u":"67,87 €/L","img":"https://fd8-photos.leclercdrive.fr/image.ashx?id=2872955&use=l&cat=p&typeid=i","cat":284612},{"id":226831,"n":"Nettoyant machine Sun Pendant le cycle x4 - 60g","p":4.12,"u":"8,58 €/KG","img":"https://fd8-photos.leclercdrive.fr/image.ashx?id=2738713&use=l&cat=p&typeid=i","cat":284657},{"id":226872,"n":"AOP Saint Saturnin Rosé d'une nuit Fonjoya 2023 - 75cl","p":5.34,"u":"7,12 €/L","img":"https://fd8-photos.leclercdrive.fr/image.ashx?id=2695908&use=l&cat=p&typeid=i","cat":289558},{"id":226899,"n":"Mini bille chocolaté M&Ms 176g","p":2.5,"u":"14,20 €/KG","img":"https://fd8-photos.leclercdrive.fr/image.ashx?id=3009074&use=l&cat=p&typeid=i","cat":304238},{"id":226903,"n":"Boisson énergisante Maison Perrier mûre - 25cl","p":0.85,"u":"3,40 €/L","img":"https://fd8-photos.leclercdrive.fr/image.ashx?id=2696130&use=l&cat=p&typeid=i","cat":284533},{"id":226910,"n":"Dragées chocolatées M&M's 340g","p":4.74,"u":"13,94 €/KG","img":"https://fd8-photos.leclercdrive.fr/image.ashx?id=3003399&use=l&cat=p&typeid=i","cat":304238},{"id":226911,"n":"Bille au chocolat Maltesers 400g","p":5.64,"u":"14,10 €/KG","img":"https://fd8-photos.leclercdrive.fr/image.ashx?id=2976050&use=l&cat=p&typeid=i","cat":304238},{"id":226920,"n":"Bonbons Skittles  152g","p":1.32,"u":"8,68 €/KG","img":"https://fd8-photos.leclercdrive.fr/image.ashx?id=3008984&use=l&cat=p&typeid=i","cat":304250},{"id":226923,"n":"Bonbons aux fruits Skittles  318g","p":2.92,"u":"9,18 €/KG","img":"https://fd8-photos.leclercdrive.fr/image.ashx?id=2700605&use=l&cat=p&typeid=i","cat":304250},{"id":226970,"n":"Tablette lave-vaisselle Sun  Expert Plus x40 -700g","p":8.49,"u":"12,13 €/KG","img":"https://fd8-photos.leclercdrive.fr/image.ashx?id=2738734&use=l&cat=p&typeid=i","cat":284656},{"id":226971,"n":"Sun Tablettes Lave-Vaisselle Tout en 1 Expert Plus x40","p":8.76,"u":"12,51 €/KG","img":"https://fd8-photos.leclercdrive.fr/image.ashx?id=2942012&use=l&cat=p&typeid=i","cat":284656},{"id":226973,"n":"Sun Tablettes Lave-Vaisselle Tout en 1 Citron Ecolabel x46","p":7.88,"u":"10,38 €/KG","img":"https://fd8-photos.leclercdrive.fr/image.ashx?id=3000905&use=l&cat=p&typeid=i","cat":284656},{"id":226975,"n":"Crème de douche Corine de Farme Soin nourrissant - Monoï 500ml","p":3.26,"u":"6,52 €/L","img":"https://fd8-photos.leclercdrive.fr/image.ashx?id=2696613&use=l&cat=p&typeid=i","cat":284594},{"id":226978,"n":"Crème Anti-Âge Rose Re-Fortifiant - 50ml","p":11.97,"pp":7.9,"u":"158,00 €/L","img":"https://fd8-photos.leclercdrive.fr/image.ashx?id=2757425&use=l&cat=p&typeid=i","cat":325345},{"id":227010,"n":"Diots de Savoie nature Nos Régions ont du Talent 360g","p":4.4,"u":"12,22 €/KG","img":"https://fd8-photos.leclercdrive.fr/image.ashx?id=2991512&use=l&cat=p&typeid=i","cat":316012},{"id":227012,"n":"Halloumi AOP Casa Azzurra 200g","p":4.5,"u":"22,50 €/KG","img":"https://fd8-photos.leclercdrive.fr/image.ashx?id=2696729&use=l&cat=p&typeid=i","cat":314026},{"id":227045,"n":"Crème Apaisante Saforelle 40ml","p":6.49,"u":"162,25 €/L","img":"https://fd8-photos.leclercdrive.fr/image.ashx?id=2697177&use=l&cat=p&typeid=i","cat":328622},{"id":227058,"n":"Lait ultra invisible Bioderma Photoderm - SPF50+ - 200ML","p":15.7,"u":"78,50 €/L","img":"https://fd8-photos.leclercdrive.fr/image.ashx?id=2696723&use=l&cat=p&typeid=i","cat":290396},{"id":227070,"n":"Thé glacé pétillant Lipton Ice Tea pêche - bouteille 1.25L","p":1.68,"u":"1,34 €/L","img":"https://fd8-photos.leclercdrive.fr/image.ashx?id=2887704&use=l&cat=p&typeid=i","cat":295019},{"id":227071,"n":"Thé pétillant Lipton Ice Tea Citron citron vert - 1.25L","p":1.69,"u":"1,35 €/L","img":"https://fd8-photos.leclercdrive.fr/image.ashx?id=2887707&use=l&cat=p&typeid=i","cat":295019},{"id":227103,"n":"Adoucissant Liquide Jardins de fleurs 504ml x36","p":4.97,"u":"9,86 €/L","img":"https://fd8-photos.leclercdrive.fr/image.ashx?id=2698984&use=l&cat=p&typeid=i","cat":284650},{"id":227165,"n":"Serum Acide Hyaluronique Mixa 30mL","p":9.25,"u":"308,33 €/L","img":"https://fd8-photos.leclercdrive.fr/image.ashx?id=2698711&use=l&cat=p&typeid=i","cat":325345},{"id":227166,"n":"Sérum Anti-tâches Vitamine C Mixa 30 mL","p":9.12,"u":"304,00 €/L","img":"https://fd8-photos.leclercdrive.fr/image.ashx?id=2698714&use=l&cat=p&typeid=i","cat":325345},{"id":227167,"n":"Serum anti-imperfections Niacinamide Mixa 30mL","p":10.18,"u":"339,33 €/L","img":"https://fd8-photos.leclercdrive.fr/image.ashx?id=2698717&use=l&cat=p&typeid=i","cat":325345},{"id":227174,"n":"Lait de toilette Mixa 2x300 mL","p":7.24,"u":"12,07 €/L","img":"https://fd8-photos.leclercdrive.fr/image.ashx?id=2698699&use=l&cat=p&typeid=i","cat":325349},{"id":227206,"n":"Lait Corps Satinant Mixa 400mL","p":5.05,"u":"12,63 €/L","img":"https://fd8-photos.leclercdrive.fr/image.ashx?id=2698696&use=l&cat=p&typeid=i","cat":325349},{"id":227239,"n":"Shampooing Nodé DS+ Bioderma Antipelliculaire intense  125ml","p":12.19,"u":"97,52 €/L","img":"https://fd8-photos.leclercdrive.fr/image.ashx?id=2697860&use=l&cat=p&typeid=i","cat":290400},{"id":227241,"n":"Sitck lèvres Atoderm Bioderma 2x4g","p":4.99,"u":"623,75 €/KG","img":"https://fd8-photos.leclercdrive.fr/image.ashx?id=2956556&use=l&cat=p&typeid=i","cat":291172},{"id":227242,"n":"Soin hydratant Bioderma Anti-imperfections - 30ml","p":11.2,"u":"373,33 €/L","img":"https://fd8-photos.leclercdrive.fr/image.ashx?id=2697836&use=l&cat=p&typeid=i","cat":291166},{"id":227244,"n":"Huile lavante Uriage 500ml","p":8.4,"u":"16,80 €/L","img":"https://fd8-photos.leclercdrive.fr/image.ashx?id=2697854&use=l&cat=p&typeid=i","cat":301591},{"id":227246,"n":"Ampoule flash Sebiaclear SVR Anti-imperfections - 30ml","p":22.8,"u":"760,00 €/L","img":"https://fd8-photos.leclercdrive.fr/image.ashx?id=2965142&use=l&cat=p&typeid=i","cat":291171},{"id":227247,"n":"Crème Sebiaclear SVR Matifiant hydratant - 40ml","p":10.9,"u":"272,50 €/L","img":"https://fd8-photos.leclercdrive.fr/image.ashx?id=2967893&use=l&cat=p&typeid=i","cat":291166},{"id":227278,"n":"Lames Antifriction One Blade Philips x4","p":23.95,"u":"5,99 €/P","img":"https://fd8-photos.leclercdrive.fr/image.ashx?id=2834137&use=l&cat=p&typeid=i","cat":284616},{"id":227298,"n":"Biscuits sablés McVitie's  Flocon avoine chocolat 300g","p":2.34,"u":"7,80 €/KG","img":"https://fd8-photos.leclercdrive.fr/image.ashx?id=2700641&use=l&cat=p&typeid=i","cat":284487},{"id":227318,"n":"P'tite Céréale Nestlé Vanille - 415g","p":2.6,"u":"6,27 €/KG","img":"https://fd8-photos.leclercdrive.fr/image.ashx?id=2700773&use=l&cat=p&typeid=i","cat":312225},{"id":227319,"n":"Spécial kebab 100% végétal Accro - 160g","p":3.26,"u":"20,38 €/KG","img":"https://fd8-photos.leclercdrive.fr/image.ashx?id=2924542&use=l&cat=p&typeid=i","cat":316036},{"id":227320,"n":"Céréales Nesquik 675g","p":4.41,"u":"6,53 €/KG","img":"https://fd8-photos.leclercdrive.fr/image.ashx?id=2971434&use=l&cat=p&typeid=i","cat":309513},{"id":227321,"n":"Herbes de provence Sainte Lucie 16g","p":1.72,"u":"107,50 €/KG","img":"https://fd8-photos.leclercdrive.fr/image.ashx?id=2700134&use=l&cat=p&typeid=i","cat":298297},{"id":227323,"n":"Céréales Crunch Nestlé 675g","p":4.45,"u":"6,59 €/KG","img":"https://fd8-photos.leclercdrive.fr/image.ashx?id=2949085&use=l&cat=p&typeid=i","cat":309513},{"id":227324,"n":"Gousse de vanille La Patelière Boubon - 3g","p":4.28,"img":"https://fd8-photos.leclercdrive.fr/image.ashx?id=2906331&use=l&cat=p&typeid=i","cat":284504},{"id":227329,"n":"P'tite céréale Nestlé 415g","p":3.19,"u":"7,69 €/KG","img":"https://fd8-photos.leclercdrive.fr/image.ashx?id=2700770&use=l&cat=p&typeid=i","cat":312225},{"id":227337,"n":"Pépites  chocolat La Patelière 100g","p":2.66,"u":"26,60 €/KG","img":"https://fd8-photos.leclercdrive.fr/image.ashx?id=2906328&use=l&cat=p&typeid=i","cat":284504},{"id":227339,"n":"Capsules Nescafé Dolce Gusto  Lungo - x16","p":4.51,"u":"50,11 €/KG","img":"https://fd8-photos.leclercdrive.fr/image.ashx?id=2907716&use=l&cat=p&typeid=i","cat":293239},{"id":227341,"n":"Céréales Lion Nestlé 1.05kg","p":6.08,"u":"6,08 €/KG","img":"https://fd8-photos.leclercdrive.fr/image.ashx?id=2995433&use=l&cat=p&typeid=i","cat":309513},{"id":227347,"n":"Déodorant Spray L'Oréal Paris Men Expert 48h - 150ml","p":2.79,"u":"18,60 €/L","img":"https://fd8-photos.leclercdrive.fr/image.ashx?id=2802509&use=l&cat=p&typeid=i","cat":284618},{"id":227351,"n":"Déodorant compressé 48h Ushuaïa Monoï de Polynésie - 100ml","p":3.3,"u":"33,00 €/L","img":"https://fd8-photos.leclercdrive.fr/image.ashx?id=2763580&use=l&cat=p&typeid=i","cat":284595},{"id":227352,"n":"Céréales Chocapic  645g","p":4.46,"u":"6,91 €/KG","img":"https://fd8-photos.leclercdrive.fr/image.ashx?id=2977732&use=l&cat=p&typeid=i","cat":309513},{"id":227372,"n":"Céréales Lion 675g","p":4.47,"u":"6,62 €/KG","img":"https://fd8-photos.leclercdrive.fr/image.ashx?id=2997256&use=l&cat=p&typeid=i","cat":309513},{"id":227373,"n":"Gelée de viande Eco+ 12x100g","p":2.99,"u":"2,49 €/KG","img":"https://fd8-photos.leclercdrive.fr/image.ashx?id=2744216&use=l&cat=p&typeid=i","cat":285286},{"id":227374,"n":"Céréales Chocapic 375g","p":2.85,"u":"7,60 €/KG","img":"https://fd8-photos.leclercdrive.fr/image.ashx?id=2977408&use=l&cat=p&typeid=i","cat":309513},{"id":227375,"n":"Capsule Nescafé Farmers Origins  Brazil Int 8 - x10","p":2.32,"u":"52,73 €/KG","img":"https://fd8-photos.leclercdrive.fr/image.ashx?id=2952166&use=l&cat=p&typeid=i","cat":284749},{"id":227376,"n":"Croquette Friskies Vitafit  Boeuf - 3kg","p":7.22,"u":"2,41 €/KG","img":"https://fd8-photos.leclercdrive.fr/image.ashx?id=2986999&use=l&cat=p&typeid=i","cat":284672},{"id":227377,"n":"Croquette Friskies Vitafit Boeuf - 12kg","p":25.06,"img":"https://fd8-photos.leclercdrive.fr/image.ashx?id=2986984&use=l&cat=p&typeid=i","cat":284672},{"id":227378,"n":"Croquettes Friskies junior Poulet & legumes - 1.5kg","p":5.37,"u":"3,58 €/KG","img":"https://fd8-photos.leclercdrive.fr/image.ashx?id=2699612&use=l&cat=p&typeid=i","cat":284680},{"id":227391,"n":"Croquettes Friskies Saumon & legumes - 3 kg","p":10.22,"u":"3,41 €/KG","img":"https://fd8-photos.leclercdrive.fr/image.ashx?id=2940615&use=l&cat=p&typeid=i","cat":284680},{"id":227397,"n":"Croquettes Friskies  Dinde & legumes - 1.5kg","p":5.37,"u":"3,58 €/KG","img":"https://fd8-photos.leclercdrive.fr/image.ashx?id=2699621&use=l&cat=p&typeid=i","cat":284680},{"id":227400,"n":"Croquettes chat Friskies Saumon et legumes - 1.5 kg","p":5.39,"u":"3,59 €/KG","img":"https://fd8-photos.leclercdrive.fr/image.ashx?id=2940600&use=l&cat=p&typeid=i","cat":284680},{"id":227406,"n":"Déodorant stick Rexona Sensitive dry - 45ml","p":4.9,"u":"108,89 €/L","img":"https://fd8-photos.leclercdrive.fr/image.ashx?id=2906880&use=l&cat=p&typeid=i","cat":284595},{"id":227409,"n":"Gel douche Le Petit Marseillais Mangue Bio et passion 650ml","p":3.99,"u":"6,14 €/L","img":"https://fd8-photos.leclercdrive.fr/image.ashx?id=2700497&use=l&cat=p&typeid=i","cat":284594},{"id":227410,"n":"Gel douche Le Petit Marseillais Mimosa et Citron bio - 250ml","p":1.75,"u":"7,00 €/L","img":"https://fd8-photos.leclercdrive.fr/image.ashx?id=2700500&use=l&cat=p&typeid=i","cat":284594},{"id":227411,"n":"Dentifrice Sensodyne  Soin blancheur - 2x75ml","p":5.63,"u":"18,77 €/L","img":"https://fd8-photos.leclercdrive.fr/image.ashx?id=3000378&use=l&cat=p&typeid=i","cat":284612},{"id":227426,"n":"Boîte mouchoirs Lotus Classic+ - Pur Blanc - 2x80","p":3.12,"u":"0,02 €/P","img":"https://fd8-photos.leclercdrive.fr/image.ashx?id=2700701&use=l&cat=p&typeid=i","cat":284638},{"id":227445,"n":"Riz basmati Taureau Ailé Nature - 220g","p":1.74,"u":"7,91 €/KG","img":"https://fd8-photos.leclercdrive.fr/image.ashx?id=2916327&use=l&cat=p&typeid=i","cat":287600},{"id":227507,"n":"Capsule Nescafé Farmers Origins  India Int 9 - x10","p":2.32,"u":"52,73 €/KG","img":"https://fd8-photos.leclercdrive.fr/image.ashx?id=2952169&use=l&cat=p&typeid=i","cat":284749},{"id":227512,"n":"Chips Savour  Sel de guerande - 120g","p":1.48,"u":"12,33 €/KG","img":"https://fd8-photos.leclercdrive.fr/image.ashx?id=2743828&use=l&cat=p&typeid=i","cat":284447},{"id":227514,"n":"Chips Savour Sweet Chili - 120g","p":1.79,"u":"14,92 €/KG","img":"https://fd8-photos.leclercdrive.fr/image.ashx?id=2743825&use=l&cat=p&typeid=i","cat":284447},{"id":227515,"n":"Chips Savour Vinaigre de cidre - 120g","p":1.71,"u":"14,25 €/KG","img":"https://fd8-photos.leclercdrive.fr/image.ashx?id=2743822&use=l&cat=p&typeid=i","cat":284447},{"id":227516,"n":"Chips Savour Cheddar & Ciboulette - 120g","p":1.75,"u":"14,58 €/KG","img":"https://fd8-photos.leclercdrive.fr/image.ashx?id=2743819&use=l&cat=p&typeid=i","cat":284447},{"id":227520,"n":"Chips Lay's Sel & vinaigre - 130g","p":1.34,"u":"10,31 €/KG","img":"https://fd8-photos.leclercdrive.fr/image.ashx?id=3011161&use=l&cat=p&typeid=i","cat":284447},{"id":227532,"n":"Chips Lay's Barbecue - 250g","p":1.98,"u":"7,92 €/KG","img":"https://fd8-photos.leclercdrive.fr/image.ashx?id=2994488&use=l&cat=p&typeid=i","cat":284447},{"id":227595,"n":"Jambon Fleury Michon  Simplement Bon x10 - 350g","p":4.79,"u":"13,69 €/KG","img":"https://fd8-photos.leclercdrive.fr/image.ashx?id=2842699&use=l&cat=p&typeid=i","cat":316009},{"id":227600,"n":"Croquettes chat Friskies Boeuf, poulet et légumes - 3kg","p":10.22,"u":"3,41 €/KG","img":"https://fd8-photos.leclercdrive.fr/image.ashx?id=2940603&use=l&cat=p&typeid=i","cat":284680},{"id":227602,"n":"Croquettes Friskies  Poulet & légumes  1,5 kg","p":5.5,"u":"3,67 €/KG","img":"https://fd8-photos.leclercdrive.fr/image.ashx?id=2701400&use=l&cat=p&typeid=i","cat":284680},{"id":227603,"n":"Croquettes chat stérilisé Friskies Agneau légumes - 1.5kg","p":5.59,"u":"3,73 €/KG","img":"https://fd8-photos.leclercdrive.fr/image.ashx?id=2701064&use=l&cat=p&typeid=i","cat":284680},{"id":227605,"n":"Croquettes petit chien Friskies Poulet & légumes - 1.5kg","p":5.05,"u":"3,37 €/KG","img":"https://fd8-photos.leclercdrive.fr/image.ashx?id=2986314&use=l&cat=p&typeid=i","cat":294526},{"id":227608,"n":"Croquettes Friskies Junior  Poulet avec du lait - 3kg","p":8.68,"u":"2,89 €/KG","img":"https://fd8-photos.leclercdrive.fr/image.ashx?id=2986900&use=l&cat=p&typeid=i","cat":284672},{"id":227612,"n":"Croquettes chien light Friskies Poulet & légumes - 3kg","p":8.55,"u":"2,85 €/KG","img":"https://fd8-photos.leclercdrive.fr/image.ashx?id=2987002&use=l&cat=p&typeid=i","cat":284672},{"id":227626,"n":"Barres chocolatées Mars  x7 - 315g","p":2.89,"u":"9,17 €/KG","img":"https://fd8-photos.leclercdrive.fr/image.ashx?id=2701043&use=l&cat=p&typeid=i","cat":284498},{"id":227629,"n":"Barres chocolatées Snickers x7 - 350g","p":3.29,"u":"9,40 €/KG","img":"https://fd8-photos.leclercdrive.fr/image.ashx?id=2701040&use=l&cat=p&typeid=i","cat":284498},{"id":227633,"n":"Barres chocolatées Twix  x10 -210g","p":2.25,"u":"10,71 €/KG","img":"https://fd8-photos.leclercdrive.fr/image.ashx?id=2980091&use=l&cat=p&typeid=i","cat":284498},{"id":227637,"n":"Canard WC Fresh disc Tropical - 1 appli + 6 disques","p":2.99,"img":"https://fd8-photos.leclercdrive.fr/image.ashx?id=2845578&use=l&cat=p&typeid=i","cat":284662},{"id":227645,"n":"Barres Bounty chocolat & noix de coco x5 - 285g","p":2.77,"u":"9,72 €/KG","img":"https://fd8-photos.leclercdrive.fr/image.ashx?id=2701022&use=l&cat=p&typeid=i","cat":284498},{"id":227657,"n":"Soda Fanta Orange Sans Sucres  Canette - Pack 6x33cl","p":3.29,"u":"1,66 €/L","img":"https://fd8-photos.leclercdrive.fr/image.ashx?id=2701361&use=l&cat=p&typeid=i","cat":284532},{"id":227671,"n":"Bière aromatisée Desperados Tropical -  6X33cl","p":10.83,"u":"5,47 €/L","img":"https://fd8-photos.leclercdrive.fr/image.ashx?id=2701142&use=l&cat=p&typeid=i","cat":334878},{"id":227684,"n":"Barres chocolatées Twix x7 - 350g","p":3.22,"u":"9,20 €/KG","img":"https://fd8-photos.leclercdrive.fr/image.ashx?id=2701028&use=l&cat=p&typeid=i","cat":284498},{"id":227690,"n":"Parfum de linge Lenor Ambre orchidée x19D - 235g","p":6.68,"u":"28,43 €/KG","img":"https://fd8-photos.leclercdrive.fr/image.ashx?id=2839457&use=l&cat=p&typeid=i","cat":325302},{"id":227701,"n":"Chocolat Pâtissier Nestlé Dessert Blanc - 170g","p":3.03,"u":"17,82 €/KG","img":"https://fd8-photos.leclercdrive.fr/image.ashx?id=2895062&use=l&cat=p&typeid=i","cat":284957},{"id":227702,"n":"Fromage enfant La Vache qui rit Pik&Croq 8 portions - 280g","p":3.32,"u":"11,86 €/KG","img":"https://fd8-photos.leclercdrive.fr/image.ashx?id=2945436&use=l&cat=p&typeid=i","cat":314030},{"id":227719,"n":"Jambon cuit supérieur découenné L'Atelier Charcuterie x4 - 220g","p":3.8,"u":"17,27 €/KG","img":"https://fd8-photos.leclercdrive.fr/image.ashx?id=2907413&use=l&cat=p&typeid=i","cat":316009},{"id":227722,"n":"Jambon cuit découenné L'Atelier Charcuterie x2 - 110g","p":2.21,"u":"20,09 €/KG","img":"https://fd8-photos.leclercdrive.fr/image.ashx?id=2999036&use=l&cat=p&typeid=i","cat":316009},{"id":227723,"n":"Jambon cuit supérieur -25% sel L'Atelier Charcuterie x4 - 220g","p":4.57,"u":"20,77 €/KG","img":"https://fd8-photos.leclercdrive.fr/image.ashx?id=2909356&use=l&cat=p&typeid=i","cat":316009},{"id":227737,"n":"Capsule Nescafé Farmers Origins  Colombia Int 6 - x10","p":2.87,"u":"65,23 €/KG","img":"https://fd8-photos.leclercdrive.fr/image.ashx?id=2701968&use=l&cat=p&typeid=i","cat":284749},{"id":227738,"n":"Capsule Nescafé Farmers Origins  Africas Int 10 - x10","p":2.32,"u":"52,73 €/KG","img":"https://fd8-photos.leclercdrive.fr/image.ashx?id=2952172&use=l&cat=p&typeid=i","cat":284749},{"id":227739,"n":"Capsule Nescafé Farmers Origins  Colombia Décaféiné Int 6 - x10","p":2.85,"u":"53,77 €/KG","img":"https://fd8-photos.leclercdrive.fr/image.ashx?id=2701977&use=l&cat=p&typeid=i","cat":284749},{"id":227740,"n":"Capsule Nescafé Farmers Origins  Brazil Int 8 - x18","p":4.46,"u":"56,46 €/KG","img":"https://fd8-photos.leclercdrive.fr/image.ashx?id=3001521&use=l&cat=p&typeid=i","cat":284749},{"id":227744,"n":"Capsule Nescafé Farmers Origins  Andes Int 5 - x10","p":2.84,"u":"64,55 €/KG","img":"https://fd8-photos.leclercdrive.fr/image.ashx?id=2701965&use=l&cat=p&typeid=i","cat":284749},{"id":227766,"n":"Diffuseur électrique Pyrel Eucalyptus - 45 nuits - 32ml","p":8.04,"u":"Dont 0,02 € d'éco-part.","img":"https://fd8-photos.leclercdrive.fr/image.ashx?id=2973967&use=l&cat=p&typeid=i","cat":311629},{"id":227767,"n":"Gel douche Men Expert Barber club - 300ml","p":3.37,"u":"11,23 €/L","img":"https://fd8-photos.leclercdrive.fr/image.ashx?id=3008773&use=l&cat=p&typeid=i","cat":284619},{"id":227780,"n":"Liqueur GET Menthe & Citrons 17,9° - 70cl","p":12.99,"u":"18,56 €/L","img":"https://fd8-photos.leclercdrive.fr/image.ashx?id=2840629&use=l&cat=p&typeid=i","cat":286032},{"id":227792,"n":"Café en capsules Carte Noire Espresso classique N°7 x60 330g","p":15.34,"u":"46,48 €/KG","img":"https://fd8-photos.leclercdrive.fr/image.ashx?id=2750651&use=l&cat=p&typeid=i","cat":284749},{"id":227793,"n":"Café en capsules Carte Noire  Espresso décaféiné x30 171g","p":9.37,"u":"54,80 €/KG","img":"https://fd8-photos.leclercdrive.fr/image.ashx?id=2873447&use=l&cat=p&typeid=i","cat":284749},{"id":227818,"n":"Fromage enfant La Vache qui rit Pik&Croq 5 portions - 175g","p":2.39,"u":"13,66 €/KG","img":"https://fd8-photos.leclercdrive.fr/image.ashx?id=2945433&use=l&cat=p&typeid=i","cat":314030},{"id":227819,"n":"Biscotte Pasquier Blé complet x64 - 550g","p":2.86,"u":"5,20 €/KG","img":"https://fd8-photos.leclercdrive.fr/image.ashx?id=2702807&use=l&cat=p&typeid=i","cat":284479},{"id":227824,"n":"Pépites chocolats La Pateliere 100g","p":2.42,"u":"24,20 €/KG","img":"https://fd8-photos.leclercdrive.fr/image.ashx?id=2701800&use=l&cat=p&typeid=i","cat":284504},{"id":227831,"n":"Spray Nettoyant Menager Cif  Anti-calcaire Universel 750 ml","p":2.71,"u":"3,61 €/L","img":"https://fd8-photos.leclercdrive.fr/image.ashx?id=2890520&use=l&cat=p&typeid=i","cat":325362},{"id":227835,"n":"Baby carottes Notre Jardin 250g","p":1.59,"u":"6,36 €/KG","img":"https://fd8-photos.leclercdrive.fr/image.ashx?id=2854255&use=l&cat=p&typeid=i","cat":284352},{"id":227845,"n":"Oeufs Bio Village Bio x15","p":5.09,"u":"0,34 €/P","img":"https://fd8-photos.leclercdrive.fr/image.ashx?id=2708952&use=l&cat=p&typeid=i","cat":284378},{"id":227884,"n":"Bâtonnet Magnum White choco Cookie - x3 - 222g","p":2.62,"u":"11,80 €/KG","img":"https://fd8-photos.leclercdrive.fr/image.ashx?id=2793071&use=l&cat=p&typeid=i","cat":284265},{"id":227894,"n":"Bâtonnet Magnum Caramel salé Amandes x3 - 222g","p":2.55,"u":"11,49 €/KG","img":"https://fd8-photos.leclercdrive.fr/image.ashx?id=2793038&use=l&cat=p&typeid=i","cat":284265},{"id":227896,"n":"Glace Carte d'Or Les Essentiels Vanille de Madagascar 700ml","p":2.9,"u":"7,90 €/KG","img":"https://fd8-photos.leclercdrive.fr/image.ashx?id=2831149&use=l&cat=p&typeid=i","cat":284263},{"id":227897,"n":"Glace Bâtonnet MAGNUM Amande 4x100ml","p":2.65,"u":"8,83 €/KG","img":"https://fd8-photos.leclercdrive.fr/image.ashx?id=2849364&use=l&cat=p&typeid=i","cat":284265},{"id":227898,"n":"Bâtonnet Magnum Classic x4 - 300g","p":3.21,"u":"10,70 €/KG","img":"https://fd8-photos.leclercdrive.fr/image.ashx?id=2966794&use=l&cat=p&typeid=i","cat":284265},{"id":227900,"n":"Glace Bâtonnet MAGNUM Chocolat Blanc 4x100ml","p":3.14,"u":"10,68 €/KG","img":"https://fd8-photos.leclercdrive.fr/image.ashx?id=3011944&use=l&cat=p&typeid=i","cat":284265},{"id":227901,"n":"Bâtonnet Magnum Fraise et blanc - x4 - 324g","p":3.44,"u":"10,62 €/KG","img":"https://fd8-photos.leclercdrive.fr/image.ashx?id=3009293&use=l&cat=p&typeid=i","cat":284265},{"id":227902,"n":"Batonnets glace Magnum Chocolat Blanc Amande x4 - 300g","p":3.12,"u":"10,40 €/KG","img":"https://fd8-photos.leclercdrive.fr/image.ashx?id=3009296&use=l&cat=p&typeid=i","cat":284265},{"id":227903,"n":"Glace Bâtonnet MAGNUM Amande 8x100ml","p":5.48,"u":"9,13 €/KG","img":"https://fd8-photos.leclercdrive.fr/image.ashx?id=3009299&use=l&cat=p&typeid=i","cat":284265},{"id":227905,"n":"Bâtonnet Magnum Chocolat blanc x8 - 588g","p":5.92,"u":"10,07 €/KG","img":"https://fd8-photos.leclercdrive.fr/image.ashx?id=2805663&use=l&cat=p&typeid=i","cat":284265},{"id":227906,"n":"Glace Bâtonnet Mini MAGNUM Amande 6x55ml","p":2.77,"u":"10,41 €/KG","img":"https://fd8-photos.leclercdrive.fr/image.ashx?id=2843544&use=l&cat=p&typeid=i","cat":284265},{"id":227907,"n":"Glace Bâtonnet MAGNUM Classique 6x55ml","p":2.77,"u":"11,12 €/KG","img":"https://fd8-photos.leclercdrive.fr/image.ashx?id=2967968&use=l&cat=p&typeid=i","cat":284265},{"id":227908,"n":"Mini bâtonnet Magnum Chocolat blanc Amande x6 - 257g","p":3.23,"u":"12,57 €/KG","img":"https://fd8-photos.leclercdrive.fr/image.ashx?id=2849367&use=l&cat=p&typeid=i","cat":284265},{"id":227911,"n":"Adoucissant Lenor Fraicheur  matinal x60 - 0.84L","p":7.25,"u":"8,63 €/L","img":"https://fd8-photos.leclercdrive.fr/image.ashx?id=2722234&use=l&cat=p&typeid=i","cat":284650},{"id":227918,"n":"Pois chiches Eco+ - 265g","p":0.67,"u":"2,53 €/KG","img":"https://fd8-photos.leclercdrive.fr/image.ashx?id=3003747&use=l&cat=p&typeid=i","cat":312609},{"id":227960,"n":"Concentré cola sans sucres Sodastream - 440ml","p":4.99,"u":"11,34 €/L","img":"https://fd8-photos.leclercdrive.fr/image.ashx?id=2703155&use=l&cat=p&typeid=i","cat":295020},{"id":227961,"n":"Concentré cola light Sodastream - 440ml","p":4.99,"u":"11,34 €/L","img":"https://fd8-photos.leclercdrive.fr/image.ashx?id=2703332&use=l&cat=p&typeid=i","cat":295020},{"id":227962,"n":"Concentré agrumes sans sucres Sodastream - 440ml","p":4.99,"u":"11,34 €/L","img":"https://fd8-photos.leclercdrive.fr/image.ashx?id=2871133&use=l&cat=p&typeid=i","cat":295020},{"id":227963,"n":"Tartines croustillantes Wasa Flocons d'avoine - 265g","p":2.82,"u":"10,64 €/KG","img":"https://fd8-photos.leclercdrive.fr/image.ashx?id=2749527&use=l&cat=p&typeid=i","cat":284479},{"id":227964,"n":"Tartines croustillantes Wasa Sensation graines de chia -245g","p":2.82,"u":"11,51 €/KG","img":"https://fd8-photos.leclercdrive.fr/image.ashx?id=2749524&use=l&cat=p&typeid=i","cat":284479},{"id":227973,"n":"Concentré saveur citron sans Sucres - Sodastream - 440ml","p":4.99,"u":"11,34 €/L","img":"https://fd8-photos.leclercdrive.fr/image.ashx?id=2765363&use=l&cat=p&typeid=i","cat":295020},{"id":227978,"n":"Concentré Sodastream Menthe sans sucres - 440ml","p":4.99,"u":"11,34 €/L","img":"https://fd8-photos.leclercdrive.fr/image.ashx?id=2765372&use=l&cat=p&typeid=i","cat":295020},{"id":227994,"n":"Concentré adoucissant Soupline Mandarine Vanille - 2x1,28L","p":10.69,"u":"4,18 €/L","img":"https://fd8-photos.leclercdrive.fr/image.ashx?id=2706683&use=l&cat=p&typeid=i","cat":284650},{"id":228007,"n":"Concentré adoucissant Soupline Ultra 3D hypoallergénique  2,7L","p":10.1,"u":"3,74 €/L","img":"https://fd8-photos.leclercdrive.fr/image.ashx?id=2703876&use=l&cat=p&typeid=i","cat":284650},{"id":228008,"n":"Concentré adoucissant Soupline Ultra 3D lavande - x2 2,7L","p":10.77,"u":"3,99 €/L","img":"https://fd8-photos.leclercdrive.fr/image.ashx?id=2703879&use=l&cat=p&typeid=i","cat":284650},{"id":228103,"n":"Thé glacé Lipton Ice Tea Pêche Zéro sucres - canettes 6x33cl","p":3.65,"u":"1,84 €/L","img":"https://fd8-photos.leclercdrive.fr/image.ashx?id=2959442&use=l&cat=p&typeid=i","cat":295019},{"id":228126,"n":"Noix de cajou grillées 200g","p":3.87,"u":"19,35 €/KG","img":"https://fd8-photos.leclercdrive.fr/image.ashx?id=2713664&use=l&cat=p&typeid=i","cat":284357},{"id":228192,"n":"Coca-cola sans sucre Sans caféine  - 6x20cl","p":3.68,"u":"3,07 €/L","img":"https://fd8-photos.leclercdrive.fr/image.ashx?id=3009062&use=l&cat=p&typeid=i","cat":284530},{"id":228193,"n":"Tropico original Orange ananas - 1.75L","p":2.22,"u":"1,27 €/L","img":"https://fd8-photos.leclercdrive.fr/image.ashx?id=2705731&use=l&cat=p&typeid=i","cat":295018},{"id":228194,"n":"Thé glacé Oasis Ice Tea Saveur Mangue Passion - 1,5L","p":1.85,"u":"1,23 €/L","img":"https://fd8-photos.leclercdrive.fr/image.ashx?id=2705040&use=l&cat=p&typeid=i","cat":295019},{"id":228198,"n":"Sirop Frucci Grenadine - 1.3L","p":3.28,"u":"2,52 €/L","img":"https://fd8-photos.leclercdrive.fr/image.ashx?id=2909921&use=l&cat=p&typeid=i","cat":295020},{"id":228199,"n":"Sirop Frucci Menthe - 1.3L","p":3.02,"u":"2,32 €/L","img":"https://fd8-photos.leclercdrive.fr/image.ashx?id=2898038&use=l&cat=p&typeid=i","cat":295020},{"id":228205,"n":"Nettoyant ménager AJAX Air frais coquelicots - 1.25L","p":2.28,"u":"1,82 €/L","img":"https://fd8-photos.leclercdrive.fr/image.ashx?id=2944473&use=l&cat=p&typeid=i","cat":284907},{"id":228206,"n":"Pâte à pizza Croustipate prête à dérouler - 300g","p":1.72,"u":"5,73 €/KG","img":"https://fd8-photos.leclercdrive.fr/image.ashx?id=2902058&use=l&cat=p&typeid=i","cat":333681},{"id":228279,"n":"Ratatouille cuisinée Cassegrain À la provençale - 3x380g","p":8.94,"u":"7,84 €/KG","img":"https://fd8-photos.leclercdrive.fr/image.ashx?id=2962119&use=l&cat=p&typeid=i","cat":312612},{"id":228396,"n":"Thé glacé Lipton Ice Tea Pêche - 6x33cl","p":3.17,"u":"1,60 €/L","img":"https://fd8-photos.leclercdrive.fr/image.ashx?id=2852471&use=l&cat=p&typeid=i","cat":295019},{"id":228405,"n":"Fromage frais  Atelier Blini Saumon - 140g","p":2.79,"u":"19,93 €/KG","img":"https://fd8-photos.leclercdrive.fr/image.ashx?id=3008329&use=l&cat=p&typeid=i","cat":315999},{"id":228460,"n":"Capsules lave-vaisselle Sun Tout-en-1 Absolu Plus 390g x26","p":8.68,"u":"22,26 €/KG","img":"https://fd8-photos.leclercdrive.fr/image.ashx?id=2960282&use=l&cat=p&typeid=i","cat":284656},{"id":228461,"n":"Spray Nettoyant Menager Cif  Cleanboost Technology - 750 ml","p":2.6,"u":"3,47 €/L","img":"https://fd8-photos.leclercdrive.fr/image.ashx?id=2866214&use=l&cat=p&typeid=i","cat":325357},{"id":228462,"n":"Spray Nettoyant 5-en-1 Cif Cuisine & Salle de Bain 750ml","p":2.07,"u":"2,76 €/L","img":"https://fd8-photos.leclercdrive.fr/image.ashx?id=2999336&use=l&cat=p&typeid=i","cat":325357},{"id":228463,"n":"Liquide vaisselle mini Paic Citron - 500ml","p":1.29,"u":"2,58 €/L","img":"https://fd8-photos.leclercdrive.fr/image.ashx?id=2708020&use=l&cat=p&typeid=i","cat":284655},{"id":228464,"n":"Recharge Adoucissant Soupline Grand Air - 1L - x45","p":3.3,"u":"3,30 €/L","img":"https://fd8-photos.leclercdrive.fr/image.ashx?id=2860598&use=l&cat=p&typeid=i","cat":284650},{"id":228465,"n":"Nettoyant ménager Ajax Fête des fleurs muguets 1.25L","p":2.8,"u":"2,24 €/L","img":"https://fd8-photos.leclercdrive.fr/image.ashx?id=2926072&use=l&cat=p&typeid=i","cat":284907},{"id":228466,"n":"Liquide vaisselle et mains Paic Citron - 500ml","p":2.02,"u":"4,04 €/L","img":"https://fd8-photos.leclercdrive.fr/image.ashx?id=2708038&use=l&cat=p&typeid=i","cat":284655},{"id":228467,"n":"Spray nettoyant ménager Ajax Salle de bain - 500ml","p":2.76,"u":"5,52 €/L","img":"https://fd8-photos.leclercdrive.fr/image.ashx?id=2708041&use=l&cat=p&typeid=i","cat":325357},{"id":228468,"n":"Spray nettoyant ménager Ajax Multi-surfaces - 500ml","p":2.77,"u":"5,54 €/L","img":"https://fd8-photos.leclercdrive.fr/image.ashx?id=2708044&use=l&cat=p&typeid=i","cat":325357},{"id":228469,"n":"Perles de linge Soupline Grand Air - 230g","p":6.9,"u":"30,00 €/KG","img":"https://fd8-photos.leclercdrive.fr/image.ashx?id=2708032&use=l&cat=p&typeid=i","cat":325302},{"id":228477,"n":"Brosse à dents Signal Triple Action - Medium - x4","p":1.52,"u":"0,38 €/P","img":"https://fd8-photos.leclercdrive.fr/image.ashx?id=2708310&use=l&cat=p&typeid=i","cat":284614},{"id":228480,"n":"Gel Douche Dove Advanced Care Nutrition Intense 225ml","p":3.02,"u":"13,42 €/L","img":"https://fd8-photos.leclercdrive.fr/image.ashx?id=2968580&use=l&cat=p&typeid=i","cat":284594},{"id":228481,"n":"Gel Douche Dove Advanced Care Nutrition Intense 400ml","p":5.71,"u":"14,28 €/L","img":"https://fd8-photos.leclercdrive.fr/image.ashx?id=2991036&use=l&cat=p&typeid=i","cat":284594},{"id":228484,"n":"Gel Douche Dove Hydratant 450ml","p":4.77,"u":"10,60 €/L","img":"https://fd8-photos.leclercdrive.fr/image.ashx?id=2993499&use=l&cat=p&typeid=i","cat":284594},{"id":228490,"n":"Lessive liquide Le Chat  L'Expert bicarbonate x66 -2.97L","p":15.25,"u":"5,13 €/L","img":"https://fd8-photos.leclercdrive.fr/image.ashx?id=2877781&use=l&cat=p&typeid=i","cat":284640},{"id":228499,"n":"Lessive liquide X-tra Total 4 en 1 x63 - 2.835L","p":8.65,"u":"3,05 €/L","img":"https://fd8-photos.leclercdrive.fr/image.ashx?id=2921561&use=l&cat=p&typeid=i","cat":284640},{"id":228501,"n":"Lessive liquide X-tra Total Savon de Marseille x63  -2.835L","p":9.78,"u":"3,45 €/L","img":"https://fd8-photos.leclercdrive.fr/image.ashx?id=2921564&use=l&cat=p&typeid=i","cat":284640},{"id":228503,"n":"Recharge lessive Maison Verte Huiles essentielles x33 -1.485L","p":6.9,"u":"4,65 €/L","img":"https://fd8-photos.leclercdrive.fr/image.ashx?id=2890625&use=l&cat=p&typeid=i","cat":284644},{"id":228506,"n":"Lessive liquide Mir Black Raviveur noir x27 - 1.35L","p":5.84,"u":"4,33 €/L","img":"https://fd8-photos.leclercdrive.fr/image.ashx?id=2881323&use=l&cat=p&typeid=i","cat":284644},{"id":228509,"n":"Lessive liquide Mir Laine Textile délicat x27 - 1.35L","p":5.78,"u":"4,28 €/L","img":"https://fd8-photos.leclercdrive.fr/image.ashx?id=2890118&use=l&cat=p&typeid=i","cat":284644},{"id":228510,"n":"Lessive liquide Super Croix X-tra Bora Bora x42 - 1.89L","p":7.98,"u":"4,22 €/L","img":"https://fd8-photos.leclercdrive.fr/image.ashx?id=2876263&use=l&cat=p&typeid=i","cat":284640},{"id":228511,"n":"Lessive liquide Maison Verte Fraîcheur d'été - 1.485L x33","p":9.52,"u":"6,41 €/L","img":"https://fd8-photos.leclercdrive.fr/image.ashx?id=2890121&use=l&cat=p&typeid=i","cat":284640},{"id":228567,"n":"Tequila Don Julio Blanco 38° - 70cl","p":38.5,"pp":34.65,"u":"49,50 €/L","img":"https://fd8-photos.leclercdrive.fr/image.ashx?id=2785034&use=l&cat=p&typeid=i","cat":284550},{"id":228631,"n":"Soda Coca-Cola Sans Sucres Canette - Pack 6x20CL","p":3.47,"u":"2,89 €/L","img":"https://fd8-photos.leclercdrive.fr/image.ashx?id=2709352&use=l&cat=p&typeid=i","cat":284530},{"id":228746,"n":"Palets aux éclats caramel salé Au beurre - 250g","p":4.04,"u":"16,16 €/KG","img":"https://fd8-photos.leclercdrive.fr/image.ashx?id=2710119&use=l&cat=p&typeid=i","cat":284487},{"id":228837,"n":"Haricots rouges Eco+ 250g","p":0.55,"u":"2,20 €/KG","img":"https://fd8-photos.leclercdrive.fr/image.ashx?id=3003750&use=l&cat=p&typeid=i","cat":312606},{"id":228862,"n":"Lait bébé Candia Baby croissance 3ème âge - 18x25cl","p":10.57,"u":"2,35 €/L","img":"https://fd8-photos.leclercdrive.fr/image.ashx?id=2963367&use=l&cat=p&typeid=i","cat":284728},{"id":228932,"n":"Lait croissance Guigoz Optipro 3 - 6x500ml","p":9.18,"u":"3,06 €/L","img":"https://fd8-photos.leclercdrive.fr/image.ashx?id=2712139&use=l&cat=p&typeid=i","cat":284728},{"id":228934,"n":"P'tit brassé Pomme  Nestlé Framboise céréale 2X115g","p":1.75,"u":"7,61 €/KG","img":"https://fd8-photos.leclercdrive.fr/image.ashx?id=2712130&use=l&cat=p&typeid=i","cat":312392},{"id":228953,"n":"Boisson Gazeuse Maison Perrier Magnetic Juice Ananas 4x25cl","p":2.83,"u":"2,83 €/L","img":"https://fd8-photos.leclercdrive.fr/image.ashx?id=2924890&use=l&cat=p&typeid=i","cat":284536},{"id":228954,"n":"Boisson Gazeuse Maison Perrier Magnetic Juice Pêche 4x25cl","p":2.84,"u":"2,84 €/L","img":"https://fd8-photos.leclercdrive.fr/image.ashx?id=2924887&use=l&cat=p&typeid=i","cat":284536},{"id":228964,"n":"P'tite céréales  Vanille - 270g","p":3.21,"u":"11,89 €/KG","img":"https://fd8-photos.leclercdrive.fr/image.ashx?id=2737777&use=l&cat=p&typeid=i","cat":312225},{"id":228970,"n":"Chips Tortilla Doritos Chili - 250g","p":2.71,"u":"10,84 €/KG","img":"https://fd8-photos.leclercdrive.fr/image.ashx?id=2959439&use=l&cat=p&typeid=i","cat":287899},{"id":228972,"n":"Chips Tortilla Doritos Cheese - 250g","p":2.53,"u":"10,12 €/KG","img":"https://fd8-photos.leclercdrive.fr/image.ashx?id=2901788&use=l&cat=p&typeid=i","cat":287899},{"id":228974,"n":"Chips Tortilla Doritos Nature corn - 250g","p":2.98,"u":"11,92 €/KG","img":"https://fd8-photos.leclercdrive.fr/image.ashx?id=2986224&use=l&cat=p&typeid=i","cat":287899},{"id":228976,"n":"Infusion Saveurs du soir Lipton Grand sud - 32g","p":1.19,"u":"37,19 €/KG","img":"https://fd8-photos.leclercdrive.fr/image.ashx?id=2718741&use=l&cat=p&typeid=i","cat":293234},{"id":228982,"n":"Pare-soleil latéraux Tech9 Rectangle - 100x50cm - x2","p":6.95,"img":"https://fd8-photos.leclercdrive.fr/image.ashx?id=2712364&use=l&cat=p&typeid=i","cat":298252},{"id":228983,"n":"Pare-soleil Latéraux Tech9 Arrondi - 100x50cm - x2","p":6.95,"img":"https://fd8-photos.leclercdrive.fr/image.ashx?id=2712367&use=l&cat=p&typeid=i","cat":298252},{"id":228991,"n":"Pare-soleil Tech9 Pare-brise avant - 130x60cm","p":3.2,"img":"https://fd8-photos.leclercdrive.fr/image.ashx?id=2712352&use=l&cat=p&typeid=i","cat":298252},{"id":228995,"n":"Coffret thé noir Lipton Sensations x50 - 82g","p":9.5,"pp":6.65,"u":"81,10 €/KG","img":"https://fd8-photos.leclercdrive.fr/image.ashx?id=2719636&use=l&cat=p&typeid=i","cat":293233},{"id":228996,"n":"Pare-soleil Tech9 Pare-brise avant - 175x90cm","p":6.2,"img":"https://fd8-photos.leclercdrive.fr/image.ashx?id=2712361&use=l&cat=p&typeid=i","cat":298252},{"id":229008,"n":"Herbes de provence Sainte Lucie Saveurs du sud - 62g","p":1.87,"u":"30,16 €/KG","img":"https://fd8-photos.leclercdrive.fr/image.ashx?id=2712600&use=l&cat=p&typeid=i","cat":298297},{"id":229011,"n":"Mini tortillas Old El Paso Street Vibes x8 - 220g","p":1.63,"u":"7,41 €/KG","img":"https://fd8-photos.leclercdrive.fr/image.ashx?id=2858288&use=l&cat=p&typeid=i","cat":288993},{"id":229041,"n":"Sauce pot japanese Sharwood's 415g","p":3.49,"u":"8,41 €/KG","img":"https://fd8-photos.leclercdrive.fr/image.ashx?id=2792894&use=l&cat=p&typeid=i","cat":288992},{"id":229045,"n":"Sauce de piment Mei Asia Sriracha - 455ml","p":3.14,"u":"6,90 €/L","img":"https://fd8-photos.leclercdrive.fr/image.ashx?id=2750039&use=l&cat=p&typeid=i","cat":288992},{"id":229056,"n":"Nouilles instantanées Tanoshi Blé curry - sachet 85g","p":0.9,"u":"10,59 €/KG","img":"https://fd8-photos.leclercdrive.fr/image.ashx?id=2912053&use=l&cat=p&typeid=i","cat":288992},{"id":229059,"n":"Nouilles instantannées Tanoshi Blé crevette- sachet 85g","p":0.9,"u":"10,59 €/KG","img":"https://fd8-photos.leclercdrive.fr/image.ashx?id=2912047&use=l&cat=p&typeid=i","cat":288992},{"id":229061,"n":"Sauce soja salée Tanoshi 200ml","p":2.96,"u":"14,80 €/L","img":"https://fd8-photos.leclercdrive.fr/image.ashx?id=2921603&use=l&cat=p&typeid=i","cat":288992},{"id":229062,"n":"Nouilles Ramen Tanoshi Crevettes - 360g","p":3.52,"u":"9,78 €/KG","img":"https://fd8-photos.leclercdrive.fr/image.ashx?id=2731954&use=l&cat=p&typeid=i","cat":288992},{"id":229063,"n":"Pepites 3 chocolats  Sainte Lucie - 100g","p":3.11,"u":"31,10 €/KG","img":"https://fd8-photos.leclercdrive.fr/image.ashx?id=2774349&use=l&cat=p&typeid=i","cat":284504},{"id":229065,"n":"Sauce soja  Kikkoman 1L","p":12.06,"u":"12,06 €/L","img":"https://fd8-photos.leclercdrive.fr/image.ashx?id=2849373&use=l&cat=p&typeid=i","cat":288992},{"id":229075,"n":"Florelli Pinsa Romana 230g","p":3.54,"u":"15,39 €/KG","img":"https://fd8-photos.leclercdrive.fr/image.ashx?id=2714498&use=l&cat=p&typeid=i","cat":289010},{"id":229109,"n":"Capsule Nescafé Farmers Origins Intensité 7 - x10 - 44g","p":2.82,"u":"64,09 €/KG","img":"https://fd8-photos.leclercdrive.fr/image.ashx?id=2714585&use=l&cat=p&typeid=i","cat":284749},{"id":229126,"n":"Amandes La Pateliere Decortiquées - 125g","p":2.75,"u":"22,00 €/KG","img":"https://fd8-photos.leclercdrive.fr/image.ashx?id=2758383&use=l&cat=p&typeid=i","cat":284357},{"id":229128,"n":"Nouilles Tanoshi Curry épicé cup de 65g","p":1.5,"u":"23,08 €/KG","img":"https://fd8-photos.leclercdrive.fr/image.ashx?id=2939442&use=l&cat=p&typeid=i","cat":288992},{"id":229137,"n":"Nouilles Tanoshi Poulet shitake cup de 65g","p":1.29,"u":"19,85 €/KG","img":"https://fd8-photos.leclercdrive.fr/image.ashx?id=2906208&use=l&cat=p&typeid=i","cat":288992},{"id":229149,"n":"Epices curry Sainte Lucie Madras - 34g","p":1.97,"u":"57,94 €/KG","img":"https://fd8-photos.leclercdrive.fr/image.ashx?id=2974309&use=l&cat=p&typeid=i","cat":298297},{"id":229150,"n":"Epices curry Sainte Lucy Balti - 45g","p":1.96,"u":"43,56 €/KG","img":"https://fd8-photos.leclercdrive.fr/image.ashx?id=2713886&use=l&cat=p&typeid=i","cat":298297},{"id":229156,"n":"Vin efferverscent Perlino Prosecco brut - 75cl","p":7.5,"u":"10,00 €/L","img":"https://fd8-photos.leclercdrive.fr/image.ashx?id=2873333&use=l&cat=p&typeid=i","cat":289461},{"id":229224,"n":"Glace pâte à tartiner Nutella 230g","p":3.98,"u":"17,30 €/KG","img":"https://fd8-photos.leclercdrive.fr/image.ashx?id=2905672&use=l&cat=p&typeid=i","cat":284725},{"id":229288,"n":"Glace Carte d'Or Café - 374g","p":3.04,"u":"8,13 €/KG","img":"https://fd8-photos.leclercdrive.fr/image.ashx?id=2973348&use=l&cat=p&typeid=i","cat":284263},{"id":229289,"n":"Glace Carte d'Or Chocolat Noir - 374g","p":2.84,"u":"7,59 €/KG","img":"https://fd8-photos.leclercdrive.fr/image.ashx?id=2849370&use=l&cat=p&typeid=i","cat":284263},{"id":229291,"n":"Glace Carte d'Or Rhum raisin - 394g","p":3.09,"u":"7,84 €/KG","img":"https://fd8-photos.leclercdrive.fr/image.ashx?id=3009305&use=l&cat=p&typeid=i","cat":284263},{"id":229293,"n":"Crème Glacée Carte D'Or crème  de Vanille de Madagascar 700ml","p":3.36,"u":"9,16 €/KG","img":"https://fd8-photos.leclercdrive.fr/image.ashx?id=2793062&use=l&cat=p&typeid=i","cat":284263},{"id":229414,"n":"Chocolat Poulain maxi Lait Feuilleté - 190g","p":3.03,"u":"15,95 €/KG","img":"https://fd8-photos.leclercdrive.fr/image.ashx?id=2867140&use=l&cat=p&typeid=i","cat":284497},{"id":229509,"n":"Déodorant Rexona Men  Cobalt Dry - 2x50ml","p":5.34,"u":"53,40 €/L","img":"https://fd8-photos.leclercdrive.fr/image.ashx?id=2943792&use=l&cat=p&typeid=i","cat":284618},{"id":229513,"n":"Soda 7UP Citron/citron vert zéro -6x33cl","p":3.44,"u":"1,74 €/L","img":"https://fd8-photos.leclercdrive.fr/image.ashx?id=2717553&use=l&cat=p&typeid=i","cat":284531},{"id":229517,"n":"Soda au cola Pepsi Zéro sucres Le lot de 6x33cl canettes","p":2.65,"u":"1,34 €/L","img":"https://fd8-photos.leclercdrive.fr/image.ashx?id=2773391&use=l&cat=p&typeid=i","cat":284530},{"id":229523,"n":"Thé glacé Lipton Ice Tea Pêche Le lot de 12x33cl canettes","p":6.32,"u":"1,60 €/L","img":"https://fd8-photos.leclercdrive.fr/image.ashx?id=2717550&use=l&cat=p&typeid=i","cat":295019},{"id":229524,"n":"Thé glacé pétillant Lipton Ice Tea pêche - canettes 6x33cl","p":3.66,"u":"1,85 €/L","img":"https://fd8-photos.leclercdrive.fr/image.ashx?id=2900833&use=l&cat=p&typeid=i","cat":295019},{"id":229546,"n":"Cassonade Saint Louis 1kg","p":2.56,"u":"2,56 €/KG","img":"https://fd8-photos.leclercdrive.fr/image.ashx?id=2717595&use=l&cat=p&typeid=i","cat":284502},{"id":229593,"n":"Tablettes lave-vaisselle Visior Tout en 1 citron x45 - 765g","p":5.79,"u":"7,57 €/KG","img":"https://fd8-photos.leclercdrive.fr/image.ashx?id=2954905&use=l&cat=p&typeid=i","cat":284656},{"id":229605,"n":"Vin de France rouge 75cl","p":5.3,"u":"7,07 €/L","img":"https://fd8-photos.leclercdrive.fr/image.ashx?id=2717565&use=l&cat=p&typeid=i","cat":289556},{"id":229612,"n":"Prosecco  Eco+ 75cl","p":3.99,"u":"5,32 €/L","img":"https://fd8-photos.leclercdrive.fr/image.ashx?id=2931760&use=l&cat=p&typeid=i","cat":289461},{"id":229762,"n":"Café capsules L'OR Espresso Delizioso - x50 - 260g","p":11.27,"u":"43,35 €/KG","img":"https://fd8-photos.leclercdrive.fr/image.ashx?id=2719861&use=l&cat=p&typeid=i","cat":284749},{"id":229765,"n":"Café capsules L'OR Espresso Forza - x50 - 260g","p":11.32,"u":"43,54 €/KG","img":"https://fd8-photos.leclercdrive.fr/image.ashx?id=2719864&use=l&cat=p&typeid=i","cat":284749},{"id":229769,"n":"Café capsules L'OR Espresso Ristretto - x50 - 260g","p":12.95,"u":"49,81 €/KG","img":"https://fd8-photos.leclercdrive.fr/image.ashx?id=2719867&use=l&cat=p&typeid=i","cat":284749},{"id":229770,"n":"Café capsules L'OR Espresso Splendente - x50 - 260g","p":11.41,"u":"43,88 €/KG","img":"https://fd8-photos.leclercdrive.fr/image.ashx?id=2719870&use=l&cat=p&typeid=i","cat":284749},{"id":229814,"n":"Crème fixative Polident Original 0% - 77g","p":5.72,"u":"74,29 €/KG","img":"https://fd8-photos.leclercdrive.fr/image.ashx?id=2719618&use=l&cat=p&typeid=i","cat":285158},{"id":229879,"n":"Apéritif Campari 25% vol - 70cl","p":16.37,"u":"23,39 €/L","img":"https://fd8-photos.leclercdrive.fr/image.ashx?id=3009155&use=l&cat=p&typeid=i","cat":286032},{"id":229891,"n":"Pain de mie complet Harrys Sandwich Sans sucre ajouté 600g","p":1.76,"u":"2,93 €/KG","img":"https://fd8-photos.leclercdrive.fr/image.ashx?id=2962473&use=l&cat=p&typeid=i","cat":284477},{"id":229893,"n":"Pain de mie complet Harrys Sandwich Sans sucre ajouté 900g","p":2.31,"u":"2,57 €/KG","img":"https://fd8-photos.leclercdrive.fr/image.ashx?id=2962476&use=l&cat=p&typeid=i","cat":284477},{"id":229896,"n":"Pain de mie nature Harrys American Sandwich 550g","p":1.65,"u":"3,00 €/KG","img":"https://fd8-photos.leclercdrive.fr/image.ashx?id=2962446&use=l&cat=p&typeid=i","cat":284477},{"id":229897,"n":"Pain de mie nature Harrys Sandwich Sans sucre ajouté 825g","p":2.17,"u":"2,63 €/KG","img":"https://fd8-photos.leclercdrive.fr/image.ashx?id=2962449&use=l&cat=p&typeid=i","cat":284477},{"id":229898,"n":"Pain de mie nature Harrys Sandwich Tranches épaisses 550g","p":2.02,"u":"3,67 €/KG","img":"https://fd8-photos.leclercdrive.fr/image.ashx?id=2962455&use=l&cat=p&typeid=i","cat":284477},{"id":229921,"n":"Pain de mie céréales Harrys Sandwich Sans sucre ajouté 550g","p":1.88,"u":"3,42 €/KG","img":"https://fd8-photos.leclercdrive.fr/image.ashx?id=2962452&use=l&cat=p&typeid=i","cat":284477},{"id":229982,"n":"Coulommiers Eco+ 320g","p":1.78,"u":"5,56 €/KG","img":"https://fd8-photos.leclercdrive.fr/image.ashx?id=2726824&use=l&cat=p&typeid=i","cat":314033},{"id":230150,"n":"Tablette chocolat Poulain Noir extra - 4x100g","p":4.89,"u":"12,23 €/KG","img":"https://fd8-photos.leclercdrive.fr/image.ashx?id=2867569&use=l&cat=p&typeid=i","cat":284956},{"id":230161,"n":"Tablette de chocolat Lindt Excellence noir dentelle - 100g","p":2.78,"u":"27,80 €/KG","img":"https://fd8-photos.leclercdrive.fr/image.ashx?id=2720440&use=l&cat=p&typeid=i","cat":284497},{"id":230167,"n":"Lessive liquide X-tra Total  Ecopack  x41 - 1.845L","p":6.52,"u":"3,53 €/L","img":"https://fd8-photos.leclercdrive.fr/image.ashx?id=2890124&use=l&cat=p&typeid=i","cat":284640},{"id":230171,"n":"Bière Picon 1L","p":10.3,"u":"10,30 €/L","img":"https://fd8-photos.leclercdrive.fr/image.ashx?id=2720908&use=l&cat=p&typeid=i","cat":334872},{"id":230174,"n":"Bière blonde Fischer Tradition 6% - 66cl","p":1.85,"u":"2,80 €/L","img":"https://fd8-photos.leclercdrive.fr/image.ashx?id=3008128&use=l&cat=p&typeid=i","cat":334873},{"id":230193,"n":"Nettoyant ménager La Croix Gel utra dégraissant - 1L","p":2.08,"u":"2,08 €/L","img":"https://fd8-photos.leclercdrive.fr/image.ashx?id=2721534&use=l&cat=p&typeid=i","cat":325357},{"id":230198,"n":"Gel nettoyant WC La Croix Ultra WC - 750ml","p":1.26,"u":"1,68 €/L","img":"https://fd8-photos.leclercdrive.fr/image.ashx?id=2721531&use=l&cat=p&typeid=i","cat":284662},{"id":230297,"n":"Shampooing head & Shoulder Hydrate - 400ml","p":5.86,"u":"14,65 €/L","img":"https://fd8-photos.leclercdrive.fr/image.ashx?id=2878471&use=l&cat=p&typeid=i","cat":284606},{"id":230596,"n":"Colin à la Bordelaise Findus  MSC - 380g","p":4.05,"u":"10,66 €/KG","img":"https://fd8-photos.leclercdrive.fr/image.ashx?id=2899503&use=l&cat=p&typeid=i","cat":319786},{"id":230705,"n":"Gnocchi à poêler Lustucru Jambon fromage - 500g","p":3.47,"u":"6,94 €/KG","img":"https://fd8-photos.leclercdrive.fr/image.ashx?id=2786213&use=l&cat=p&typeid=i","cat":333682},{"id":230758,"n":"Dentifrice Oral-B 3D White Arctic Fresh - 75ml","p":3.33,"u":"44,40 €/L","img":"https://fd8-photos.leclercdrive.fr/image.ashx?id=2902385&use=l&cat=p&typeid=i","cat":284612},{"id":230761,"n":"Beurre doux Paysan Breton 250g","p":2.9,"u":"11,60 €/KG","img":"https://fd8-photos.leclercdrive.fr/image.ashx?id=2959460&use=l&cat=p&typeid=i","cat":284379},{"id":230762,"n":"Brossettes Oral-B Cross Action Pro - Noire - x2","p":12.75,"u":"6,38 €/P","img":"https://fd8-photos.leclercdrive.fr/image.ashx?id=2837601&use=l&cat=p&typeid=i","cat":297133},{"id":230763,"n":"Beurre demi-sel Paysan Breton 250g","p":2.9,"u":"11,60 €/KG","img":"https://fd8-photos.leclercdrive.fr/image.ashx?id=2959463&use=l&cat=p&typeid=i","cat":284379},{"id":230775,"n":"Huile sèche Corine de Farme SPF30 - 150ml","p":8.73,"u":"58,20 €/L","img":"https://fd8-photos.leclercdrive.fr/image.ashx?id=2772119&use=l&cat=p&typeid=i","cat":325355},{"id":230777,"n":"Déodorant bille Homme Rexona Invisible Ice - 50ml","p":3.77,"u":"75,40 €/L","img":"https://fd8-photos.leclercdrive.fr/image.ashx?id=2849665&use=l&cat=p&typeid=i","cat":284618},{"id":230781,"n":"Chips Street food Vico Saveur poulet Tex Mex - 120g","p":1.24,"u":"10,33 €/KG","img":"https://fd8-photos.leclercdrive.fr/image.ashx?id=3000099&use=l&cat=p&typeid=i","cat":284447},{"id":230827,"n":"Crackers Belin Minizza  Tomate 95g","p":1.43,"u":"15,05 €/KG","img":"https://fd8-photos.leclercdrive.fr/image.ashx?id=3005317&use=l&cat=p&typeid=i","cat":297000},{"id":230830,"n":"Crackers Belin Monaco Emmental 110g","p":1.24,"u":"11,27 €/KG","img":"https://fd8-photos.leclercdrive.fr/image.ashx?id=3002228&use=l&cat=p&typeid=i","cat":297000},{"id":230855,"n":"Crackers Belin Feuilleté Emmental 95g","p":1.43,"u":"15,05 €/KG","img":"https://fd8-photos.leclercdrive.fr/image.ashx?id=3005320&use=l&cat=p&typeid=i","cat":297000},{"id":230863,"n":"Crackers Monaco Belin Emmental  170g","p":1.64,"u":"9,65 €/KG","img":"https://fd8-photos.leclercdrive.fr/image.ashx?id=3002231&use=l&cat=p&typeid=i","cat":297000},{"id":231015,"n":"Comté AOP Cave Juraflore Fort des Rousses 12 mois - 200g","p":4.42,"u":"22,10 €/KG","img":"https://fd8-photos.leclercdrive.fr/image.ashx?id=3008677&use=l&cat=p&typeid=i","cat":314034},{"id":231020,"n":"Tube harissa El Manar - 70g","p":0.67,"u":"9,57 €/KG","img":"https://fd8-photos.leclercdrive.fr/image.ashx?id=2725810&use=l&cat=p&typeid=i","cat":289013},{"id":231114,"n":"Compotes gourdes Pom'Potes 5 fruits rouges/oranges 5.76kg","p":31.45,"u":"5,46 €/KG","img":"https://fd8-photos.leclercdrive.fr/image.ashx?id=2977264&use=l&cat=p&typeid=i","cat":284508},{"id":231122,"n":"Compotes gourdes Pom'Potes 5 fruits jaunes/exotiques 5.7kg","p":31.45,"u":"5,46 €/KG","img":"https://fd8-photos.leclercdrive.fr/image.ashx?id=2977267&use=l&cat=p&typeid=i","cat":284508},{"id":231173,"n":"Pâte à pizza Croustipate XXL - 500g","p":2.28,"u":"4,56 €/KG","img":"https://fd8-photos.leclercdrive.fr/image.ashx?id=2900923&use=l&cat=p&typeid=i","cat":333681},{"id":231203,"n":"Lessive liquide Super Croix  X-tra Japon x42- 1.89L","p":8.45,"u":"4,47 €/L","img":"https://fd8-photos.leclercdrive.fr/image.ashx?id=2876272&use=l&cat=p&typeid=i","cat":284640},{"id":231282,"n":"Chips Street food Vico  Saveur tzatziki - 120g","p":1.25,"u":"10,42 €/KG","img":"https://fd8-photos.leclercdrive.fr/image.ashx?id=2985192&use=l&cat=p&typeid=i","cat":284447},{"id":231314,"n":"Arrangé Isautier Ananas vanille piment  50cl","p":15.64,"u":"31,28 €/L","img":"https://fd8-photos.leclercdrive.fr/image.ashx?id=2728477&use=l&cat=p&typeid=i","cat":284551},{"id":231368,"n":"Capsules café L'Or Espresso Supremo N°10 x30","p":9.32,"u":"59,74 €/KG","img":"https://fd8-photos.leclercdrive.fr/image.ashx?id=2788052&use=l&cat=p&typeid=i","cat":284749},{"id":231369,"n":"Capsules café L'Or Espresso Splendente N°7 x30","p":9.04,"u":"57,95 €/KG","img":"https://fd8-photos.leclercdrive.fr/image.ashx?id=2728846&use=l&cat=p&typeid=i","cat":284749},{"id":231370,"n":"Capsules café L'Or Espresso Ristretto N°11 x30","p":9.16,"u":"58,72 €/KG","img":"https://fd8-photos.leclercdrive.fr/image.ashx?id=2728843&use=l&cat=p&typeid=i","cat":284749},{"id":231371,"n":"Capsules café L'Or Espresso Forza N°9 x30","p":9.14,"u":"58,59 €/KG","img":"https://fd8-photos.leclercdrive.fr/image.ashx?id=3000468&use=l&cat=p&typeid=i","cat":284749},{"id":231372,"n":"Capsules café L'Or Espresso Delizioso N°5 x30","p":9.16,"u":"58,72 €/KG","img":"https://fd8-photos.leclercdrive.fr/image.ashx?id=2851345&use=l&cat=p&typeid=i","cat":284749},{"id":231394,"n":"Gommage Le Petit Marseillais Corps - Karité et argan - 150ml","p":4.47,"u":"29,80 €/L","img":"https://fd8-photos.leclercdrive.fr/image.ashx?id=2899428&use=l&cat=p&typeid=i","cat":325375},{"id":231406,"n":"Compotes Materne Pomme - 24x100g","p":7.62,"u":"3,18 €/KG","img":"https://fd8-photos.leclercdrive.fr/image.ashx?id=2728336&use=l&cat=p&typeid=i","cat":284508},{"id":231407,"n":"Concentré saveur limonade  Sodastream sans sucre - 440ml","p":4.99,"u":"11,34 €/L","img":"https://fd8-photos.leclercdrive.fr/image.ashx?id=2728768&use=l&cat=p&typeid=i","cat":295020},{"id":231570,"n":"Badoit bulles de fruits rouges 1l","p":1.42,"u":"1,42 €/L","img":"https://fd8-photos.leclercdrive.fr/image.ashx?id=2964676&use=l&cat=p&typeid=i","cat":284536},{"id":231571,"n":"Badoit bulles de fruits  Exotiques - 1L","p":1.45,"u":"1,45 €/L","img":"https://fd8-photos.leclercdrive.fr/image.ashx?id=2753952&use=l&cat=p&typeid=i","cat":284536},{"id":231657,"n":"Tablettes lave-vaisselle Finish Power Plus - x35","p":7.66,"u":"13,68 €/KG","img":"https://fd8-photos.leclercdrive.fr/image.ashx?id=2749431&use=l&cat=p&typeid=i","cat":284656},{"id":231658,"n":"Lessive liquide X-tra Total  4 en 1 propreté x85 - 3.825L","p":13.39,"u":"3,50 €/L","img":"https://fd8-photos.leclercdrive.fr/image.ashx?id=2740568&use=l&cat=p&typeid=i","cat":284640},{"id":231660,"n":"Lessive liquide Super Croix  X-tra Maroc x42 - 1.890L","p":8.25,"u":"4,37 €/L","img":"https://fd8-photos.leclercdrive.fr/image.ashx?id=2876275&use=l&cat=p&typeid=i","cat":284640},{"id":231690,"n":"Crème soin Mixa Cica réparatrice - 10en1 150ml","p":7.56,"u":"50,40 €/L","img":"https://fd8-photos.leclercdrive.fr/image.ashx?id=2819403&use=l&cat=p&typeid=i","cat":325350},{"id":231692,"n":"Crème corps Mixa Réparatrice - 150ml","p":3.57,"u":"23,80 €/L","img":"https://fd8-photos.leclercdrive.fr/image.ashx?id=2867557&use=l&cat=p&typeid=i","cat":325350},{"id":231694,"n":"Crème corps Mixa Réparatrice Peau sensibles  - 150ml","p":3.18,"u":"21,20 €/L","img":"https://fd8-photos.leclercdrive.fr/image.ashx?id=2892199&use=l&cat=p&typeid=i","cat":325350},{"id":231704,"n":"Lessive multi-usages St Marc  à la Résine de pin - 1,4kg","p":4.65,"u":"3,32 €/KG","img":"https://fd8-photos.leclercdrive.fr/image.ashx?id=2884645&use=l&cat=p&typeid=i","cat":325365},{"id":231706,"n":"Capsules lave-vaisselle Finish  Ultimate Citron - x42","p":9.88,"u":"18,23 €/KG","img":"https://fd8-photos.leclercdrive.fr/image.ashx?id=2749446&use=l&cat=p&typeid=i","cat":284656},{"id":231707,"n":"Capsules lave-vaisselle Finish  Ultimate - x42","p":10.03,"u":"17,66 €/KG","img":"https://fd8-photos.leclercdrive.fr/image.ashx?id=2749443&use=l&cat=p&typeid=i","cat":284656},{"id":231708,"n":"Capsules lave-vaisselle Finish  Quantum - x46","p":9.78,"u":"20,46 €/KG","img":"https://fd8-photos.leclercdrive.fr/image.ashx?id=2749440&use=l&cat=p&typeid=i","cat":284656},{"id":231709,"n":"Capsules lave-vaisselle Finish Ultimate Plus Citron - x35","p":9.4,"u":"22,01 €/KG","img":"https://fd8-photos.leclercdrive.fr/image.ashx?id=2749437&use=l&cat=p&typeid=i","cat":284656},{"id":231710,"n":"Capsules lave-vaisselle Finish Ultimate Plus - x35","p":9.86,"u":"23,09 €/KG","img":"https://fd8-photos.leclercdrive.fr/image.ashx?id=2749434&use=l&cat=p&typeid=i","cat":284656},{"id":231713,"n":"Spray nettoyant Cillit Bang Expert crasse & calcaire 750ml","p":3.64,"u":"4,85 €/L","img":"https://fd8-photos.leclercdrive.fr/image.ashx?id=2839755&use=l&cat=p&typeid=i","cat":325362},{"id":231714,"n":"Spray nettoyant Cillit Bang  Expert Anti-moisissures - 750ml","p":3.64,"u":"4,85 €/L","img":"https://fd8-photos.leclercdrive.fr/image.ashx?id=2790114&use=l&cat=p&typeid=i","cat":325357},{"id":231715,"n":"Spray nettoyant Cillit Bang  Expert Javel - 750ml","p":3.64,"u":"4,85 €/L","img":"https://fd8-photos.leclercdrive.fr/image.ashx?id=2793653&use=l&cat=p&typeid=i","cat":325357},{"id":231717,"n":"ST MARC Liquide Nettoyant Multi Usages Côtes Bretonnes - 1L","p":2.35,"u":"2,35 €/L","img":"https://fd8-photos.leclercdrive.fr/image.ashx?id=2859074&use=l&cat=p&typeid=i","cat":284907},{"id":231719,"n":"Lessive capsules Super Croix X-tra Bora Bora x28  - 336g","p":7.54,"u":"22,44 €/KG","img":"https://fd8-photos.leclercdrive.fr/image.ashx?id=2876284&use=l&cat=p&typeid=i","cat":284641},{"id":231735,"n":"Dés de jambon à l'étouffé Fleury Michon - 150g","p":1.31,"u":"8,73 €/KG","img":"https://fd8-photos.leclercdrive.fr/image.ashx?id=2740538&use=l&cat=p&typeid=i","cat":316011},{"id":231923,"n":"Liquide vaisselle Maison Verte  Dégraissant, écologique - 500ml","p":1.65,"u":"3,30 €/L","img":"https://fd8-photos.leclercdrive.fr/image.ashx?id=2890619&use=l&cat=p&typeid=i","cat":284655},{"id":232002,"n":"Whisky Ballantine's 10 ans Blended Scotch 40% vol - 70cl","p":25.49,"u":"36,41 €/L","img":"https://fd8-photos.leclercdrive.fr/image.ashx?id=2790780&use=l&cat=p&typeid=i","cat":284547},{"id":232022,"n":"Lessive capsules Super Croix  X-tra Japon x28 - 336g","p":8.37,"u":"24,91 €/KG","img":"https://fd8-photos.leclercdrive.fr/image.ashx?id=2876278&use=l&cat=p&typeid=i","cat":284641},{"id":232130,"n":"Lessive liquide Super Croix  X-tra Bora Bora x63 - 2.835L","p":13.3,"u":"4,69 €/L","img":"https://fd8-photos.leclercdrive.fr/image.ashx?id=2876269&use=l&cat=p&typeid=i","cat":284640},{"id":232136,"n":"Lessive poudre Le Chat  Sensitive x36 - 2.16kg","p":11.88,"u":"5,50 €/KG","img":"https://fd8-photos.leclercdrive.fr/image.ashx?id=2965031&use=l&cat=p&typeid=i","cat":284642},{"id":232150,"n":"Lessive liquide Mir Couleurs  Raviveur couleurs x27 - 1.35L","p":6.49,"u":"4,81 €/L","img":"https://fd8-photos.leclercdrive.fr/image.ashx?id=2744034&use=l&cat=p&typeid=i","cat":284644},{"id":232183,"n":"Liquide vaisselle Mir  Dégraissant citron - 450ml","p":1.63,"u":"3,62 €/L","img":"https://fd8-photos.leclercdrive.fr/image.ashx?id=2744028&use=l&cat=p&typeid=i","cat":284655},{"id":232186,"n":"Liquide vaisselle Mir  Dégraissant orange - 450ml","p":1.66,"u":"3,69 €/L","img":"https://fd8-photos.leclercdrive.fr/image.ashx?id=2874907&use=l&cat=p&typeid=i","cat":284655},{"id":232193,"n":"Liquide vaisselle Mir vinaigre Pamplemousse dégraissant -450ml","p":1.77,"u":"3,93 €/L","img":"https://fd8-photos.leclercdrive.fr/image.ashx?id=2889346&use=l&cat=p&typeid=i","cat":284655},{"id":232195,"n":"Liquide vaisselle Mir  Peau sensible aloe vera - 450ml","p":1.47,"u":"3,27 €/L","img":"https://fd8-photos.leclercdrive.fr/image.ashx?id=2874904&use=l&cat=p&typeid=i","cat":284655},{"id":232230,"n":"Crème visage Mixa Expert Anti-tâches SPF20 - 50ml","p":10.39,"u":"207,80 €/L","img":"https://fd8-photos.leclercdrive.fr/image.ashx?id=2770551&use=l&cat=p&typeid=i","cat":325345},{"id":232231,"n":"Nettoyant confort visage Mixa Anti-secheresse - 150ml","p":5.33,"u":"35,53 €/L","img":"https://fd8-photos.leclercdrive.fr/image.ashx?id=2744171&use=l&cat=p&typeid=i","cat":284603},{"id":232233,"n":"Gelée matifiante visage Mixa Anti-imperfections - 50ml","p":10.39,"u":"207,80 €/L","img":"https://fd8-photos.leclercdrive.fr/image.ashx?id=2770554&use=l&cat=p&typeid=i","cat":325345},{"id":232237,"n":"Nettoyant confort visage Mixa Anti-imperfection - 150ml","p":5.7,"u":"38,00 €/L","img":"https://fd8-photos.leclercdrive.fr/image.ashx?id=2744168&use=l&cat=p&typeid=i","cat":284603},{"id":232299,"n":"Bande de cire visage Nair Kit Caresse - x20","p":3.7,"img":"https://fd8-photos.leclercdrive.fr/image.ashx?id=2903236&use=l&cat=p&typeid=i","cat":325351},{"id":232304,"n":"Brosse à dent Signal  Integral 8 - Souple - x1","p":1.68,"img":"https://fd8-photos.leclercdrive.fr/image.ashx?id=2772539&use=l&cat=p&typeid=i","cat":284614},{"id":232309,"n":"Bloc WC Fresh Disc Canard Citron vert - 1x36ml","p":3.84,"img":"https://fd8-photos.leclercdrive.fr/image.ashx?id=2745769&use=l&cat=p&typeid=i","cat":284662},{"id":232312,"n":"Bain de bouche Sanogyl Soin complet+Blancheur - 500ml","p":3.38,"u":"6,76 €/L","img":"https://fd8-photos.leclercdrive.fr/image.ashx?id=2745706&use=l&cat=p&typeid=i","cat":284613},{"id":232314,"n":"Fil dentaire ciré Ricqles Fluoré & Mentholé - 60m","p":3.72,"img":"https://fd8-photos.leclercdrive.fr/image.ashx?id=2745637&use=l&cat=p&typeid=i","cat":285159},{"id":232315,"n":"Nettoyant Steradent Pureté active - x36","p":2.44,"img":"https://fd8-photos.leclercdrive.fr/image.ashx?id=2745604&use=l&cat=p&typeid=i","cat":285158},{"id":232318,"n":"Tablette lave-vaisselle Sun Tout-en-1 - x86 - 1.419kg","p":14.78,"u":"10,42 €/KG","img":"https://fd8-photos.leclercdrive.fr/image.ashx?id=3000899&use=l&cat=p&typeid=i","cat":284656},{"id":232319,"n":"Tablettes lave-vaisselle Sun Tout-en-1 - x24 -396g","p":5.76,"u":"14,55 €/KG","img":"https://fd8-photos.leclercdrive.fr/image.ashx?id=2760543&use=l&cat=p&typeid=i","cat":284656},{"id":232321,"n":"Lessive capsules Tout-en-1 Skip Soin complet - x24 - 506.4g","p":11.03,"u":"21,80 €/KG","img":"https://fd8-photos.leclercdrive.fr/image.ashx?id=2773931&use=l&cat=p&typeid=i","cat":284641},{"id":232341,"n":"Bloc WC Canard Fresh Disc Fraîcheur marine - 36ml","p":2.78,"img":"https://fd8-photos.leclercdrive.fr/image.ashx?id=2747691&use=l&cat=p&typeid=i","cat":284662},{"id":232345,"n":"Adoucissant Soupline concentré Utra Emotion Rose - 1.28L - x60","p":6.15,"u":"4,80 €/L","img":"https://fd8-photos.leclercdrive.fr/image.ashx?id=2832575&use=l&cat=p&typeid=i","cat":284650},{"id":232346,"n":"Tablettes Adoucissant Soupline Coeur Emotion Rose - x28 336g","p":6.5,"u":"19,35 €/KG","img":"https://fd8-photos.leclercdrive.fr/image.ashx?id=2745841&use=l&cat=p&typeid=i","cat":284650},{"id":232347,"n":"Perles de linge Soupline Coco - 230g","p":5.97,"u":"25,96 €/KG","img":"https://fd8-photos.leclercdrive.fr/image.ashx?id=2945829&use=l&cat=p&typeid=i","cat":325302},{"id":232348,"n":"Perles de linge Soupline Lavande - 230g","p":6.49,"u":"28,22 €/KG","img":"https://fd8-photos.leclercdrive.fr/image.ashx?id=2745835&use=l&cat=p&typeid=i","cat":325302},{"id":232349,"n":"Adoucissant Soupline Concentré Lavande Elixir - x45 1L","p":6.51,"u":"6,51 €/L","img":"https://fd8-photos.leclercdrive.fr/image.ashx?id=2745850&use=l&cat=p&typeid=i","cat":284650},{"id":232352,"n":"Désinfectant du linge Lysol  Parfum linge frais - 1,5L","p":5.85,"u":"3,90 €/L","img":"https://fd8-photos.leclercdrive.fr/image.ashx?id=2745742&use=l&cat=p&typeid=i","cat":290451},{"id":232353,"n":"Désodorisant diffuseur Airwick  huile essentielle Vanille -20ml","p":7.1,"img":"https://fd8-photos.leclercdrive.fr/image.ashx?id=2963481&use=l&cat=p&typeid=i","cat":311629},{"id":232356,"n":"Gel douche Sanex Zéro Family - Pompe - 700ml","p":5.76,"u":"8,23 €/L","img":"https://fd8-photos.leclercdrive.fr/image.ashx?id=2745859&use=l&cat=p&typeid=i","cat":284594},{"id":232357,"n":"Recharge Gel douche Sanex Zéro - Peaux sensibles - 500ml","p":3.32,"u":"6,64 €/L","img":"https://fd8-photos.leclercdrive.fr/image.ashx?id=2745856&use=l&cat=p&typeid=i","cat":284594},{"id":232369,"n":"Bain de bouche Colgate Max Fresh Protection complète 500ml","p":3.32,"u":"6,64 €/L","img":"https://fd8-photos.leclercdrive.fr/image.ashx?id=2747178&use=l&cat=p&typeid=i","cat":284613},{"id":232371,"n":"Dentifrice enfant Elmex Anti-caries - 6-12 ans - 75ml","p":2.7,"u":"36,00 €/L","img":"https://fd8-photos.leclercdrive.fr/image.ashx?id=2747175&use=l&cat=p&typeid=i","cat":288898},{"id":232375,"n":"Déodorant stick homme Rexona Anti-transpirant - 45ml","p":4.88,"u":"108,44 €/L","img":"https://fd8-photos.leclercdrive.fr/image.ashx?id=2747166&use=l&cat=p&typeid=i","cat":284618},{"id":232377,"n":"Insecticide Raid Max Système anti-fourmis - 1 piège","p":3.92,"img":"https://fd8-photos.leclercdrive.fr/image.ashx?id=2968454&use=l&cat=p&typeid=i","cat":298368},{"id":232378,"n":"Piège stickers fenêtre Raid A mouches - x6","p":5.14,"u":"0,86 €/P","img":"https://fd8-photos.leclercdrive.fr/image.ashx?id=2747076&use=l&cat=p&typeid=i","cat":298368},{"id":232389,"n":"Nettoyant Textiles Tech9 + Brosse","p":4.59,"img":"https://fd8-photos.leclercdrive.fr/image.ashx?id=2907267&use=l&cat=p&typeid=i","cat":298252},{"id":232390,"n":"Efface rayures Tech9 Universel - 100ml","p":2.6,"u":"26,00 €/L","img":"https://fd8-photos.leclercdrive.fr/image.ashx?id=2907273&use=l&cat=p&typeid=i","cat":298252},{"id":232395,"n":"Nettoyant Jantes Tech9 Pulvérisateur - 500ml","p":3.99,"u":"7,98 €/L","img":"https://fd8-photos.leclercdrive.fr/image.ashx?id=2907276&use=l&cat=p&typeid=i","cat":298252},{"id":232398,"n":"Polish rénovateur Tech9 500ml","p":2.99,"u":"5,98 €/L","img":"https://fd8-photos.leclercdrive.fr/image.ashx?id=2943455&use=l&cat=p&typeid=i","cat":298252},{"id":232410,"n":"Nettoyant plastique Tech9 Vanille - Brillance - 400ml","p":3.99,"u":"9,98 €/L","img":"https://fd8-photos.leclercdrive.fr/image.ashx?id=2884285&use=l&cat=p&typeid=i","cat":298252},{"id":232416,"n":"Nettoyant pour vitres TECH9 500ml","p":3.2,"u":"6,40 €/L","img":"https://fd8-photos.leclercdrive.fr/image.ashx?id=2907291&use=l&cat=p&typeid=i","cat":298252},{"id":232518,"n":"Pâtes Barilla Stelline - 500g","p":1.28,"u":"2,56 €/KG","img":"https://fd8-photos.leclercdrive.fr/image.ashx?id=2748662&use=l&cat=p&typeid=i","cat":284427},{"id":232519,"n":"Pâtes Barilla Risoni - 500g","p":1.27,"u":"2,54 €/KG","img":"https://fd8-photos.leclercdrive.fr/image.ashx?id=2748665&use=l&cat=p&typeid=i","cat":284427},{"id":232520,"n":"Pâtes Barilla Ditalini Rigati - 500g","p":1.27,"u":"2,54 €/KG","img":"https://fd8-photos.leclercdrive.fr/image.ashx?id=2748668&use=l&cat=p&typeid=i","cat":284427},{"id":232544,"n":"Bière La Génépi Bio 5% vol Brasseurs Savoyards  - 75 cl","p":4.99,"u":"6,65 €/L","img":"https://fd8-photos.leclercdrive.fr/image.ashx?id=2766469&use=l&cat=p&typeid=i","cat":334872},{"id":232546,"n":"Bière La Myrtille Bio 5% vol Brasseurs Savoyards - 75cl","p":4.78,"u":"6,37 €/L","img":"https://fd8-photos.leclercdrive.fr/image.ashx?id=2766472&use=l&cat=p&typeid=i","cat":334872},{"id":232548,"n":"Bière La Brune 5% vol bio Brasseurs Savoyards - 75 cl","p":5.13,"u":"6,84 €/L","img":"https://fd8-photos.leclercdrive.fr/image.ashx?id=2779645&use=l&cat=p&typeid=i","cat":334872},{"id":232552,"n":"Bière Génépi Bio 5% vol Brasseurs Savoyards - 3x33 cl","p":6.51,"u":"6,58 €/L","img":"https://fd8-photos.leclercdrive.fr/image.ashx?id=2766478&use=l&cat=p&typeid=i","cat":334872},{"id":232554,"n":"Bière la Myrtille Bio 5% vol Brasseurs Savoyards - 3x33 cl","p":6.68,"u":"6,75 €/L","img":"https://fd8-photos.leclercdrive.fr/image.ashx?id=2766481&use=l&cat=p&typeid=i","cat":334872},{"id":232556,"n":"Bière la Brune Bio 7% vol Brasseurs Savoyards - 3x33 cl","p":6.96,"u":"7,03 €/L","img":"https://fd8-photos.leclercdrive.fr/image.ashx?id=2766475&use=l&cat=p&typeid=i","cat":334852},{"id":232558,"n":"Bières pack dégustation 0.0 Bio Brasseurs Savoyards - 3x33 cl","p":4.95,"u":"5,00 €/L","img":"https://fd8-photos.leclercdrive.fr/image.ashx?id=2763643&use=l&cat=p&typeid=i","cat":334852},{"id":232566,"n":"Bières Brasseurs Savoyards bio Blonde Myrtille Génépi  3x33 cl","p":6.96,"u":"7,03 €/L","img":"https://fd8-photos.leclercdrive.fr/image.ashx?id=2763646&use=l&cat=p&typeid=i","cat":334872},{"id":232570,"n":"Bières 6 saveurs Bio 5% vol Brasseurs Savoyards - 6x33cl","p":12.96,"u":"6,55 €/L","img":"https://fd8-photos.leclercdrive.fr/image.ashx?id=2763652&use=l&cat=p&typeid=i","cat":334872},{"id":232612,"n":"Bières Brasseurs Savoyards bio Blonde, Blanche, Ambrée 3x33 cl","p":6.96,"u":"7,03 €/L","img":"https://fd8-photos.leclercdrive.fr/image.ashx?id=2763649&use=l&cat=p&typeid=i","cat":334872},{"id":232642,"n":"Boisson énergisante Red Bull Goût Juneberry, 250ml","p":1.25,"u":"5,00 €/L","img":"https://fd8-photos.leclercdrive.fr/image.ashx?id=2748713&use=l&cat=p&typeid=i","cat":284533},{"id":232701,"n":"Thon au naturel Petit Navire  93g","p":1.64,"u":"17,63 €/KG","img":"https://fd8-photos.leclercdrive.fr/image.ashx?id=2748101&use=l&cat=p&typeid=i","cat":303867},{"id":232769,"n":"Skyr à boire Danone Fruits rouges 270g","p":1.64,"u":"6,07 €/KG","img":"https://fd8-photos.leclercdrive.fr/image.ashx?id=2748787&use=l&cat=p&typeid=i","cat":284415},{"id":232778,"n":"Concentré agrumes Sodastream - 440ml","p":4.99,"u":"11,34 €/L","img":"https://fd8-photos.leclercdrive.fr/image.ashx?id=2871136&use=l&cat=p&typeid=i","cat":295020},{"id":232839,"n":"Gel déboucheur Destop  Turbo 5 min - 4 doses - 1L","p":7.17,"u":"7,17 €/L","img":"https://fd8-photos.leclercdrive.fr/image.ashx?id=2976032&use=l&cat=p&typeid=i","cat":284908},{"id":232840,"n":"Gel déboucheur Destop  Turbo 5 min - 2 doses - 500ml","p":4.19,"u":"8,38 €/L","img":"https://fd8-photos.leclercdrive.fr/image.ashx?id=2976029&use=l&cat=p&typeid=i","cat":284908},{"id":232917,"n":"Shampooing douche Osmae Paradisiaque Tiaré - 1L","p":7.9,"u":"7,90 €/L","img":"https://fd8-photos.leclercdrive.fr/image.ashx?id=2751237&use=l&cat=p&typeid=i","cat":290400},{"id":232918,"n":"Gel douche Osmae Figuier sauvage - 1L","p":7.9,"u":"7,90 €/L","img":"https://fd8-photos.leclercdrive.fr/image.ashx?id=2751234&use=l&cat=p&typeid=i","cat":301591},{"id":232919,"n":"Gel douche Osmaé Rose impériale - 1L","p":7.9,"u":"7,90 €/L","img":"https://fd8-photos.leclercdrive.fr/image.ashx?id=2751231&use=l&cat=p&typeid=i","cat":301591},{"id":232946,"n":"Kefir à boire Activia  Nature 280g","p":1.58,"u":"5,64 €/KG","img":"https://fd8-photos.leclercdrive.fr/image.ashx?id=2750976&use=l&cat=p&typeid=i","cat":284415},{"id":232949,"n":"Cottage cheese Danone Nature x2 - 360g","p":3.71,"u":"10,31 €/KG","img":"https://fd8-photos.leclercdrive.fr/image.ashx?id=2915694&use=l&cat=p&typeid=i","cat":314029},{"id":232961,"n":"Gel douche Sanex Zéro% Sensitive Pompe - 700ml","p":5.67,"u":"8,10 €/L","img":"https://fd8-photos.leclercdrive.fr/image.ashx?id=2751384&use=l&cat=p&typeid=i","cat":284594},{"id":232964,"n":"Gel douche enfant Sanex Zéro % Pompe - 700ml","p":5.88,"u":"8,40 €/L","img":"https://fd8-photos.leclercdrive.fr/image.ashx?id=2751381&use=l&cat=p&typeid=i","cat":284594},{"id":232979,"n":"Bougie Glade Aromatherapy  Orange & Néroli - x1","p":6.76,"img":"https://fd8-photos.leclercdrive.fr/image.ashx?id=2867725&use=l&cat=p&typeid=i","cat":284666},{"id":232980,"n":"Bougie Glade Aromatherapy Lavande & bois de santal - x1","p":6.01,"img":"https://fd8-photos.leclercdrive.fr/image.ashx?id=2867722&use=l&cat=p&typeid=i","cat":284666},{"id":232982,"n":"Bougie Glade Vanille - 112g","p":4.08,"img":"https://fd8-photos.leclercdrive.fr/image.ashx?id=2751285&use=l&cat=p&typeid=i","cat":284666},{"id":232984,"n":"Bougie Glade I Love You - 112g","p":3.82,"img":"https://fd8-photos.leclercdrive.fr/image.ashx?id=2865440&use=l&cat=p&typeid=i","cat":284666},{"id":232985,"n":"Bougie Glade Honey & Chocolate - x1","p":3.91,"img":"https://fd8-photos.leclercdrive.fr/image.ashx?id=2865437&use=l&cat=p&typeid=i","cat":284666},{"id":232986,"n":"Bougie Glade Anti-tabac - 112g","p":4.03,"img":"https://fd8-photos.leclercdrive.fr/image.ashx?id=2751276&use=l&cat=p&typeid=i","cat":284666},{"id":232989,"n":"Spray nettoyant Cillit Bang  Expert Dégraissant - 750ml","p":3.64,"img":"https://fd8-photos.leclercdrive.fr/image.ashx?id=2751222&use=l&cat=p&typeid=i","cat":325357},{"id":233005,"n":"Microfibre Eco+ Multi-usage - x3","p":1.37,"img":"https://fd8-photos.leclercdrive.fr/image.ashx?id=2750273&use=l&cat=p&typeid=i","cat":298252},{"id":233107,"n":"Gel douche Le Petit Marseillais Cerise & Jasmin -750ml","p":5.08,"u":"6,77 €/L","img":"https://fd8-photos.leclercdrive.fr/image.ashx?id=2752110&use=l&cat=p&typeid=i","cat":284594},{"id":233114,"n":"Shampooing Herbal Essences Aloe Vera - 2x250ml","p":6.78,"u":"13,56 €/L","img":"https://fd8-photos.leclercdrive.fr/image.ashx?id=2864215&use=l&cat=p&typeid=i","cat":284606},{"id":233137,"n":"Masque cheveux Fructis Réparateur - Papaye - 320ml","p":5.8,"u":"18,13 €/L","img":"https://fd8-photos.leclercdrive.fr/image.ashx?id=2754036&use=l&cat=p&typeid=i","cat":284608},{"id":233151,"n":"Masque cheveux fructis Nourrissant - Banana - 320ml","p":5.8,"u":"18,13 €/L","img":"https://fd8-photos.leclercdrive.fr/image.ashx?id=2754042&use=l&cat=p&typeid=i","cat":284608},{"id":233153,"n":"Masque cheveux Fructis Nutrition Beurre de cacao 320ml","p":5.85,"u":"18,28 €/L","img":"https://fd8-photos.leclercdrive.fr/image.ashx?id=2788763&use=l&cat=p&typeid=i","cat":284608},{"id":233154,"n":"Masque cheveux Fructis Hydratant - Aloe Vera - 320ml","p":5.8,"u":"18,13 €/L","img":"https://fd8-photos.leclercdrive.fr/image.ashx?id=2754048&use=l&cat=p&typeid=i","cat":284608},{"id":233204,"n":"Guimauves Chocours Copains copines 600g","p":5.19,"u":"8,65 €/KG","img":"https://fd8-photos.leclercdrive.fr/image.ashx?id=2934778&use=l&cat=p&typeid=i","cat":304250},{"id":233280,"n":"Nouilles Tables du Monde Boeuf - 3x65g","p":1.25,"u":"6,41 €/KG","img":"https://fd8-photos.leclercdrive.fr/image.ashx?id=2752545&use=l&cat=p&typeid=i","cat":288992},{"id":233284,"n":"Bougie romantique Glade Vanille  blossom Longue durée","p":6.46,"img":"https://fd8-photos.leclercdrive.fr/image.ashx?id=2753226&use=l&cat=p&typeid=i","cat":284666},{"id":233297,"n":"Moule à cake 24cm - x1","p":10.0,"img":"https://fd8-photos.leclercdrive.fr/image.ashx?id=2816770&use=l&cat=p&typeid=i","cat":298490},{"id":233299,"n":"Plat à tarte 28cm - x1","p":5.1,"img":"https://fd8-photos.leclercdrive.fr/image.ashx?id=2816773&use=l&cat=p&typeid=i","cat":298490},{"id":233301,"n":"Plat à four Petit - 23x16cm - x1","p":7.6,"img":"https://fd8-photos.leclercdrive.fr/image.ashx?id=2816779&use=l&cat=p&typeid=i","cat":298490},{"id":233302,"n":"Plat à four Moyen - 30x21cm","p":29.0,"u":"29,00 €/PRT","img":"https://fd8-photos.leclercdrive.fr/image.ashx?id=2816782&use=l&cat=p&typeid=i","cat":298490},{"id":233303,"n":"Plat à four Grand - 38x26cm - x1","p":15.75,"img":"https://fd8-photos.leclercdrive.fr/image.ashx?id=2816785&use=l&cat=p&typeid=i","cat":298490},{"id":233306,"n":"Moule à manqué 24cm - x1","p":7.6,"img":"https://fd8-photos.leclercdrive.fr/image.ashx?id=2816767&use=l&cat=p&typeid=i","cat":298490},{"id":233307,"n":"Cocotte avec couvercle 24cm - x1","p":99.0,"img":"https://fd8-photos.leclercdrive.fr/image.ashx?id=2816788&use=l&cat=p&typeid=i","cat":298490},{"id":233398,"n":"Graines chia Pérou  Bio 250g","p":4.91,"u":"19,64 €/KG","img":"https://fd8-photos.leclercdrive.fr/image.ashx?id=2876854&use=l&cat=p&typeid=i","cat":284357},{"id":233405,"n":"Emmental Entremont  Tendre Meule - 160g","p":2.13,"u":"13,31 €/KG","img":"https://fd8-photos.leclercdrive.fr/image.ashx?id=2983135&use=l&cat=p&typeid=i","cat":314034},{"id":233443,"n":"Escalopes de dinde Eco+ x5 - 600g","p":5.98,"u":"9,97 €/KG","img":"https://fd8-photos.leclercdrive.fr/image.ashx?id=2759187&use=l&cat=p&typeid=i","cat":284337},{"id":233453,"n":"Oeufs Fraîcheur Coque Matines Gros et très gros x10","p":2.63,"u":"0,26 €/P","img":"https://fd8-photos.leclercdrive.fr/image.ashx?id=2796243&use=l&cat=p&typeid=i","cat":284378},{"id":233473,"n":"Bière blonde Leffe Prestige 124 8,5% - 75cl","p":4.01,"u":"5,35 €/L","img":"https://fd8-photos.leclercdrive.fr/image.ashx?id=2755816&use=l&cat=p&typeid=i","cat":334852},{"id":233480,"n":"Fromage à tartiner Madame Loïk 9x20g","p":2.11,"u":"11,72 €/KG","img":"https://fd8-photos.leclercdrive.fr/image.ashx?id=2945562&use=l&cat=p&typeid=i","cat":314029},{"id":233623,"n":"Baume corps Le Petit Marseillais - Monoï - 380ml","p":7.09,"u":"18,66 €/L","img":"https://fd8-photos.leclercdrive.fr/image.ashx?id=2908171&use=l&cat=p&typeid=i","cat":325350},{"id":233624,"n":"Baume corps Le Petit Marseillais - Coco - 380ml","p":6.24,"u":"16,42 €/L","img":"https://fd8-photos.leclercdrive.fr/image.ashx?id=2758105&use=l&cat=p&typeid=i","cat":325350},{"id":233625,"n":"Gommage corps Le Petit Marseillais - Coco - 150ml","p":4.97,"u":"33,13 €/L","img":"https://fd8-photos.leclercdrive.fr/image.ashx?id=2758108&use=l&cat=p&typeid=i","cat":325375},{"id":233626,"n":"Spray démêlant Le Petit Marseillais Pamplemousse 200ml","p":3.67,"u":"18,35 €/L","img":"https://fd8-photos.leclercdrive.fr/image.ashx?id=2758099&use=l&cat=p&typeid=i","cat":284608},{"id":233627,"n":"Gel douche Le Petit Marseillais Verveine Bio & citron Bio 650ml","p":3.79,"u":"5,83 €/L","img":"https://fd8-photos.leclercdrive.fr/image.ashx?id=2758114&use=l&cat=p&typeid=i","cat":284594},{"id":233628,"n":"Gel douche Le Petit Marseillais Pin & Criste marine Bio 650ml","p":4.28,"u":"6,58 €/L","img":"https://fd8-photos.leclercdrive.fr/image.ashx?id=2758117&use=l&cat=p&typeid=i","cat":284594},{"id":233629,"n":"Shampooing Le Petit Marseillais Force & éclat - 300ml","p":1.97,"u":"6,57 €/L","img":"https://fd8-photos.leclercdrive.fr/image.ashx?id=2758090&use=l&cat=p&typeid=i","cat":284606},{"id":233632,"n":"Shampooing Le Petit Marseillais Douceur & éclat - 300ml","p":2.55,"u":"8,50 €/MT","img":"https://fd8-photos.leclercdrive.fr/image.ashx?id=2758111&use=l&cat=p&typeid=i","cat":284606},{"id":233637,"n":"Concentré Sodastream Grenadine - 440ml","p":4.99,"u":"11,34 €/L","img":"https://fd8-photos.leclercdrive.fr/image.ashx?id=2765360&use=l&cat=p&typeid=i","cat":295020},{"id":233638,"n":"Concentré Sodastream Orange - 440ml","p":4.99,"u":"11,34 €/L","img":"https://fd8-photos.leclercdrive.fr/image.ashx?id=2765522&use=l&cat=p&typeid=i","cat":295020},{"id":233639,"n":"Concentré Sodastream Limonade - 440ml","p":4.99,"u":"113,41 €/L","img":"https://fd8-photos.leclercdrive.fr/image.ashx?id=2758758&use=l&cat=p&typeid=i","cat":295020},{"id":233640,"n":"Concentré Sodastream Tonic - 440ml","p":4.99,"u":"11,34 €/L","img":"https://fd8-photos.leclercdrive.fr/image.ashx?id=2765525&use=l&cat=p&typeid=i","cat":295020},{"id":233645,"n":"Café Soluble Starbucks Caramel Latte 5 sticks - 115g","p":2.84,"u":"24,70 €/KG","img":"https://fd8-photos.leclercdrive.fr/image.ashx?id=2766099&use=l&cat=p&typeid=i","cat":284843},{"id":233646,"n":"Café Soluble Starbucks White Mocha 5 sticks - 120g","p":2.81,"u":"23,42 €/KG","img":"https://fd8-photos.leclercdrive.fr/image.ashx?id=2758463&use=l&cat=p&typeid=i","cat":284843},{"id":233648,"n":"Capsules Starbucks by Nespresso  Blonde Décaféiné Int 6 - x10","p":3.54,"u":"0,35 €/P","img":"https://fd8-photos.leclercdrive.fr/image.ashx?id=2758469&use=l&cat=p&typeid=i","cat":284749},{"id":233656,"n":"Boisson Gazeuse Maison Perrier Forever Citron Vert 50 cl","p":0.69,"u":"1,38 €/L","img":"https://fd8-photos.leclercdrive.fr/image.ashx?id=2758472&use=l&cat=p&typeid=i","cat":284536},{"id":233711,"n":"AOP vin de Savoie Apresmont Vieilles vignes - 75cl","p":14.68,"u":"19,57 €/L","img":"https://fd8-photos.leclercdrive.fr/image.ashx?id=2913358&use=l&cat=p&typeid=i","cat":289556},{"id":233718,"n":"Spray solaire La Roche-Posay Enfant SPF50+ 200ml","p":18.5,"u":"92,50 €/L","img":"https://fd8-photos.leclercdrive.fr/image.ashx?id=2837415&use=l&cat=p&typeid=i","cat":290397},{"id":233719,"n":"Baume cicaplast La Roche-Posay B5 SPF50+ - 40ml","p":12.9,"u":"322,50 €/L","img":"https://fd8-photos.leclercdrive.fr/image.ashx?id=2795111&use=l&cat=p&typeid=i","cat":290397},{"id":233720,"n":"Lait solaire La Roche Posay  SPF50+ Enfant - 250ml","p":19.9,"u":"79,60 €/L","img":"https://fd8-photos.leclercdrive.fr/image.ashx?id=2795117&use=l&cat=p&typeid=i","cat":290397},{"id":233729,"n":"Lessive liquide Skip Cycle  Court Efficacité Express x54","p":13.89,"u":"6,43 €/L","img":"https://fd8-photos.leclercdrive.fr/image.ashx?id=2843553&use=l&cat=p&typeid=i","cat":284640},{"id":233730,"n":"Lessive liquide Skip Cycle Court Couleur Protect x54","p":13.89,"u":"6,43 €/L","img":"https://fd8-photos.leclercdrive.fr/image.ashx?id=2842168&use=l&cat=p&typeid=i","cat":284640},{"id":233731,"n":"Lessive liquide Skip Cycle  Court Odeur Control x54","p":13.89,"u":"6,43 €/L","img":"https://fd8-photos.leclercdrive.fr/image.ashx?id=2788253&use=l&cat=p&typeid=i","cat":284640},{"id":233746,"n":"Bâtonnets glace Ferrero Rondnoir x4 - 200g","p":3.7,"u":"18,50 €/KG","img":"https://fd8-photos.leclercdrive.fr/image.ashx?id=2807891&use=l&cat=p&typeid=i","cat":284265},{"id":233756,"n":"Riz long grain Taureau Ailé Méditerranée - 800g","p":2.2,"u":"2,75 €/KG","img":"https://fd8-photos.leclercdrive.fr/image.ashx?id=2866801&use=l&cat=p&typeid=i","cat":284428},{"id":233790,"n":"Préparation Lucien Georgelin Myrtille SSA - 320g","p":4.35,"u":"13,59 €/KG","img":"https://fd8-photos.leclercdrive.fr/image.ashx?id=2855235&use=l&cat=p&typeid=i","cat":284480},{"id":233886,"n":"Dosettes café Senseo Cappuccino x8","p":3.23,"u":"35,11 €/KG","img":"https://fd8-photos.leclercdrive.fr/image.ashx?id=2760187&use=l&cat=p&typeid=i","cat":293238},{"id":233944,"n":"Couches Carryboo de nos Régions Couches locales Taille 1 - x24","p":5.45,"img":"https://fd8-photos.leclercdrive.fr/image.ashx?id=2924353&use=l&cat=p&typeid=i","cat":284737},{"id":233946,"n":"Lessive capsules Omo Monoï - 3en1 - x29 - 502g","p":9.85,"u":"19,62 €/KG","img":"https://fd8-photos.leclercdrive.fr/image.ashx?id=2841607&use=l&cat=p&typeid=i","cat":284641},{"id":233947,"n":"Lessive capsules 3en1 Omo Rose & Lilas Blanc - 502g x29","p":9.87,"u":"19,66 €/KG","img":"https://fd8-photos.leclercdrive.fr/image.ashx?id=2841610&use=l&cat=p&typeid=i","cat":284641},{"id":233949,"n":"Lessive capsules 3en1 Omo Lavande & Patchouli - x29 502g","p":12.47,"u":"24,84 €/KG","img":"https://fd8-photos.leclercdrive.fr/image.ashx?id=2832599&use=l&cat=p&typeid=i","cat":284641},{"id":233950,"n":"Lessive capsules 3en1 Omo Jasmin fleur de coton 502g x29","p":9.87,"u":"19,66 €/KG","img":"https://fd8-photos.leclercdrive.fr/image.ashx?id=2841613&use=l&cat=p&typeid=i","cat":284641},{"id":233953,"n":"Lessive liquide Skip Cycle  Court Efficacité Express x37","p":10.29,"u":"6,95 €/L","img":"https://fd8-photos.leclercdrive.fr/image.ashx?id=2910240&use=l&cat=p&typeid=i","cat":284640},{"id":233955,"n":"Lessive liquide Skip Cycle Court Odeur Control x37","p":10.52,"u":"7,11 €/L","img":"https://fd8-photos.leclercdrive.fr/image.ashx?id=2927735&use=l&cat=p&typeid=i","cat":284640},{"id":233956,"n":"Lessive liquide Omo Rose & Lilas Blanc - 1.76L","p":9.18,"u":"5,20 €/L","img":"https://fd8-photos.leclercdrive.fr/image.ashx?id=2818208&use=l&cat=p&typeid=i","cat":284640},{"id":233963,"n":"Lessive liquide Skip Cycle Court Couleur Protect x37","p":11.3,"u":"7,64 €/L","img":"https://fd8-photos.leclercdrive.fr/image.ashx?id=2910246&use=l&cat=p&typeid=i","cat":284640},{"id":233984,"n":"Nouilles instantanées Daisuki Curry Pirikara - 61g","p":1.58,"u":"25,90 €/KG","img":"https://fd8-photos.leclercdrive.fr/image.ashx?id=2762007&use=l&cat=p&typeid=i","cat":288992},{"id":234019,"n":"Bol nouilles instantanées  Daisuki - Poulet Teriyaki 60g","p":1.56,"u":"26,00 €/KG","img":"https://fd8-photos.leclercdrive.fr/image.ashx?id=2762001&use=l&cat=p&typeid=i","cat":288992},{"id":234147,"n":"Mascara Maybelline  Fire Work Sensationnal - x1","p":11.07,"img":"https://fd8-photos.leclercdrive.fr/image.ashx?id=2826459&use=l&cat=p&typeid=i","cat":287029},{"id":234151,"n":"Déodorant bille Narta  Resixyl 72h - 50ml","p":3.97,"u":"79,40 €/L","img":"https://fd8-photos.leclercdrive.fr/image.ashx?id=2769017&use=l&cat=p&typeid=i","cat":284595},{"id":234155,"n":"Déodorant bille femme Ushuaïa Grenade açores - 50ml","p":2.55,"u":"51,00 €/L","img":"https://fd8-photos.leclercdrive.fr/image.ashx?id=2789092&use=l&cat=p&typeid=i","cat":284595},{"id":234156,"n":"Déodorant bille Ushuaïa Vanille - 50ml","p":2.55,"u":"51,00 €/L","img":"https://fd8-photos.leclercdrive.fr/image.ashx?id=2769023&use=l&cat=p&typeid=i","cat":284595},{"id":234157,"n":"Déodorant spray Ushuaïa Grenade - 200ml","p":2.55,"u":"12,75 €/L","img":"https://fd8-photos.leclercdrive.fr/image.ashx?id=2769026&use=l&cat=p&typeid=i","cat":284595},{"id":234158,"n":"Déodorant spray Ushuaïa Orchidée - 200ml","p":2.55,"u":"12,75 €/L","img":"https://fd8-photos.leclercdrive.fr/image.ashx?id=2769029&use=l&cat=p&typeid=i","cat":284595},{"id":234159,"n":"Déodorant spray Ushuaïa Vanille - 200ml","p":2.55,"u":"12,75 €/L","img":"https://fd8-photos.leclercdrive.fr/image.ashx?id=2769032&use=l&cat=p&typeid=i","cat":284595},{"id":234163,"n":"Déodorant compressé Narta Resixyl Physio - 100ml","p":5.08,"u":"50,80 €/L","img":"https://fd8-photos.leclercdrive.fr/image.ashx?id=2778401&use=l&cat=p&typeid=i","cat":284595},{"id":234164,"n":"Déodorant compressé homme Narta Resixyl Physio - 100ml","p":5.07,"u":"50,70 €/L","img":"https://fd8-photos.leclercdrive.fr/image.ashx?id=2769041&use=l&cat=p&typeid=i","cat":284596},{"id":234166,"n":"Déodorant spray homme Narta Resixyl Physio - 200ml","p":4.95,"u":"24,75 €/L","img":"https://fd8-photos.leclercdrive.fr/image.ashx?id=2769044&use=l&cat=p&typeid=i","cat":284596},{"id":234168,"n":"Déodorant bille homme Narta Resixyl Physio - 50ml","p":3.97,"u":"79,40 €/L","img":"https://fd8-photos.leclercdrive.fr/image.ashx?id=2769035&use=l&cat=p&typeid=i","cat":284596},{"id":234174,"n":"Maxi briquets à pierre Bic Blister de 5 pièces","p":5.95,"u":"1,19 €/P","img":"https://fd8-photos.leclercdrive.fr/image.ashx?id=2887602&use=l&cat=p&typeid=i","cat":300578},{"id":234290,"n":"KINDER Surprise PLAYMOBIL Chocolat au lait - 3x20g","p":3.02,"u":"50,33 €/KG","img":"https://fd8-photos.leclercdrive.fr/image.ashx?id=2948495&use=l&cat=p&typeid=i","cat":284958},{"id":234333,"n":"Gourdes Pom'Potes Pomme poire banane x96 - 8.64kg","p":30.76,"u":"3,56 €/KG","img":"https://fd8-photos.leclercdrive.fr/image.ashx?id=2918553&use=l&cat=p&typeid=i","cat":284508},{"id":234370,"n":"Cornichons Croq'Vert  Amora Extra-fins aux épices 210g","p":1.89,"u":"9,00 €/KG","img":"https://fd8-photos.leclercdrive.fr/image.ashx?id=2770671&use=l&cat=p&typeid=i","cat":284458},{"id":234375,"n":"Nouilles Tables du Monde Poulet - 3x65g","p":1.39,"u":"7,13 €/KG","img":"https://fd8-photos.leclercdrive.fr/image.ashx?id=2763045&use=l&cat=p&typeid=i","cat":288992},{"id":234379,"n":"Bâtonnets Magnum Euphoria Pink limonade x3 - 208g","p":2.5,"u":"12,02 €/KG","img":"https://fd8-photos.leclercdrive.fr/image.ashx?id=2788121&use=l&cat=p&typeid=i","cat":284265},{"id":234477,"n":"Chips Bret's Rôtisserie 120g","p":1.63,"u":"13,58 €/KG","img":"https://fd8-photos.leclercdrive.fr/image.ashx?id=2765222&use=l&cat=p&typeid=i","cat":284447},{"id":234482,"n":"Infusion sans théine Kusmi Tea Rituel sommeil x18 - 36g","p":8.25,"u":"229,17 €/KG","img":"https://fd8-photos.leclercdrive.fr/image.ashx?id=2765252&use=l&cat=p&typeid=i","cat":293234},{"id":234483,"n":"Infusion sans théine Kusmi Tea Défenses immunitaires x18 - 36g","p":8.48,"u":"235,56 €/KG","img":"https://fd8-photos.leclercdrive.fr/image.ashx?id=2765255&use=l&cat=p&typeid=i","cat":293234},{"id":234509,"n":"Thé vert en capsules Lipton Marrakech - x10 25g","p":3.42,"u":"136,80 €/KG","img":"https://fd8-photos.leclercdrive.fr/image.ashx?id=2769143&use=l&cat=p&typeid=i","cat":293233},{"id":234511,"n":"Thé noir Yellow Label Lipton Bio - x25 - 50g","p":1.9,"u":"38,00 €/KG","img":"https://fd8-photos.leclercdrive.fr/image.ashx?id=2938827&use=l&cat=p&typeid=i","cat":293233},{"id":234512,"n":"Infusion verveine menthe Lipton Capsules x10 - 25g","p":3.17,"u":"126,80 €/KG","img":"https://fd8-photos.leclercdrive.fr/image.ashx?id=2769134&use=l&cat=p&typeid=i","cat":293234},{"id":234515,"n":"Infusion verneine Elephant Citronnée camomille - 34g","p":2.87,"u":"84,41 €/KG","img":"https://fd8-photos.leclercdrive.fr/image.ashx?id=2769125&use=l&cat=p&typeid=i","cat":293234},{"id":234754,"n":"Déodorant bille Rexona Cotton Dry 72h - 2x50ml","p":5.27,"u":"52,70 €/L","img":"https://fd8-photos.leclercdrive.fr/image.ashx?id=2943795&use=l&cat=p&typeid=i","cat":284595},{"id":234860,"n":"Fromage Mini Caprice Des Dieux Filet de 4 Portions - 200g","p":3.54,"u":"17,70 €/KG","img":"https://fd8-photos.leclercdrive.fr/image.ashx?id=2768933&use=l&cat=p&typeid=i","cat":314033},{"id":234867,"n":"Mini nems au porc Tables du Monde x8 - 240g","p":2.82,"u":"11,75 €/KG","img":"https://fd8-photos.leclercdrive.fr/image.ashx?id=2768487&use=l&cat=p&typeid=i","cat":319774},{"id":234869,"n":"Gâteau moelleux Chocalin Harrys Cacao et Chocolat X10 - 350G","p":3.41,"u":"9,74 €/KG","img":"https://fd8-photos.leclercdrive.fr/image.ashx?id=2962464&use=l&cat=p&typeid=i","cat":284495},{"id":234870,"n":"Gâteaux Choco Mousse Harrys Fourrés au chocolat  X8 - 280G","p":2.84,"u":"10,14 €/KG","img":"https://fd8-photos.leclercdrive.fr/image.ashx?id=2985069&use=l&cat=p&typeid=i","cat":284495},{"id":234873,"n":"Glaçons cubes Eco+ 2kg","p":1.99,"u":"1,00 €/KG","img":"https://fd8-photos.leclercdrive.fr/image.ashx?id=2768758&use=l&cat=p&typeid=i","cat":285987},{"id":234874,"n":"Glace pilée Eco+ 2kg","p":1.99,"u":"1,00 €/KG","img":"https://fd8-photos.leclercdrive.fr/image.ashx?id=2768785&use=l&cat=p&typeid=i","cat":285987},{"id":234875,"n":"Purée de tomates Heinz x 3 - 212g","p":1.99,"u":"3,13 €/KG","img":"https://fd8-photos.leclercdrive.fr/image.ashx?id=2927004&use=l&cat=p&typeid=i","cat":288384},{"id":234876,"n":"Purée de tomates Heinz - 520g","p":1.18,"u":"2,27 €/KG","img":"https://fd8-photos.leclercdrive.fr/image.ashx?id=2926999&use=l&cat=p&typeid=i","cat":288384},{"id":234961,"n":"Ampoule Led Osram B22D 4,9W - x3","p":17.7,"img":"https://fd8-photos.leclercdrive.fr/image.ashx?id=2770837&use=l&cat=p&typeid=i","cat":300573},{"id":234981,"n":"Bière ambrée Pietra Brewery  6.0%vol - 12x25cl","p":15.89,"u":"5,30 €/L","img":"https://fd8-photos.leclercdrive.fr/image.ashx?id=2771223&use=l&cat=p&typeid=i","cat":334872},{"id":234984,"n":"Dentifrice Sanogyl Biome  Protège gencives - 2x75ml","p":7.02,"u":"46,80 €/L","img":"https://fd8-photos.leclercdrive.fr/image.ashx?id=2771211&use=l&cat=p&typeid=i","cat":284612},{"id":235007,"n":"Mais Bio Village  2x140g","p":1.49,"u":"5,32 €/KG","img":"https://fd8-photos.leclercdrive.fr/image.ashx?id=3002722&use=l&cat=p&typeid=i","cat":312611},{"id":235080,"n":"Plat cuisiné William Saurin  Blanquette volaille - 320g","p":3.81,"u":"11,91 €/KG","img":"https://fd8-photos.leclercdrive.fr/image.ashx?id=2966017&use=l&cat=p&typeid=i","cat":284953},{"id":235081,"n":"Plat cuisiné William Saurin Trio gourmand boeuf - 320g","p":3.85,"u":"12,03 €/KG","img":"https://fd8-photos.leclercdrive.fr/image.ashx?id=2986386&use=l&cat=p&typeid=i","cat":284953},{"id":235082,"n":"Plat cuisiné William Saurin Trio gourmand merlu - 320g","p":3.88,"u":"12,13 €/KG","img":"https://fd8-photos.leclercdrive.fr/image.ashx?id=2986389&use=l&cat=p&typeid=i","cat":284953},{"id":235083,"n":"Plat cuisiné William Saurin Trio gourmand poulet pesto 320g","p":3.86,"u":"12,06 €/KG","img":"https://fd8-photos.leclercdrive.fr/image.ashx?id=2986383&use=l&cat=p&typeid=i","cat":284953},{"id":235084,"n":"Plat cuisiné William Saurin Trio gourmand 320g","p":3.83,"u":"11,97 €/KG","img":"https://fd8-photos.leclercdrive.fr/image.ashx?id=2986380&use=l&cat=p&typeid=i","cat":284953},{"id":235119,"n":"Lentilles vertes - Sabarot  500g","p":2.08,"u":"4,16 €/KG","img":"https://fd8-photos.leclercdrive.fr/image.ashx?id=2774271&use=l&cat=p&typeid=i","cat":312609},{"id":235123,"n":"Compote Andros Pomme fruits  rouges - 650g","p":2.11,"u":"3,25 €/KG","img":"https://fd8-photos.leclercdrive.fr/image.ashx?id=2866406&use=l&cat=p&typeid=i","cat":284508},{"id":235127,"n":"Biscuits parmesan poivre Savour 100g","p":1.85,"u":"18,50 €/KG","img":"https://fd8-photos.leclercdrive.fr/image.ashx?id=2791048&use=l&cat=p&typeid=i","cat":297000},{"id":235240,"n":"Pâte à tartiner Andros Be Nut's Beurre cacahuète crémeux - 525g","p":4.99,"u":"9,50 €/KG","img":"https://fd8-photos.leclercdrive.fr/image.ashx?id=2985357&use=l&cat=p&typeid=i","cat":284481},{"id":235241,"n":"Pate à tartiner Bonne Maman Cacahuète et cacao - 560g","p":5.99,"u":"10,70 €/KG","img":"https://fd8-photos.leclercdrive.fr/image.ashx?id=2985360&use=l&cat=p&typeid=i","cat":284481},{"id":235243,"n":"Pate à tartiner Bonne Maman Cacahuète et cacao - 350g","p":3.54,"u":"10,11 €/KG","img":"https://fd8-photos.leclercdrive.fr/image.ashx?id=2986663&use=l&cat=p&typeid=i","cat":284481},{"id":235247,"n":"M&M's Peanut x5 180g","p":1.97,"u":"10,94 €/KG","img":"https://fd8-photos.leclercdrive.fr/image.ashx?id=3009011&use=l&cat=p&typeid=i","cat":304238},{"id":235260,"n":"Pâte Lotus Biscoff Speculoos Creamy - 410g","p":3.74,"u":"9,12 €/KG","img":"https://fd8-photos.leclercdrive.fr/image.ashx?id=2776208&use=l&cat=p&typeid=i","cat":284481},{"id":235265,"n":"Chips Tuiles Pringles  Fromage Oignon - 165g","p":2.05,"u":"12,42 €/KG","img":"https://fd8-photos.leclercdrive.fr/image.ashx?id=2775664&use=l&cat=p&typeid=i","cat":287899},{"id":235349,"n":"Sucre glace Daddy 500g","p":1.75,"u":"3,50 €/KG","img":"https://fd8-photos.leclercdrive.fr/image.ashx?id=2975864&use=l&cat=p&typeid=i","cat":284502},{"id":235364,"n":"Friandises chat Whiskas  Poulet et fromage - 60g","p":1.11,"u":"18,50 €/KG","img":"https://fd8-photos.leclercdrive.fr/image.ashx?id=2976851&use=l&cat=p&typeid=i","cat":285285},{"id":235405,"n":"Friandises chat temptations Whiskas saveur saumon - 60g","p":1.11,"u":"18,50 €/KG","img":"https://fd8-photos.leclercdrive.fr/image.ashx?id=2976854&use=l&cat=p&typeid=i","cat":285285},{"id":235414,"n":"Lait en poudre Modilac Actigest LF+1 Bébé 0-6 mois - 800g","p":20.74,"u":"25,93 €/KG","img":"https://fd8-photos.leclercdrive.fr/image.ashx?id=2981184&use=l&cat=p&typeid=i","cat":284726},{"id":235420,"n":"Lait en poudre Modilac Actigest LF+1 Bébé 2ème âge - 800g","p":18.58,"u":"23,23 €/KG","img":"https://fd8-photos.leclercdrive.fr/image.ashx?id=2981181&use=l&cat=p&typeid=i","cat":284727},{"id":235427,"n":"Sauce soja salée  Suziwan - 640ml","p":5.71,"u":"8,92 €/L","img":"https://fd8-photos.leclercdrive.fr/image.ashx?id=2886244&use=l&cat=p&typeid=i","cat":288992},{"id":235435,"n":"Biscuits Bounty fourrés  noix de coco - 132g","p":2.17,"u":"16,44 €/KG","img":"https://fd8-photos.leclercdrive.fr/image.ashx?id=2777375&use=l&cat=p&typeid=i","cat":284488},{"id":235440,"n":"Biscuits Mars fourrés  au chocolat - 132g","p":2.17,"u":"16,44 €/KG","img":"https://fd8-photos.leclercdrive.fr/image.ashx?id=2777378&use=l&cat=p&typeid=i","cat":284488},{"id":235444,"n":"Biscuits Twix fourrés  au caramel - 132g","p":1.84,"u":"13,94 €/KG","img":"https://fd8-photos.leclercdrive.fr/image.ashx?id=2777381&use=l&cat=p&typeid=i","cat":284488},{"id":235447,"n":"Lait en poudre Picot Expert 2ème âge - 800g","p":16.21,"u":"20,26 €/KG","img":"https://fd8-photos.leclercdrive.fr/image.ashx?id=2925418&use=l&cat=p&typeid=i","cat":284727},{"id":235449,"n":"Compote Andros pomme mangue  sans sucres ajoutés - 650g","p":1.96,"u":"3,02 €/KG","img":"https://fd8-photos.leclercdrive.fr/image.ashx?id=2866403&use=l&cat=p&typeid=i","cat":284508},{"id":235547,"n":"Bière blonde IPA Brooklyn Pulp Art 6° - 50cl canette","p":2.3,"u":"4,60 €/L","img":"https://fd8-photos.leclercdrive.fr/image.ashx?id=2779390&use=l&cat=p&typeid=i","cat":334853},{"id":235632,"n":"Sucre vanilline La Patelière 75g","p":1.05,"u":"14,00 €/KG","img":"https://fd8-photos.leclercdrive.fr/image.ashx?id=3011263&use=l&cat=p&typeid=i","cat":284504},{"id":235636,"n":"Capsules lave-vaisselle Finish Quantum Citron - x46 - 478g","p":10.01,"u":"20,94 €/KG","img":"https://fd8-photos.leclercdrive.fr/image.ashx?id=2780493&use=l&cat=p&typeid=i","cat":284656},{"id":235685,"n":"Lait bébé en poudre Calisma Gallia Croissance 12 mois 830g","p":10.25,"u":"12,35 €/KG","img":"https://fd8-photos.leclercdrive.fr/image.ashx?id=2794274&use=l&cat=p&typeid=i","cat":290219},{"id":235710,"n":"Chapelure Tablier Blanc 400g","p":0.88,"u":"2,20 €/KG","img":"https://fd8-photos.leclercdrive.fr/image.ashx?id=2793335&use=l&cat=p&typeid=i","cat":288382},{"id":235786,"n":"Tablette lave-vaisselle Visior Tout-en-un - x45 - 765g","p":5.27,"u":"6,89 €/KG","img":"https://fd8-photos.leclercdrive.fr/image.ashx?id=2954902&use=l&cat=p&typeid=i","cat":284656},{"id":235793,"n":"Dentifrice Junior Signal Menthe douce - 6-13 ans 75ml","p":3.23,"u":"43,07 €/L","img":"https://fd8-photos.leclercdrive.fr/image.ashx?id=2993502&use=l&cat=p&typeid=i","cat":288898},{"id":235796,"n":"Mouliné de légumes verts Régal 1L","p":1.88,"u":"1,88 €/L","img":"https://fd8-photos.leclercdrive.fr/image.ashx?id=2781007&use=l&cat=p&typeid=i","cat":284462},{"id":235802,"n":"Diffuseur électrique Insectivor Anti-moustique - +1 recharge","p":5.35,"img":"https://fd8-photos.leclercdrive.fr/image.ashx?id=2781004&use=l&cat=p&typeid=i","cat":298368},{"id":235808,"n":"Déodorant spray Sanex Zéro 0% Sensitive - 2x100ml","p":4.84,"u":"24,20 €/L","img":"https://fd8-photos.leclercdrive.fr/image.ashx?id=2781738&use=l&cat=p&typeid=i","cat":284595},{"id":235811,"n":"Déodorant spray Sanex Zéro 0% Extra Control - 2x100ml","p":5.67,"u":"28,35 €/L","img":"https://fd8-photos.leclercdrive.fr/image.ashx?id=2781741&use=l&cat=p&typeid=i","cat":284595},{"id":235821,"n":"Recharge diffuseur électrique Anti-moustique - x1","p":2.27,"img":"https://fd8-photos.leclercdrive.fr/image.ashx?id=2781052&use=l&cat=p&typeid=i","cat":298368},{"id":235822,"n":"Flammekueche Stoeffler L'Originale - 380g","p":3.93,"u":"10,34 €/KG","img":"https://fd8-photos.leclercdrive.fr/image.ashx?id=2781378&use=l&cat=p&typeid=i","cat":333680},{"id":235828,"n":"Sac poubelle  Elembal Rectangle coulissant - 40L x 20","p":2.99,"u":"0,15 €/P","img":"https://fd8-photos.leclercdrive.fr/image.ashx?id=2793338&use=l&cat=p&typeid=i","cat":285168},{"id":235841,"n":"Lessive capsules Tout-en-1 Skip Skip - 506.4g x24","p":9.99,"u":"19,74 €/KG","img":"https://fd8-photos.leclercdrive.fr/image.ashx?id=2781756&use=l&cat=p&typeid=i","cat":284641},{"id":235861,"n":"Pack 2 cartouches Brita Filtrantes Maxtra Pro All-in-1","p":19.9,"img":"https://fd8-photos.leclercdrive.fr/image.ashx?id=2950549&use=l&cat=p&typeid=i","cat":334135},{"id":235863,"n":"Pack 4 cartouches Brita Filtrantes Maxtra Pro All-in-1","p":28.9,"img":"https://fd8-photos.leclercdrive.fr/image.ashx?id=2950552&use=l&cat=p&typeid=i","cat":334135},{"id":235864,"n":"Carafe filtrante Marella Brita Blanche - 2.4L - x1 recharge","p":21.9,"img":"https://fd8-photos.leclercdrive.fr/image.ashx?id=2878276&use=l&cat=p&typeid=i","cat":334135},{"id":235916,"n":"Bloc WC adhésif Harpic Hygienic Fraîcheur d'agrumes - x4","p":3.2,"u":"0,80 €/P","img":"https://fd8-photos.leclercdrive.fr/image.ashx?id=2781576&use=l&cat=p&typeid=i","cat":284662},{"id":236050,"n":"Lait bébé en poudre Calisma Gallia Junior Dès 18 mois 830g","p":10.95,"u":"13,19 €/KG","img":"https://fd8-photos.leclercdrive.fr/image.ashx?id=2907860&use=l&cat=p&typeid=i","cat":290219},{"id":236105,"n":"Compote Andros La vie en vert 4x100g","p":1.75,"u":"4,38 €/KG","img":"https://fd8-photos.leclercdrive.fr/image.ashx?id=2989330&use=l&cat=p&typeid=i","cat":284416},{"id":236236,"n":"Café en capsules Lavazza Tales of Roma x10 - 57g","p":3.67,"u":"64,39 €/KG","img":"https://fd8-photos.leclercdrive.fr/image.ashx?id=2919042&use=l&cat=p&typeid=i","cat":284749},{"id":236240,"n":"Café en capsules Lavazza Tales  of Napoli x10 - 55g","p":3.66,"u":"66,55 €/KG","img":"https://fd8-photos.leclercdrive.fr/image.ashx?id=2919039&use=l&cat=p&typeid=i","cat":284749},{"id":236243,"n":"Rôti de chapon farci Maître Coq Marrons - 700g","p":17.95,"u":"25,64 €/KG","img":"https://fd8-photos.leclercdrive.fr/image.ashx?id=2784776&use=l&cat=p&typeid=i","cat":327289},{"id":236385,"n":"Bière brut IPA Ninkasi - 44cl 5.6% vol.","p":3.1,"u":"7,05 €/L","img":"https://fd8-photos.leclercdrive.fr/image.ashx?id=2790141&use=l&cat=p&typeid=i","cat":334853},{"id":236387,"n":"Bière IPA Ninkasi Neipa 44cl - 6% vol.","p":3.07,"u":"6,98 €/L","img":"https://fd8-photos.leclercdrive.fr/image.ashx?id=2790138&use=l&cat=p&typeid=i","cat":334853},{"id":236397,"n":"Franui Framboise  chocolat au lait - 150g","p":7.82,"u":"52,13 €/KG","img":"https://fd8-photos.leclercdrive.fr/image.ashx?id=3003441&use=l&cat=p&typeid=i","cat":284266},{"id":236398,"n":"Franui Framboise  chocolat noir - 150g","p":7.82,"u":"52,13 €/KG","img":"https://fd8-photos.leclercdrive.fr/image.ashx?id=3005371&use=l&cat=p&typeid=i","cat":284266},{"id":236546,"n":"Lait de coco Mei Asia 400ml","p":1.86,"u":"4,65 €/L","img":"https://fd8-photos.leclercdrive.fr/image.ashx?id=2792813&use=l&cat=p&typeid=i","cat":294991},{"id":236595,"n":"Fromage rapé Leerdammer  Fruité fondant 150g","p":2.0,"u":"13,33 €/KG","img":"https://fd8-photos.leclercdrive.fr/image.ashx?id=2793578&use=l&cat=p&typeid=i","cat":314035},{"id":236660,"n":"Bretzels salés Fortwenger enrobés chocolat lait - 100g","p":3.3,"u":"33,00 €/KG","img":"https://fd8-photos.leclercdrive.fr/image.ashx?id=2794376&use=l&cat=p&typeid=i","cat":284488},{"id":236661,"n":"Bretzels salés Fortwenger enrobés chocolat noir - 100g","p":3.2,"u":"32,00 €/KG","img":"https://fd8-photos.leclercdrive.fr/image.ashx?id=2794379&use=l&cat=p&typeid=i","cat":284488},{"id":236673,"n":"Stollen au rhum Fortwenger  - 750g","p":6.83,"u":"9,11 €/KG","img":"https://fd8-photos.leclercdrive.fr/image.ashx?id=2794364&use=l&cat=p&typeid=i","cat":284493},{"id":236687,"n":"Papier cadeau Disney La Reine des Neiges - 5mx1m","p":2.9,"img":"https://fd8-photos.leclercdrive.fr/image.ashx?id=2795577&use=l&cat=p&typeid=i","cat":335914},{"id":236688,"n":"Papier cadeau Disney Minnie et Mickey - Vert - 5mx1m","p":2.9,"img":"https://fd8-photos.leclercdrive.fr/image.ashx?id=2795580&use=l&cat=p&typeid=i","cat":335914},{"id":236689,"n":"Papier cadeau Disney Cars noël - Rouge - 5mx1m","p":2.9,"img":"https://fd8-photos.leclercdrive.fr/image.ashx?id=2795583&use=l&cat=p&typeid=i","cat":335914},{"id":236726,"n":"Moulage chocolat Kinder Fille - 35g","p":1.76,"u":"50,29 €/KG","img":"https://fd8-photos.leclercdrive.fr/image.ashx?id=2798822&use=l&cat=p&typeid=i","cat":327592},{"id":236727,"n":"Moulage chocolat Kinder Garçon - 35g","p":1.76,"u":"50,29 €/KG","img":"https://fd8-photos.leclercdrive.fr/image.ashx?id=2798825&use=l&cat=p&typeid=i","cat":327592},{"id":236809,"n":"Pavé de saumon Eco+ 2x110g","p":4.99,"u":"22,68 €/KG","img":"https://fd8-photos.leclercdrive.fr/image.ashx?id=2796330&use=l&cat=p&typeid=i","cat":284342},{"id":236997,"n":"Panettone Bauli 1kg","p":10.47,"u":"10,47 €/KG","img":"https://fd8-photos.leclercdrive.fr/image.ashx?id=2971419&use=l&cat=p&typeid=i","cat":327607},{"id":237040,"n":"Boîte Grand assortiment Ferrero Chocolat - x20 - 197g","p":10.07,"u":"51,12 €/KG","img":"https://fd8-photos.leclercdrive.fr/image.ashx?id=2909251&use=l&cat=p&typeid=i","cat":327595},{"id":237047,"n":"Moulage Kinder Caramel - 110g","p":3.7,"u":"33,64 €/KG","img":"https://fd8-photos.leclercdrive.fr/image.ashx?id=2797013&use=l&cat=p&typeid=i","cat":327592},{"id":237057,"n":"Chocolat Ferrero Collection Grand assortiment x43 - 432g","p":17.23,"u":"39,88 €/KG","img":"https://fd8-photos.leclercdrive.fr/image.ashx?id=2940543&use=l&cat=p&typeid=i","cat":327595},{"id":237120,"n":"Père Noël Milka Party mix - 61g","p":3.42,"u":"56,07 €/KG","img":"https://fd8-photos.leclercdrive.fr/image.ashx?id=2796998&use=l&cat=p&typeid=i","cat":327592},{"id":237129,"n":"Les Bouchées Les Recettes de L'Atelier - Lait et noir - 398G","p":17.29,"u":"43,44 €/KG","img":"https://fd8-photos.leclercdrive.fr/image.ashx?id=2797106&use=l&cat=p&typeid=i","cat":327595},{"id":237131,"n":"Boîte chocolat Lanvin Assortiment chocolat Lait 274g","p":15.0,"u":"54,74 €/KG","img":"https://fd8-photos.leclercdrive.fr/image.ashx?id=2797139&use=l&cat=p&typeid=i","cat":327595},{"id":237145,"n":"Papillotes Pâtes de fruit chocolaterie du Forez - 420g","p":6.91,"u":"164,52 €/KG","img":"https://fd8-photos.leclercdrive.fr/image.ashx?id=2797825&use=l&cat=p&typeid=i","cat":327597},{"id":237147,"n":"Papillotes Chocolat Praliné   Chocolaterie du Forez - 840g","p":12.08,"u":"14,38 €/KG","img":"https://fd8-photos.leclercdrive.fr/image.ashx?id=2797831&use=l&cat=p&typeid=i","cat":327597},{"id":237148,"n":"Papillotes Révillon Pétard Lait blanc - 300g","p":9.79,"u":"32,63 €/KG","img":"https://fd8-photos.leclercdrive.fr/image.ashx?id=2798036&use=l&cat=p&typeid=i","cat":327597},{"id":237149,"n":"Papillotte Quiz cinéma Révillon Chocolat Noir Lait Blanc - 360g","p":10.95,"u":"30,42 €/KG","img":"https://fd8-photos.leclercdrive.fr/image.ashx?id=2797834&use=l&cat=p&typeid=i","cat":327597},{"id":237150,"n":"Papillottes Révillon Quiz  culture Noir Lait Blanc - 360g","p":10.6,"u":"29,44 €/KG","img":"https://fd8-photos.leclercdrive.fr/image.ashx?id=2802365&use=l&cat=p&typeid=i","cat":327597},{"id":237151,"n":"Papillotte Quiz musical Révillon Noir Lait Blanc - 360g","p":10.95,"u":"30,42 €/KG","img":"https://fd8-photos.leclercdrive.fr/image.ashx?id=2802368&use=l&cat=p&typeid=i","cat":327597},{"id":237156,"n":"Boîte chocolat Révillon Grand assortiment lait - 407g","p":18.01,"u":"44,25 €/KG","img":"https://fd8-photos.leclercdrive.fr/image.ashx?id=2900788&use=l&cat=p&typeid=i","cat":327595},{"id":237157,"n":"Boîte chocolat Révillon Grand Assortiment Noir 70% Lait 404g","p":17.99,"u":"44,53 €/KG","img":"https://fd8-photos.leclercdrive.fr/image.ashx?id=2900794&use=l&cat=p&typeid=i","cat":327595},{"id":237159,"n":"Boîte chocolat Révillon Grand Assortiment Noir 70% - 409g","p":16.86,"u":"41,22 €/KG","img":"https://fd8-photos.leclercdrive.fr/image.ashx?id=2900791&use=l&cat=p&typeid=i","cat":327595},{"id":237162,"n":"Ballotin Révillon Chocolat Chocolat noir 70% - 215g","p":8.84,"u":"41,12 €/KG","img":"https://fd8-photos.leclercdrive.fr/image.ashx?id=2900785&use=l&cat=p&typeid=i","cat":327595},{"id":237163,"n":"Ballotin Révillon Chocolat Noir Lait Blanc - 215g","p":8.68,"u":"40,37 €/KG","img":"https://fd8-photos.leclercdrive.fr/image.ashx?id=2879685&use=l&cat=p&typeid=i","cat":327595},{"id":237825,"n":"AOP Beaujolais village Nouveau  2024 Antoine Barrier - 75cl","p":3.99,"u":"5,32 €/L","img":"https://fd8-photos.leclercdrive.fr/image.ashx?id=2811890&use=l&cat=p&typeid=i","cat":289556},{"id":237836,"n":"Ficelle alimentaire éco+","p":2.37,"img":"https://fd8-photos.leclercdrive.fr/image.ashx?id=2808640&use=l&cat=p&typeid=i","cat":298490},{"id":237837,"n":"Ouvre boite éco +","p":1.13,"img":"https://fd8-photos.leclercdrive.fr/image.ashx?id=2804777&use=l&cat=p&typeid=i","cat":334135},{"id":237856,"n":"Baume pieds Akileine Hydra défense - 125ml","p":7.9,"u":"63,20 €/L","img":"https://fd8-photos.leclercdrive.fr/image.ashx?id=2796818&use=l&cat=p&typeid=i","cat":290424},{"id":237859,"n":"Emulsion lavante intime  Saugella Dermoliquide- 750ml","p":9.99,"u":"13,32 €/L","img":"https://fd8-photos.leclercdrive.fr/image.ashx?id=2796354&use=l&cat=p&typeid=i","cat":301348},{"id":237948,"n":"Pâtes Barilla Fusilli  Al Bronzo - 500g","p":1.92,"u":"3,84 €/KG","img":"https://fd8-photos.leclercdrive.fr/image.ashx?id=2798689&use=l&cat=p&typeid=i","cat":284427},{"id":237949,"n":"Pâtes Barilla Penne Rigate Al Bronzo - 500g","p":1.92,"u":"3,84 €/KG","img":"https://fd8-photos.leclercdrive.fr/image.ashx?id=2798677&use=l&cat=p&typeid=i","cat":284427},{"id":237950,"n":"Pâtes Barilla Linguine  Al Bronzo - 500g","p":1.93,"u":"3,86 €/KG","img":"https://fd8-photos.leclercdrive.fr/image.ashx?id=2798683&use=l&cat=p&typeid=i","cat":284427},{"id":238056,"n":"Pâtes Barilla Spaghettoni  Al Bronzo - 500g","p":1.93,"u":"3,86 €/KG","img":"https://fd8-photos.leclercdrive.fr/image.ashx?id=2798686&use=l&cat=p&typeid=i","cat":284427},{"id":238073,"n":"Soda Coca-Cola Sans Sucres Bouteille - Pack 6x50CL","p":5.6,"u":"1,87 €/L","img":"https://fd8-photos.leclercdrive.fr/image.ashx?id=2860532&use=l&cat=p&typeid=i","cat":284530},{"id":238141,"n":"Emmental rapé Etrez 400g","p":4.66,"u":"11,65 €/KG","img":"https://fd8-photos.leclercdrive.fr/image.ashx?id=2870506&use=l&cat=p&typeid=i","cat":314035},{"id":238174,"n":"Nettoyant concentré Mixa Hydratant Lot de 2 - 2x15cl","p":12.12,"u":"40,40 €/L","img":"https://fd8-photos.leclercdrive.fr/image.ashx?id=2919763&use=l&cat=p&typeid=i","cat":284603},{"id":238245,"n":"Tuiles aux Amandes Les Gourmandises de Luline 100g","p":3.32,"u":"33,20 €/KG","img":"https://fd8-photos.leclercdrive.fr/image.ashx?id=2802608&use=l&cat=p&typeid=i","cat":284490},{"id":238247,"n":"Tuiles aux éclats de pralines Les Gourmandises de Luline 100g","p":3.32,"u":"33,20 €/KG","img":"https://fd8-photos.leclercdrive.fr/image.ashx?id=2802605&use=l&cat=p&typeid=i","cat":284490},{"id":238248,"n":"Galettes Bretonnes Les Gourmandises de Luline 100g","p":2.83,"u":"28,30 €/KG","img":"https://fd8-photos.leclercdrive.fr/image.ashx?id=2802611&use=l&cat=p&typeid=i","cat":284490},{"id":238252,"n":"Mini-Meringues Les Gourmandises de Luline 75g","p":2.61,"u":"34,80 €/KG","img":"https://fd8-photos.leclercdrive.fr/image.ashx?id=2802614&use=l&cat=p&typeid=i","cat":284490},{"id":238255,"n":"Mini-meringues éclats pralines Les Gourmandises de Luline 75g","p":2.8,"u":"37,33 €/KG","img":"https://fd8-photos.leclercdrive.fr/image.ashx?id=2802617&use=l&cat=p&typeid=i","cat":284490},{"id":238257,"n":"Biscuits au citron Les Gourmandises de Luline 150g","p":3.55,"u":"23,67 €/KG","img":"https://fd8-photos.leclercdrive.fr/image.ashx?id=2802626&use=l&cat=p&typeid=i","cat":284490},{"id":238258,"n":"Pain d'épices Les Gourmandises de Luline 300g","p":7.54,"u":"25,13 €/KG","img":"https://fd8-photos.leclercdrive.fr/image.ashx?id=2802620&use=l&cat=p&typeid=i","cat":284493},{"id":238260,"n":"Pain d'épices écorces d'oranges Les Gourmandises de Luline 300g","p":7.54,"u":"25,13 €/KG","img":"https://fd8-photos.leclercdrive.fr/image.ashx?id=2802641&use=l&cat=p&typeid=i","cat":284493},{"id":238262,"n":"Pain d'Epices aux figues Les Gourmandises de Luline 300g","p":7.54,"u":"25,13 €/KG","img":"https://fd8-photos.leclercdrive.fr/image.ashx?id=2802638&use=l&cat=p&typeid=i","cat":284493},{"id":238265,"n":"Biscuits de Noël à la canelle Les Gourmandises de Luline 100g","p":3.55,"u":"35,50 €/KG","img":"https://fd8-photos.leclercdrive.fr/image.ashx?id=2802635&use=l&cat=p&typeid=i","cat":284490},{"id":238313,"n":"Nouilles Tables du Monde Curry - 3x65g","p":1.39,"u":"7,13 €/KG","img":"https://fd8-photos.leclercdrive.fr/image.ashx?id=2799850&use=l&cat=p&typeid=i","cat":288992},{"id":238377,"n":"Mousse à raser Wilkinson 200ml","p":3.06,"u":"15,30 €/L","img":"https://fd8-photos.leclercdrive.fr/image.ashx?id=2801252&use=l&cat=p&typeid=i","cat":284617},{"id":238378,"n":"Gel à raser Wilkinson 200ml","p":3.81,"u":"19,05 €/L","img":"https://fd8-photos.leclercdrive.fr/image.ashx?id=2801255&use=l&cat=p&typeid=i","cat":284617},{"id":238379,"n":"Mousse à raser mini Wilkinson 75ml","p":2.5,"u":"33,33 €/L","img":"https://fd8-photos.leclercdrive.fr/image.ashx?id=2895008&use=l&cat=p&typeid=i","cat":284617},{"id":238392,"n":"Rouleau papier cadeau Esquisse Citron - 5mx0,7m","p":1.25,"img":"https://fd8-photos.leclercdrive.fr/image.ashx?id=2801079&use=l&cat=p&typeid=i","cat":335914},{"id":238399,"n":"Rouleau papier cadeau Esquisse Cirque - 2mx0,7m","p":0.55,"img":"https://fd8-photos.leclercdrive.fr/image.ashx?id=2801091&use=l&cat=p&typeid=i","cat":335914},{"id":238410,"n":"Pancakes bio Yooji pour bébé Carotte et Maïs 120g","p":4.99,"u":"41,58 €/KG","img":"https://fd8-photos.leclercdrive.fr/image.ashx?id=2800950&use=l&cat=p&typeid=i","cat":290631},{"id":238415,"n":"Pancakes bio Yooji pour bébé Banane 120g","p":4.99,"u":"41,58 €/KG","img":"https://fd8-photos.leclercdrive.fr/image.ashx?id=2800956&use=l&cat=p&typeid=i","cat":312394},{"id":238429,"n":"Chocolat au lait Tablette d'Or caramel beurre salé 180g","p":2.49,"u":"13,83 €/KG","img":"https://fd8-photos.leclercdrive.fr/image.ashx?id=2800758&use=l&cat=p&typeid=i","cat":284497},{"id":238530,"n":"Ravioli Lustucru Selection  4 fromages - 310g","p":1.95,"u":"6,29 €/KG","img":"https://fd8-photos.leclercdrive.fr/image.ashx?id=2962524&use=l&cat=p&typeid=i","cat":333682},{"id":238565,"n":"Compotes gourdes Pom'Potes Multivariétés - 64x90g","p":29.39,"u":"5,10 €/KG","img":"https://fd8-photos.leclercdrive.fr/image.ashx?id=2977270&use=l&cat=p&typeid=i","cat":284508},{"id":238567,"n":"Masque cheveux Fructis Garnier Longueur & glow Ananas - 320ml","p":6.37,"u":"19,91 €/L","img":"https://fd8-photos.leclercdrive.fr/image.ashx?id=2802129&use=l&cat=p&typeid=i","cat":284608},{"id":238785,"n":"Jambon Le tranché fin  Dégustation 4 tranches 120g","p":1.7,"u":"14,17 €/KG","img":"https://fd8-photos.leclercdrive.fr/image.ashx?id=2889298&use=l&cat=p&typeid=i","cat":316009},{"id":238796,"n":"Menus Gourmands Viande en  gelée Tous mes Amis - 48x100g","p":13.95,"u":"2,91 €/KG","img":"https://fd8-photos.leclercdrive.fr/image.ashx?id=2820007&use=l&cat=p&typeid=i","cat":285286},{"id":238825,"n":"Dragées M&M'S crispy family 374g","p":4.68,"u":"12,51 €/KG","img":"https://fd8-photos.leclercdrive.fr/image.ashx?id=3003402&use=l&cat=p&typeid=i","cat":304238},{"id":238833,"n":"Doonuts marbrés Saint Michel x8 - 360g","p":3.76,"u":"10,44 €/KG","img":"https://fd8-photos.leclercdrive.fr/image.ashx?id=2953851&use=l&cat=p&typeid=i","cat":284495},{"id":238872,"n":"Quinoa facile Lustucru 300g","p":2.3,"u":"7,67 €/KG","img":"https://fd8-photos.leclercdrive.fr/image.ashx?id=2804565&use=l&cat=p&typeid=i","cat":284429},{"id":238899,"n":"Yaourt protéiné Skyr Yoplait Vanille 0%Mg - 450g","p":2.3,"u":"5,11 €/KG","img":"https://fd8-photos.leclercdrive.fr/image.ashx?id=2884447&use=l&cat=p&typeid=i","cat":315000},{"id":238904,"n":"Yaourt protéiné Skyr Yoplait Stracciatella 2%mg - 4x120g","p":3.35,"u":"6,98 €/KG","img":"https://fd8-photos.leclercdrive.fr/image.ashx?id=2973748&use=l&cat=p&typeid=i","cat":315000},{"id":238973,"n":"Quenelles nature Ecochard - 6x40g","p":1.58,"u":"6,58 €/KG","img":"https://fd8-photos.leclercdrive.fr/image.ashx?id=2842624&use=l&cat=p&typeid=i","cat":333666},{"id":238992,"n":"Rouleau papier cadeau Esquisse Fond rouge Père Noël - 2mx0,7m","p":0.55,"img":"https://fd8-photos.leclercdrive.fr/image.ashx?id=2804208&use=l&cat=p&typeid=i","cat":335914},{"id":239025,"n":"Piques apéritif Homeside 10cm - En bambou - x50","p":1.89,"img":"https://fd8-photos.leclercdrive.fr/image.ashx?id=2808649&use=l&cat=p&typeid=i","cat":334135},{"id":239101,"n":"Riz Thaï Taureau Ailé 1kg","p":2.98,"u":"2,98 €/KG","img":"https://fd8-photos.leclercdrive.fr/image.ashx?id=2805558&use=l&cat=p&typeid=i","cat":284428},{"id":239202,"n":"Moscato Spumante 75cl","p":3.75,"u":"5,00 €/L","img":"https://fd8-photos.leclercdrive.fr/image.ashx?id=2977189&use=l&cat=p&typeid=i","cat":289557},{"id":239208,"n":"Lessive capsules Le Chat  Disc Expert 4 en 1 x25 - 413g","p":8.85,"u":"21,48 €/KG","img":"https://fd8-photos.leclercdrive.fr/image.ashx?id=2936125&use=l&cat=p&typeid=i","cat":284641},{"id":239211,"n":"Huile Essentielle So Bio Etic  Eucalyptus Globuleux Bio - 12ml","p":3.7,"u":"308,33 €/MT","img":"https://fd8-photos.leclercdrive.fr/image.ashx?id=2805456&use=l&cat=p&typeid=i","cat":284630},{"id":239213,"n":"Huile Essentielle So Bio Etic Arbre à thé Bio - 12ml","p":5.2,"u":"433,33 €/L","img":"https://fd8-photos.leclercdrive.fr/image.ashx?id=2805459&use=l&cat=p&typeid=i","cat":284630},{"id":239215,"n":"Huile Essentielle So Bio Etic Menthe poivrée Bio - 10ml","p":5.81,"u":"581,00 €/L","img":"https://fd8-photos.leclercdrive.fr/image.ashx?id=2805462&use=l&cat=p&typeid=i","cat":284630},{"id":239218,"n":"Lingettes Décolor Stop  Anti-décoloration x52","p":5.88,"u":"0,11 €/P","img":"https://fd8-photos.leclercdrive.fr/image.ashx?id=2805264&use=l&cat=p&typeid=i","cat":290450},{"id":239220,"n":"Bain de Bouche Listerine Haleine Fraiche 500ml","p":3.89,"u":"7,78 €/L","img":"https://fd8-photos.leclercdrive.fr/image.ashx?id=2806309&use=l&cat=p&typeid=i","cat":284613},{"id":239221,"n":"Bain de Bouche Listerine Total Care 10 en 1-500ml","p":4.16,"u":"8,32 €/L","img":"https://fd8-photos.leclercdrive.fr/image.ashx?id=2806312&use=l&cat=p&typeid=i","cat":284613},{"id":239223,"n":"Bain de bouche Listerine Total Care - Sans alcool 500ml","p":4.09,"u":"8,18 €/L","img":"https://fd8-photos.leclercdrive.fr/image.ashx?id=2806315&use=l&cat=p&typeid=i","cat":284613},{"id":239225,"n":"Bain de Bouche Listerine Total Care - Sans alcool 500ml","p":4.16,"u":"8,32 €/L","img":"https://fd8-photos.leclercdrive.fr/image.ashx?id=2806321&use=l&cat=p&typeid=i","cat":284613},{"id":239226,"n":"Adoucissant recharge Soupline à diluer Grand Air - 600ml","p":2.2,"u":"3,67 €/L","img":"https://fd8-photos.leclercdrive.fr/image.ashx?id=2957314&use=l&cat=p&typeid=i","cat":284650},{"id":239227,"n":"Adoucissant recharge Soupline à diluer Hypoallergénique 600ml","p":2.98,"u":"4,97 €/L","img":"https://fd8-photos.leclercdrive.fr/image.ashx?id=2813546&use=l&cat=p&typeid=i","cat":284650},{"id":239229,"n":"Brume de linge Soupline spray Grand Air - 300ml","p":5.17,"u":"17,23 €/L","img":"https://fd8-photos.leclercdrive.fr/image.ashx?id=2866202&use=l&cat=p&typeid=i","cat":325302},{"id":239231,"n":"Dentifrice Sensitive Elmex Blancheur - 75ml","p":5.9,"u":"78,67 €/L","img":"https://fd8-photos.leclercdrive.fr/image.ashx?id=2806447&use=l&cat=p&typeid=i","cat":284612},{"id":239232,"n":"Dentifrice Colgate Active Blancheur - 75ml","p":2.86,"u":"38,13 €/L","img":"https://fd8-photos.leclercdrive.fr/image.ashx?id=2814623&use=l&cat=p&typeid=i","cat":284612},{"id":239233,"n":"Dentifrice Colgate Soin complet - 75ml","p":2.43,"u":"32,40 €/L","img":"https://fd8-photos.leclercdrive.fr/image.ashx?id=2836196&use=l&cat=p&typeid=i","cat":284612},{"id":239234,"n":"Dentifrice Colgate Total Résistance de l'émail 75ml","p":3.02,"u":"40,27 €/L","img":"https://fd8-photos.leclercdrive.fr/image.ashx?id=2832578&use=l&cat=p&typeid=i","cat":284612},{"id":239235,"n":"Lingettes bébé Biolane Pure water - x48","p":2.93,"img":"https://fd8-photos.leclercdrive.fr/image.ashx?id=2877907&use=l&cat=p&typeid=i","cat":284738},{"id":239236,"n":"Lingettes pocket bébé Biolane Visage et mains - x20","p":1.67,"img":"https://fd8-photos.leclercdrive.fr/image.ashx?id=2806195&use=l&cat=p&typeid=i","cat":284738},{"id":239239,"n":"Couches bébé Mots d'enfant Taille 4 - 7-18kg - x92","p":12.67,"img":"https://fd8-photos.leclercdrive.fr/image.ashx?id=2922442&use=l&cat=p&typeid=i","cat":284737},{"id":239241,"n":"Couches bébé Mots d'enfant Taille 4+ - 9-20kg - x88","p":12.67,"img":"https://fd8-photos.leclercdrive.fr/image.ashx?id=2922445&use=l&cat=p&typeid=i","cat":284737},{"id":239254,"n":"Filet de poulet jaune Maitre Coq nourri mais 300g","p":4.37,"u":"14,57 €/KG","img":"https://fd8-photos.leclercdrive.fr/image.ashx?id=2856100&use=l&cat=p&typeid=i","cat":284336},{"id":239371,"n":"Capsules café L'Or Espresso Supremo N°10 x50","p":14.61,"u":"56,19 €/KG","img":"https://fd8-photos.leclercdrive.fr/image.ashx?id=3000480&use=l&cat=p&typeid=i","cat":284749},{"id":239393,"n":"Filet de canard cuit Maître Coq Sauce balsamique - 440g","p":12.5,"u":"28,41 €/KG","img":"https://fd8-photos.leclercdrive.fr/image.ashx?id=2806976&use=l&cat=p&typeid=i","cat":327289},{"id":239396,"n":"Filet de canard cuit Maître Coq Sauce champignon - 440g","p":12.5,"u":"28,41 €/KG","img":"https://fd8-photos.leclercdrive.fr/image.ashx?id=2806979&use=l&cat=p&typeid=i","cat":327289},{"id":239478,"n":"Burger Géant Jacquet Nature x4 - 330g","p":1.09,"u":"3,30 €/KG","img":"https://fd8-photos.leclercdrive.fr/image.ashx?id=3010981&use=l&cat=p&typeid=i","cat":325067},{"id":239596,"n":"Thé vert minceur Kusmi Tea Bio - fraise cerise - x18  36g","p":8.4,"u":"233,33 €/KG","img":"https://fd8-photos.leclercdrive.fr/image.ashx?id=2807672&use=l&cat=p&typeid=i","cat":293233},{"id":239640,"n":"Pack de 6 verres Assortiment","p":6.9,"u":"1,15 €/P","img":"https://fd8-photos.leclercdrive.fr/image.ashx?id=2810714&use=l&cat=p&typeid=i","cat":335909},{"id":239643,"n":"AOP Beaujolais Nouveau sans  sulfite Antoine Barrier - 75cl","p":4.29,"u":"5,72 €/L","img":"https://fd8-photos.leclercdrive.fr/image.ashx?id=2811887&use=l&cat=p&typeid=i","cat":289556},{"id":239881,"n":"Soupe Douceur de 8 légumes Knorr - 1L","p":3.06,"u":"3,06 €/L","img":"https://fd8-photos.leclercdrive.fr/image.ashx?id=2944509&use=l&cat=p&typeid=i","cat":284462},{"id":239899,"n":"Plat Bledina Boeuf et carotte - 200g","p":2.36,"u":"11,80 €/KG","img":"https://fd8-photos.leclercdrive.fr/image.ashx?id=2866307&use=l&cat=p&typeid=i","cat":312238},{"id":239902,"n":"Saumon en croûte Côté Table 700g","p":7.49,"u":"10,70 €/KG","img":"https://fd8-photos.leclercdrive.fr/image.ashx?id=2808733&use=l&cat=p&typeid=i","cat":319776},{"id":240002,"n":"Billes M&Ms caramel salé 367g","p":5.15,"u":"14,03 €/KG","img":"https://fd8-photos.leclercdrive.fr/image.ashx?id=2924770&use=l&cat=p&typeid=i","cat":304238},{"id":240007,"n":"Mon Foie gras de Noel  Michel Sarran 180g","p":23.07,"u":"128,17 €/KG","img":"https://fd8-photos.leclercdrive.fr/image.ashx?id=2810726&use=l&cat=p&typeid=i","cat":305148},{"id":240146,"n":"Lessive capsules Skip Tout en 1 Active clean 1.266kg","p":17.16,"u":"13,55 €/KG","img":"https://fd8-photos.leclercdrive.fr/image.ashx?id=2813098&use=l&cat=p&typeid=i","cat":284641},{"id":240234,"n":"Bûche glacée Pilpa Duo de Vanilles - 535g","p":5.27,"u":"9,85 €/KG","img":"https://fd8-photos.leclercdrive.fr/image.ashx?id=2812765&use=l&cat=p&typeid=i","cat":284266},{"id":240338,"n":"Laque Elnett Fixation normale  200ml","p":5.46,"u":"27,30 €/L","img":"https://fd8-photos.leclercdrive.fr/image.ashx?id=2814064&use=l&cat=p&typeid=i","cat":284609},{"id":240427,"n":"Soda à l'orange Orangina 12x33cl","p":7.4,"u":"1,87 €/L","img":"https://fd8-photos.leclercdrive.fr/image.ashx?id=2946505&use=l&cat=p&typeid=i","cat":284532},{"id":240428,"n":"Soda à l'orange Orangina 6x33cl","p":3.47,"u":"1,75 €/L","img":"https://fd8-photos.leclercdrive.fr/image.ashx?id=2946502&use=l&cat=p&typeid=i","cat":284532},{"id":240482,"n":"Riz basmati Lustucru 10min - 5x180g","p":3.16,"u":"3,51 €/KG","img":"https://fd8-photos.leclercdrive.fr/image.ashx?id=2814163&use=l&cat=p&typeid=i","cat":284428},{"id":240842,"n":"Skyr nature Délisse 4x100g","p":1.72,"u":"4,30 €/KG","img":"https://fd8-photos.leclercdrive.fr/image.ashx?id=2992588&use=l&cat=p&typeid=i","cat":315000},{"id":240843,"n":"Skyr nature Délisse 850g","p":2.75,"u":"3,24 €/KG","img":"https://fd8-photos.leclercdrive.fr/image.ashx?id=2992600&use=l&cat=p&typeid=i","cat":315000},{"id":240848,"n":"Girolles sauvages entières L'Origine du Goût 300g","p":4.85,"u":"16,17 €/KG","img":"https://fd8-photos.leclercdrive.fr/image.ashx?id=2814713&use=l&cat=p&typeid=i","cat":319805},{"id":240889,"n":"Oeufs de lompe Labeyrie  MSC 80g","p":4.17,"u":"52,13 €/KG","img":"https://fd8-photos.leclercdrive.fr/image.ashx?id=2817602&use=l&cat=p&typeid=i","cat":285191},{"id":240919,"n":"Morilles sauvages entières L'Origine du Goût 150g","p":5.99,"u":"39,93 €/KG","img":"https://fd8-photos.leclercdrive.fr/image.ashx?id=2814968&use=l&cat=p&typeid=i","cat":319805},{"id":241099,"n":"Nouilles asiatiques Maggi Pad Thai - 128g","p":1.8,"u":"14,06 €/KG","img":"https://fd8-photos.leclercdrive.fr/image.ashx?id=2899776&use=l&cat=p&typeid=i","cat":288992},{"id":241210,"n":"Dentifrice Enfants Signal  Super Mario - Fruité - 75ml","p":1.98,"u":"26,40 €/L","img":"https://fd8-photos.leclercdrive.fr/image.ashx?id=2993173&use=l&cat=p&typeid=i","cat":288898},{"id":241211,"n":"Dentifrice Enfants Signal Super Mario - Fraise - 75ml","p":2.19,"u":"29,20 €/L","img":"https://fd8-photos.leclercdrive.fr/image.ashx?id=2987047&use=l&cat=p&typeid=i","cat":288898},{"id":241464,"n":"Papier cadeau Maena Pingouin Renne Sapin - 2x0.7M","p":1.25,"img":"https://fd8-photos.leclercdrive.fr/image.ashx?id=2817205&use=l&cat=p&typeid=i","cat":335914},{"id":241489,"n":"Thon au naturel Petit Navire x3 - 112g","p":6.28,"u":"56,07 €/KG","img":"https://fd8-photos.leclercdrive.fr/image.ashx?id=2887491&use=l&cat=p&typeid=i","cat":303867},{"id":241514,"n":"Foie gras de canard Labeyrie 320g","p":39.5,"u":"123,44 €/KG","img":"https://fd8-photos.leclercdrive.fr/image.ashx?id=2819307&use=l&cat=p&typeid=i","cat":316008},{"id":241653,"n":"Riz parfumé Taureau ailé 500g","p":1.5,"u":"3,00 €/KG","img":"https://fd8-photos.leclercdrive.fr/image.ashx?id=2828343&use=l&cat=p&typeid=i","cat":284428},{"id":241657,"n":"Riz Thai Taureau ailé 500g","p":2.16,"u":"4,32 €/KG","img":"https://fd8-photos.leclercdrive.fr/image.ashx?id=2828340&use=l&cat=p&typeid=i","cat":284428},{"id":241803,"n":"Terrine de saumon ASC Ronde des Mers 2x60g","p":1.99,"u":"16,58 €/KG","img":"https://fd8-photos.leclercdrive.fr/image.ashx?id=2856217&use=l&cat=p&typeid=i","cat":285191},{"id":241812,"n":"Gourde bébé Blédina - 10 mois Multifruits - 8x85g","p":7.74,"u":"11,38 €/KG","img":"https://fd8-photos.leclercdrive.fr/image.ashx?id=2826642&use=l&cat=p&typeid=i","cat":312393},{"id":241868,"n":"Bière blonde bio Classique et engagée Brasserie Dulion - 33cl","p":2.58,"u":"7,82 €/L","img":"https://fd8-photos.leclercdrive.fr/image.ashx?id=2834939&use=l&cat=p&typeid=i","cat":334873},{"id":241877,"n":"Bière blonde bio Classique et engagée Brasserie Dulion - 75cl","p":5.29,"u":"7,05 €/L","img":"https://fd8-photos.leclercdrive.fr/image.ashx?id=2834220&use=l&cat=p&typeid=i","cat":334873},{"id":241879,"n":"Bière blanche bio 100% épeautre Brasserie Dulion - 33cl","p":2.56,"u":"7,76 €/L","img":"https://fd8-photos.leclercdrive.fr/image.ashx?id=2840695&use=l&cat=p&typeid=i","cat":334878},{"id":241883,"n":"Bière blanche bio 100% épeautre Brasserie Dulion - 75cl","p":5.28,"u":"7,04 €/L","img":"https://fd8-photos.leclercdrive.fr/image.ashx?id=2841511&use=l&cat=p&typeid=i","cat":334878},{"id":241887,"n":"Bière IPA Bio Brasserie Dulion Houblonnée à froid - 33cl","p":2.81,"u":"8,52 €/L","img":"https://fd8-photos.leclercdrive.fr/image.ashx?id=2840283&use=l&cat=p&typeid=i","cat":334872},{"id":241888,"n":"Bière IPA Bio Brasserie Dulion Houblonnée à froid - 75cl","p":5.59,"u":"7,45 €/L","img":"https://fd8-photos.leclercdrive.fr/image.ashx?id=2835142&use=l&cat=p&typeid=i","cat":334872},{"id":241891,"n":"Bière blonde bio 100% sarrasin sans gluten 75cl - Dulion","p":5.85,"u":"7,80 €/L","img":"https://fd8-photos.leclercdrive.fr/image.ashx?id=2839610&use=l&cat=p&typeid=i","cat":334873},{"id":241892,"n":"Bière triple Bio - 3 céréales 33cl - Brasserie Dulion","p":2.65,"u":"8,03 €/L","img":"https://fd8-photos.leclercdrive.fr/image.ashx?id=2834217&use=l&cat=p&typeid=i","cat":334872},{"id":241894,"n":"Bière triple Bio - 3 céréales 75cl - Brasserie Dulion","p":5.41,"u":"7,21 €/L","img":"https://fd8-photos.leclercdrive.fr/image.ashx?id=2840286&use=l&cat=p&typeid=i","cat":334872},{"id":241898,"n":"Bière Ambrée Bio - Torréfaction fraîche maison - 33cl Dulion","p":2.55,"u":"7,73 €/L","img":"https://fd8-photos.leclercdrive.fr/image.ashx?id=2834677&use=l&cat=p&typeid=i","cat":334852},{"id":241900,"n":"Bière ambrée Bio - Torréfaction fraiche maison - 75cl Dulion","p":5.82,"u":"7,76 €/L","img":"https://fd8-photos.leclercdrive.fr/image.ashx?id=2834674&use=l&cat=p&typeid=i","cat":334852},{"id":242136,"n":"Sachet dessing Foxter 250g","p":3.99,"u":"15,96 €/KG","img":"https://fd8-photos.leclercdrive.fr/image.ashx?id=2831619&use=l&cat=p&typeid=i","cat":300576},{"id":242218,"n":"Lingettes Mixa bébé au lait x80","p":2.72,"u":"0,03 €/P","img":"https://fd8-photos.leclercdrive.fr/image.ashx?id=2828079&use=l&cat=p&typeid=i","cat":284738},{"id":242220,"n":"Lingettes Mixa bébé  eau minérale x48","p":2.75,"u":"0,06 €/P","img":"https://fd8-photos.leclercdrive.fr/image.ashx?id=2828082&use=l&cat=p&typeid=i","cat":284738},{"id":242222,"n":"Lingettes Mixa bébé  eau nettoyante x80","p":3.25,"u":"0,04 €/P","img":"https://fd8-photos.leclercdrive.fr/image.ashx?id=2828085&use=l&cat=p&typeid=i","cat":284738},{"id":242226,"n":"Déodorant Mixa Anti-transpirant 48h","p":2.69,"u":"53,80 €/L","img":"https://fd8-photos.leclercdrive.fr/image.ashx?id=2869116&use=l&cat=p&typeid=i","cat":284595},{"id":242229,"n":"Lingettes Mixa bébé Physio x48","p":2.74,"u":"0,06 €/P","img":"https://fd8-photos.leclercdrive.fr/image.ashx?id=2828088&use=l&cat=p&typeid=i","cat":284738},{"id":242258,"n":"Laque Elnett 300ml","p":7.93,"u":"26,43 €/L","img":"https://fd8-photos.leclercdrive.fr/image.ashx?id=2828019&use=l&cat=p&typeid=i","cat":284609},{"id":242259,"n":"Laque Elnett fixation forte 300ml","p":8.25,"u":"27,50 €/L","img":"https://fd8-photos.leclercdrive.fr/image.ashx?id=2828016&use=l&cat=p&typeid=i","cat":284609},{"id":242261,"n":"Laque Elnett Fixation normale 400ml","p":9.3,"u":"23,25 €/L","img":"https://fd8-photos.leclercdrive.fr/image.ashx?id=2828025&use=l&cat=p&typeid=i","cat":284609},{"id":242262,"n":"Laque Elnett Fixation forte 400ml","p":10.02,"u":"25,05 €/L","img":"https://fd8-photos.leclercdrive.fr/image.ashx?id=2828022&use=l&cat=p&typeid=i","cat":284609},{"id":242266,"n":"Après-shampoing Garnier Ultra  Doux Cheveux secs -250ml","p":2.7,"u":"10,80 €/L","img":"https://fd8-photos.leclercdrive.fr/image.ashx?id=2828046&use=l&cat=p&typeid=i","cat":284607},{"id":242268,"n":"Démaquillant Mixa Yeux sensible 125ml","p":3.78,"u":"30,24 €/L","img":"https://fd8-photos.leclercdrive.fr/image.ashx?id=2828067&use=l&cat=p&typeid=i","cat":284603},{"id":242329,"n":"Bonbons Copains Copines Acides - 200g","p":1.13,"u":"5,65 €/KG","img":"https://fd8-photos.leclercdrive.fr/image.ashx?id=2934793&use=l&cat=p&typeid=i","cat":304250},{"id":242353,"n":"Riz Comptoir du Grain Thaï suprême - 500g","p":1.95,"u":"3,90 €/KG","img":"https://fd8-photos.leclercdrive.fr/image.ashx?id=2822371&use=l&cat=p&typeid=i","cat":284428},{"id":242418,"n":"Thé noir L'Origine du Gout Earl Grey - 80g","p":4.49,"u":"56,13 €/KG","img":"https://fd8-photos.leclercdrive.fr/image.ashx?id=2822586&use=l&cat=p&typeid=i","cat":293233},{"id":242438,"n":"Thé L'Origine du Gout  Rooibos - 90g","p":4.49,"u":"49,89 €/KG","img":"https://fd8-photos.leclercdrive.fr/image.ashx?id=2822589&use=l&cat=p&typeid=i","cat":293233},{"id":242558,"n":"Coffret Whisky Chivas 40%vol - 70cl","p":28.76,"u":"41,09 €/L","img":"https://fd8-photos.leclercdrive.fr/image.ashx?id=2998946&use=l&cat=p&typeid=i","cat":284547},{"id":242584,"n":"Coffret Bombay Fever Tree Sapphire 70cl","p":22.64,"u":"32,34 €/L","img":"https://fd8-photos.leclercdrive.fr/image.ashx?id=2828844&use=l&cat=p&typeid=i","cat":284531},{"id":242616,"n":"Saucisse L'Origine du Gout A la truffe - 100g","p":2.75,"u":"27,50 €/KG","img":"https://fd8-photos.leclercdrive.fr/image.ashx?id=2994408&use=l&cat=p&typeid=i","cat":316007},{"id":242617,"n":"Jambon L'Origine du Gout Cuit à la truffe - 120g","p":2.3,"u":"19,17 €/KG","img":"https://fd8-photos.leclercdrive.fr/image.ashx?id=2840434&use=l&cat=p&typeid=i","cat":316009},{"id":242618,"n":"Cheddar L'Origine du Goût 200g","p":3.49,"u":"17,45 €/KG","img":"https://fd8-photos.leclercdrive.fr/image.ashx?id=2872478&use=l&cat=p&typeid=i","cat":314034},{"id":242701,"n":"Déodorant Narta Impeccable anti-traces 48h -50ml","p":2.85,"u":"57,00 €/L","img":"https://fd8-photos.leclercdrive.fr/image.ashx?id=2828097&use=l&cat=p&typeid=i","cat":284595},{"id":242703,"n":"Déodorant Mennen Intracable  Xtrem 72h - 50ml","p":3.73,"u":"74,60 €/L","img":"https://fd8-photos.leclercdrive.fr/image.ashx?id=2828109&use=l&cat=p&typeid=i","cat":284596},{"id":242704,"n":"Déodorant Ushuaia Bio Hibiscus 50ml","p":3.45,"u":"69,00 €/L","img":"https://fd8-photos.leclercdrive.fr/image.ashx?id=2828118&use=l&cat=p&typeid=i","cat":284595},{"id":242706,"n":"Crème dessert Danette Praliné - 4x125g","p":1.6,"u":"3,20 €/KG","img":"https://fd8-photos.leclercdrive.fr/image.ashx?id=2918556&use=l&cat=p&typeid=i","cat":285041},{"id":242710,"n":"Yaourt à boire Myrtille Hipro 300g","p":2.16,"u":"7,20 €/KG","img":"https://fd8-photos.leclercdrive.fr/image.ashx?id=2826573&use=l&cat=p&typeid=i","cat":284415},{"id":242712,"n":"Skyr Danone Cerise - 2x140g","p":2.08,"u":"7,43 €/KG","img":"https://fd8-photos.leclercdrive.fr/image.ashx?id=2826570&use=l&cat=p&typeid=i","cat":315000},{"id":242715,"n":"Kéfir à boire Activia Mangue - 280g","p":1.66,"u":"5,93 €/KG","img":"https://fd8-photos.leclercdrive.fr/image.ashx?id=2983015&use=l&cat=p&typeid=i","cat":284415},{"id":242718,"n":"Crème dessert protéinée Hipro Saveur chocolat - 180g","p":1.78,"u":"9,89 €/KG","img":"https://fd8-photos.leclercdrive.fr/image.ashx?id=2826582&use=l&cat=p&typeid=i","cat":285041},{"id":242719,"n":"Yaourt protéiné Hipro Fraise - 2x160g","p":2.14,"u":"6,69 €/KG","img":"https://fd8-photos.leclercdrive.fr/image.ashx?id=2945418&use=l&cat=p&typeid=i","cat":315000},{"id":242805,"n":"Granions pilulier magnésium Bisglycinate - 59g - x60","p":17.7,"u":"300,00 €/KG","img":"https://fd8-photos.leclercdrive.fr/image.ashx?id=2824040&use=l&cat=p&typeid=i","cat":301264},{"id":242886,"n":"Terrine de Saint-Jacques  Ronde des Mers 2x60g","p":1.99,"u":"16,58 €/KG","img":"https://fd8-photos.leclercdrive.fr/image.ashx?id=2856214&use=l&cat=p&typeid=i","cat":285191},{"id":242899,"n":"Soda à l'orange Orangina 4x1.5L","p":7.6,"u":"1,27 €/L","img":"https://fd8-photos.leclercdrive.fr/image.ashx?id=2825598&use=l&cat=p&typeid=i","cat":284532},{"id":242900,"n":"Vin rouge Union Européenne  François d'Aubigné - 3x25cl","p":1.99,"u":"2,65 €/L","img":"https://fd8-photos.leclercdrive.fr/image.ashx?id=2927170&use=l&cat=p&typeid=i","cat":289556},{"id":242901,"n":"AOP Jurançon sec Vin blanc Terrasses d'Autan - 75cl","p":4.99,"u":"6,65 €/L","img":"https://fd8-photos.leclercdrive.fr/image.ashx?id=2824153&use=l&cat=p&typeid=i","cat":289557},{"id":242942,"n":"Riz basmati Taureau Ailé  Bio - 500g","p":3.29,"u":"6,58 €/KG","img":"https://fd8-photos.leclercdrive.fr/image.ashx?id=2826015&use=l&cat=p&typeid=i","cat":284428},{"id":242950,"n":"Toasts croquants 3 graines Labeyrie - 100g","p":4.19,"u":"41,90 €/KG","img":"https://fd8-photos.leclercdrive.fr/image.ashx?id=2825535&use=l&cat=p&typeid=i","cat":285191},{"id":243237,"n":"Bière Neipa 100% Seigle Brasserie Dulion - 75cl","p":5.41,"u":"7,21 €/L","img":"https://fd8-photos.leclercdrive.fr/image.ashx?id=2835145&use=l&cat=p&typeid=i","cat":334872},{"id":243255,"n":"Saucisson Pilat Sélection  Salaisons du Mont Pilat 450g","p":6.47,"u":"14,38 €/KG","img":"https://fd8-photos.leclercdrive.fr/image.ashx?id=2833729&use=l&cat=p&typeid=i","cat":316006},{"id":243336,"n":"Panettone Al Nocciola  Tradizioni d'Italia 500g","p":7.99,"u":"15,98 €/KG","img":"https://fd8-photos.leclercdrive.fr/image.ashx?id=2826327&use=l&cat=p&typeid=i","cat":293600},{"id":243688,"n":"Concentré de citron Frucci 75cl","p":1.54,"u":"2,05 €/L","img":"https://fd8-photos.leclercdrive.fr/image.ashx?id=2865308&use=l&cat=p&typeid=i","cat":295020},{"id":243838,"n":"Sac cadeau Noël Doré - 18x10x23cm","p":0.55,"img":"https://fd8-photos.leclercdrive.fr/image.ashx?id=2833066&use=l&cat=p&typeid=i","cat":335914},{"id":243847,"n":"Sac Bouteille Noël Esquisse Doré - 11x11x39cm","p":0.55,"img":"https://fd8-photos.leclercdrive.fr/image.ashx?id=2834899&use=l&cat=p&typeid=i","cat":335914},{"id":243848,"n":"Sac Bouteille Noël Esquisse Bleu - 11x11x39cm","p":0.55,"img":"https://fd8-photos.leclercdrive.fr/image.ashx?id=2834902&use=l&cat=p&typeid=i","cat":335914},{"id":243850,"n":"Sac cadeau Noël Esquisse Doré - 26x13x32cm","p":0.75,"img":"https://fd8-photos.leclercdrive.fr/image.ashx?id=2834905&use=l&cat=p&typeid=i","cat":335914},{"id":243857,"n":"Sac cadeau Noël Esquisse Doré - 32x14x40cm","p":0.95,"img":"https://fd8-photos.leclercdrive.fr/image.ashx?id=2834911&use=l&cat=p&typeid=i","cat":335914},{"id":243962,"n":"Lingettes Decolor Stop Protection couleurs - x22","p":4.61,"img":"https://fd8-photos.leclercdrive.fr/image.ashx?id=2890127&use=l&cat=p&typeid=i","cat":290450},{"id":243963,"n":"Lessive liquide Winni's Savon d'Alep & Verveine 1125ml","p":6.41,"u":"5,70 €/L","img":"https://fd8-photos.leclercdrive.fr/image.ashx?id=2834539&use=l&cat=p&typeid=i","cat":284640},{"id":243964,"n":"Lessive liquide Ecopack Winni's Savon d'Alep et Verveine 1350ml","p":7.25,"u":"5,37 €/L","img":"https://fd8-photos.leclercdrive.fr/image.ashx?id=2834542&use=l&cat=p&typeid=i","cat":284640},{"id":243967,"n":"Lessive liquide Winni's Couleurs Ecolabel 1125ml x25","p":6.52,"u":"5,80 €/L","img":"https://fd8-photos.leclercdrive.fr/image.ashx?id=2834545&use=l&cat=p&typeid=i","cat":284640},{"id":243976,"n":"Tablette lave-vaisselle Visior Classique - x45","p":3.81,"img":"https://fd8-photos.leclercdrive.fr/image.ashx?id=2931856&use=l&cat=p&typeid=i","cat":284656},{"id":243977,"n":"Vinaigre de nettoyage Clair 5L","p":5.01,"u":"1,00 €/L","img":"https://fd8-photos.leclercdrive.fr/image.ashx?id=2834190&use=l&cat=p&typeid=i","cat":325362},{"id":243995,"n":"Croutons saveur ail Pasquier 80g","p":1.06,"u":"13,25 €/KG","img":"https://fd8-photos.leclercdrive.fr/image.ashx?id=2834458&use=l&cat=p&typeid=i","cat":284464},{"id":243996,"n":"Croutons nature Pasquier 80g","p":0.96,"u":"12,00 €/KG","img":"https://fd8-photos.leclercdrive.fr/image.ashx?id=2834461&use=l&cat=p&typeid=i","cat":284464},{"id":244218,"n":"Croquettes Friskies chat adulte Thon Légumes - 3kg","p":8.65,"u":"2,88 €/KG","img":"https://fd8-photos.leclercdrive.fr/image.ashx?id=2835148&use=l&cat=p&typeid=i","cat":284680},{"id":244229,"n":"Croquettes Friskies chat adulte Lapin Poulet Légumes - 1.5kg","p":4.6,"u":"3,07 €/KG","img":"https://fd8-photos.leclercdrive.fr/image.ashx?id=2835160&use=l&cat=p&typeid=i","cat":284680},{"id":244230,"n":"Croquettes Friskies chat adulte Poulet Légumes - 3kg","p":8.69,"u":"2,90 €/KG","img":"https://fd8-photos.leclercdrive.fr/image.ashx?id=2835151&use=l&cat=p&typeid=i","cat":284680},{"id":244234,"n":"Croquettes Friskies chat adulte Saumon Légumes - 1.5kg","p":4.6,"u":"3,07 €/KG","img":"https://fd8-photos.leclercdrive.fr/image.ashx?id=2860586&use=l&cat=p&typeid=i","cat":284680},{"id":244235,"n":"Croquettes Friskies chat adulte  Boeuf Poulet Légumes - 1.5kg","p":4.66,"u":"3,11 €/KG","img":"https://fd8-photos.leclercdrive.fr/image.ashx?id=2835154&use=l&cat=p&typeid=i","cat":284680},{"id":244261,"n":"Gnocchi à poêler  Lustucru - 1kg","p":5.07,"u":"5,07 €/KG","img":"https://fd8-photos.leclercdrive.fr/image.ashx?id=2835917&use=l&cat=p&typeid=i","cat":333682},{"id":244325,"n":"Bière Georges Neipa  75cl","p":5.81,"u":"7,75 €/L","img":"https://fd8-photos.leclercdrive.fr/image.ashx?id=2852661&use=l&cat=p&typeid=i","cat":334872},{"id":244351,"n":"Shampooing Elsève Color vive 250ml","p":2.35,"u":"9,40 €/L","img":"https://fd8-photos.leclercdrive.fr/image.ashx?id=2989318&use=l&cat=p&typeid=i","cat":284606},{"id":244354,"n":"Shampooing Garnier Ultra doux  Miel - 250ml","p":2.09,"u":"8,36 €/L","img":"https://fd8-photos.leclercdrive.fr/image.ashx?id=2836502&use=l&cat=p&typeid=i","cat":284606},{"id":244356,"n":"Shampooing Garnier Ultra doux  Avocat 250ml","p":2.05,"u":"8,20 €/L","img":"https://fd8-photos.leclercdrive.fr/image.ashx?id=2836499&use=l&cat=p&typeid=i","cat":284606},{"id":244359,"n":"Shampooing Elsève Dream length  250ml","p":3.48,"u":"13,92 €/L","img":"https://fd8-photos.leclercdrive.fr/image.ashx?id=2863614&use=l&cat=p&typeid=i","cat":284606},{"id":244360,"n":"Shampooing Elsève Hyaluronique  250ml","p":3.48,"u":"13,92 €/L","img":"https://fd8-photos.leclercdrive.fr/image.ashx?id=2863617&use=l&cat=p&typeid=i","cat":284606},{"id":244661,"n":"Riz Basmati Lustucru Selection  10 min - 450g","p":2.2,"u":"4,89 €/KG","img":"https://fd8-photos.leclercdrive.fr/image.ashx?id=2836732&use=l&cat=p&typeid=i","cat":284428},{"id":245060,"n":"Cornichons 6 aromates Rustica extra-fins -220g","p":1.59,"u":"7,23 €/KG","img":"https://fd8-photos.leclercdrive.fr/image.ashx?id=2916734&use=l&cat=p&typeid=i","cat":284458},{"id":245061,"n":"Pain pour panini Epi d'Or Précuit - x4  300g","p":1.48,"u":"4,93 €/KG","img":"https://fd8-photos.leclercdrive.fr/image.ashx?id=2837144&use=l&cat=p&typeid=i","cat":284985},{"id":245064,"n":"Riz Basmati Lustucru 900g","p":3.64,"u":"4,04 €/KG","img":"https://fd8-photos.leclercdrive.fr/image.ashx?id=2837640&use=l&cat=p&typeid=i","cat":284428},{"id":245074,"n":"Nouilles instantanées Maggi sauce aigre douce - 128g","p":1.8,"u":"14,06 €/KG","img":"https://fd8-photos.leclercdrive.fr/image.ashx?id=2837628&use=l&cat=p&typeid=i","cat":288992},{"id":245075,"n":"Nouilles instantanées Maggi  sauce Teriyaki - 128g","p":1.8,"u":"14,06 €/KG","img":"https://fd8-photos.leclercdrive.fr/image.ashx?id=2837625&use=l&cat=p&typeid=i","cat":288992},{"id":245076,"n":"Nouilles instantanées Maggi sauce Teriyaki - 75g","p":1.72,"u":"22,93 €/KG","img":"https://fd8-photos.leclercdrive.fr/image.ashx?id=2842966&use=l&cat=p&typeid=i","cat":288992},{"id":245078,"n":"Nouilles instantanées Maggi sauce poulet sésame - 75g","p":1.7,"u":"22,67 €/KG","img":"https://fd8-photos.leclercdrive.fr/image.ashx?id=2842963&use=l&cat=p&typeid=i","cat":288992},{"id":245082,"n":"Nouilles instantanées Maggi sauce sweet chili - 75g","p":1.74,"u":"23,20 €/KG","img":"https://fd8-photos.leclercdrive.fr/image.ashx?id=2842960&use=l&cat=p&typeid=i","cat":288992},{"id":245085,"n":"Sauce aigre douce Maggi  pour poulet - 355g","p":3.52,"u":"9,92 €/KG","img":"https://fd8-photos.leclercdrive.fr/image.ashx?id=2947231&use=l&cat=p&typeid=i","cat":288992},{"id":245086,"n":"Sauce Tikka Masala Maggi pour poulet - 340g","p":3.57,"u":"10,50 €/KG","img":"https://fd8-photos.leclercdrive.fr/image.ashx?id=2971772&use=l&cat=p&typeid=i","cat":289012},{"id":245238,"n":"Gousses vanille Tablier Blanc x2 - 4g","p":5.44,"img":"https://fd8-photos.leclercdrive.fr/image.ashx?id=2837701&use=l&cat=p&typeid=i","cat":284504},{"id":245560,"n":"Couscous aux epices douces  Comptoir du grain 2x250g","p":1.73,"u":"3,46 €/KG","img":"https://fd8-photos.leclercdrive.fr/image.ashx?id=3012875&use=l&cat=p&typeid=i","cat":284429},{"id":245576,"n":"Sauce Pesto vert Panzani au basilic - 2x90g","p":2.8,"u":"15,56 €/KG","img":"https://fd8-photos.leclercdrive.fr/image.ashx?id=2873841&use=l&cat=p&typeid=i","cat":299047},{"id":245579,"n":"Sauce Pesto vert crémeux  Panzani - 190g","p":2.18,"u":"11,47 €/KG","img":"https://fd8-photos.leclercdrive.fr/image.ashx?id=2873838&use=l&cat=p&typeid=i","cat":299047},{"id":245580,"n":"Sauce Arrabbiata Panzani 400g","p":2.22,"u":"5,55 €/KG","img":"https://fd8-photos.leclercdrive.fr/image.ashx?id=2880694&use=l&cat=p&typeid=i","cat":299047},{"id":245582,"n":"Sauce Pesto Panzani poivrons ricotta - 190g","p":2.13,"u":"11,21 €/KG","img":"https://fd8-photos.leclercdrive.fr/image.ashx?id=2873835&use=l&cat=p&typeid=i","cat":299047},{"id":245681,"n":"Tranches Emmental Baguette Président - 8 tranches - 120g","p":1.95,"u":"16,25 €/KG","img":"https://fd8-photos.leclercdrive.fr/image.ashx?id=2840518&use=l&cat=p&typeid=i","cat":314028},{"id":245745,"n":"Farine de blé type 55 - 1kg Pratiques agricoles bas carbone","p":0.89,"u":"0,89 €/KG","img":"https://fd8-photos.leclercdrive.fr/image.ashx?id=2969994&use=l&cat=p&typeid=i","cat":284503},{"id":245929,"n":"Tablette chocolat KitKat Caramel salé - 99g","p":2.35,"u":"23,74 €/KG","img":"https://fd8-photos.leclercdrive.fr/image.ashx?id=2990868&use=l&cat=p&typeid=i","cat":284497},{"id":245930,"n":"Tablette KitKat  Double chocolat - 99g","p":2.34,"u":"23,64 €/KG","img":"https://fd8-photos.leclercdrive.fr/image.ashx?id=2990865&use=l&cat=p&typeid=i","cat":284497},{"id":245931,"n":"Tablette chocolat KitKat  Noisette - 99g","p":2.34,"u":"23,64 €/KG","img":"https://fd8-photos.leclercdrive.fr/image.ashx?id=2871046&use=l&cat=p&typeid=i","cat":284497},{"id":245940,"n":"Ravioles à poêler Lustucru Fromages sélectionnés - 280g","p":3.15,"u":"11,25 €/KG","img":"https://fd8-photos.leclercdrive.fr/image.ashx?id=2841783&use=l&cat=p&typeid=i","cat":333682},{"id":246165,"n":"Gel Douche Le Petit Marseillais Lait d'amande douce - 2x650ml","p":6.23,"u":"4,79 €/L","img":"https://fd8-photos.leclercdrive.fr/image.ashx?id=2843436&use=l&cat=p&typeid=i","cat":284594},{"id":246201,"n":"Pâtes penné rigaté Eco+ 1kg","p":1.1,"u":"1,10 €/KG","img":"https://fd8-photos.leclercdrive.fr/image.ashx?id=2856736&use=l&cat=p&typeid=i","cat":284427},{"id":246216,"n":"Coupelles Douceurs du Verger Pomme Fraise - 4x100g","p":1.23,"u":"3,08 €/KG","img":"https://fd8-photos.leclercdrive.fr/image.ashx?id=2878741&use=l&cat=p&typeid=i","cat":284508},{"id":246217,"n":"Gourdes Douceur du Verger Pommes Fraises abricot 4x90g","p":1.6,"u":"4,44 €/KG","img":"https://fd8-photos.leclercdrive.fr/image.ashx?id=2934781&use=l&cat=p&typeid=i","cat":284508},{"id":246260,"n":"Masque Elseve Total Repair 5 - 310ml","p":5.02,"u":"16,19 €/L","img":"https://fd8-photos.leclercdrive.fr/image.ashx?id=2844178&use=l&cat=p&typeid=i","cat":284608},{"id":246261,"n":"Shampooing Elseve Hyaluronique - 400ml","p":6.09,"u":"15,23 €/L","img":"https://fd8-photos.leclercdrive.fr/image.ashx?id=2844181&use=l&cat=p&typeid=i","cat":284606},{"id":246262,"n":"Shampooing Elseve Dream long - 400ml","p":5.46,"u":"13,65 €/L","img":"https://fd8-photos.leclercdrive.fr/image.ashx?id=2844187&use=l&cat=p&typeid=i","cat":284606},{"id":246263,"n":"Sérum Elseve Anti-chute - 102ml","p":10.96,"u":"107,45 €/L","img":"https://fd8-photos.leclercdrive.fr/image.ashx?id=2844190&use=l&cat=p&typeid=i","cat":284608},{"id":246269,"n":"Après-shampooing Elseve Démêlant anti-chute - 150ml","p":6.39,"u":"42,60 €/L","img":"https://fd8-photos.leclercdrive.fr/image.ashx?id=2844193&use=l&cat=p&typeid=i","cat":284607},{"id":246270,"n":"Shampooing Elseve Anti-chute - 200ml","p":5.59,"u":"27,95 €/L","img":"https://fd8-photos.leclercdrive.fr/image.ashx?id=2844196&use=l&cat=p&typeid=i","cat":284606},{"id":246272,"n":"Shampooing Elseve Hyaluronique Pure - 250ml","p":4.18,"u":"16,72 €/L","img":"https://fd8-photos.leclercdrive.fr/image.ashx?id=2981593&use=l&cat=p&typeid=i","cat":284606},{"id":246318,"n":"Tablette de chocolat Equador Blond caramel amandes - 100g","p":1.69,"u":"16,90 €/KG","img":"https://fd8-photos.leclercdrive.fr/image.ashx?id=2843824&use=l&cat=p&typeid=i","cat":284497},{"id":246327,"n":"Effilés en sauce Purina One Multivarietés - 680g","p":4.72,"u":"6,94 €/KG","img":"https://fd8-photos.leclercdrive.fr/image.ashx?id=2940606&use=l&cat=p&typeid=i","cat":285286},{"id":246328,"n":"Croquettes Purina One Chat stérilisé - 1,5 kg","p":7.38,"u":"4,92 €/KG","img":"https://fd8-photos.leclercdrive.fr/image.ashx?id=2844490&use=l&cat=p&typeid=i","cat":284680},{"id":246330,"n":"Saumon Selection Purina One Junior 1 à 12 mois - 1.5 kg","p":7.42,"u":"4,95 €/KG","img":"https://fd8-photos.leclercdrive.fr/image.ashx?id=2844487&use=l&cat=p&typeid=i","cat":284680},{"id":246331,"n":"Saumon Purina One Mini 85g","p":4.14,"u":"4,87 €/KG","img":"https://fd8-photos.leclercdrive.fr/image.ashx?id=2844484&use=l&cat=p&typeid=i","cat":294526},{"id":246335,"n":"Mini boeuf Purina One Mini 85g","p":4.67,"u":"5,49 €/KG","img":"https://fd8-photos.leclercdrive.fr/image.ashx?id=2844481&use=l&cat=p&typeid=i","cat":284673},{"id":246427,"n":"Soupe deshydratée Knorr Pistou","p":1.39,"u":"17,38 €/KG","img":"https://fd8-photos.leclercdrive.fr/image.ashx?id=2845071&use=l&cat=p&typeid=i","cat":284463},{"id":246459,"n":"Bière French IPA Ninkasi - 44cl 5,4% vol.","p":3.21,"u":"7,30 €/L","img":"https://fd8-photos.leclercdrive.fr/image.ashx?id=2849190&use=l&cat=p&typeid=i","cat":334872},{"id":246466,"n":"Soupe Knorr Pot au feu -14x55g","p":1.43,"u":"1,86 €/KG","img":"https://fd8-photos.leclercdrive.fr/image.ashx?id=2845656&use=l&cat=p&typeid=i","cat":293527},{"id":246546,"n":"Cube allume feu Silex Sans odeur - x40","p":2.35,"u":"0,06 €/P","img":"https://fd8-photos.leclercdrive.fr/image.ashx?id=2849593&use=l&cat=p&typeid=i","cat":300578},{"id":246547,"n":"Crème nettoyante Neutrogena Points noirs 2% - 150ml","p":5.73,"u":"38,20 €/L","img":"https://fd8-photos.leclercdrive.fr/image.ashx?id=2846045&use=l&cat=p&typeid=i","cat":284603},{"id":246548,"n":"Gel exfoliant Neutrogena Pamplemousse 0.5% - 150ml","p":6.21,"u":"41,40 €/L","img":"https://fd8-photos.leclercdrive.fr/image.ashx?id=2846048&use=l&cat=p&typeid=i","cat":325346},{"id":246549,"n":"Gel nettoyant Neutrogena Pamplemousse 0.5% - 200ml","p":4.95,"u":"24,75 €/L","img":"https://fd8-photos.leclercdrive.fr/image.ashx?id=2846051&use=l&cat=p&typeid=i","cat":284603},{"id":246550,"n":"Mousse aérienne nettoyante Nuxe Very Rose - 150ml","p":13.5,"u":"90,00 €/L","img":"https://fd8-photos.leclercdrive.fr/image.ashx?id=2847171&use=l&cat=p&typeid=i","cat":301587},{"id":246553,"n":"Gel réparateur cutané Osmo Soft Coups de soleil - 150g","p":4.9,"u":"32,67 €/KG","img":"https://fd8-photos.leclercdrive.fr/image.ashx?id=2862551&use=l&cat=p&typeid=i","cat":290405},{"id":246638,"n":"Riz parfumé Taureau Ailé 1kg","p":2.88,"u":"2,88 €/KG","img":"https://fd8-photos.leclercdrive.fr/image.ashx?id=2846739&use=l&cat=p&typeid=i","cat":284428},{"id":246639,"n":"Sac cadeau Noël Esquisse Noir - 26x13x32cm","p":0.75,"img":"https://fd8-photos.leclercdrive.fr/image.ashx?id=2845734&use=l&cat=p&typeid=i","cat":335914},{"id":246640,"n":"Sac cadeau Noël Noir - 18x10x23cm","p":0.55,"img":"https://fd8-photos.leclercdrive.fr/image.ashx?id=2845740&use=l&cat=p&typeid=i","cat":335914},{"id":246693,"n":"Sac bouteille Esquisse Feuilles - 12x8.5x35cm","p":0.55,"img":"https://fd8-photos.leclercdrive.fr/image.ashx?id=2846255&use=l&cat=p&typeid=i","cat":335914},{"id":246694,"n":"Sac Bouteille Noël Esquisse Noir - 11x11x39cm","p":0.55,"img":"https://fd8-photos.leclercdrive.fr/image.ashx?id=2846285&use=l&cat=p&typeid=i","cat":335914},{"id":246695,"n":"Sac cadeau Noël Esquisse Noir - 32x14x40cm","p":0.95,"img":"https://fd8-photos.leclercdrive.fr/image.ashx?id=2846288&use=l&cat=p&typeid=i","cat":335914},{"id":246921,"n":"Fèves de soja Notre Jardin 450g","p":2.39,"u":"5,31 €/KG","img":"https://fd8-photos.leclercdrive.fr/image.ashx?id=2873183&use=l&cat=p&typeid=i","cat":319805},{"id":247058,"n":"Les Mini Galettes Saint Michel Emmental - 100g","p":1.93,"u":"19,30 €/KG","img":"https://fd8-photos.leclercdrive.fr/image.ashx?id=2936278&use=l&cat=p&typeid=i","cat":297000},{"id":247059,"n":"Les minis galettes Saint Michel Comté - 100g","p":1.86,"u":"18,60 €/KG","img":"https://fd8-photos.leclercdrive.fr/image.ashx?id=2936281&use=l&cat=p&typeid=i","cat":297000},{"id":247060,"n":"Les Minis Galettes Saint Michel Tomates herbes de provence 100g","p":1.85,"u":"18,50 €/KG","img":"https://fd8-photos.leclercdrive.fr/image.ashx?id=2936284&use=l&cat=p&typeid=i","cat":297000},{"id":247061,"n":"Les minis pesto Saint Michel madeleines moelleuses  100g","p":1.87,"u":"18,70 €/KG","img":"https://fd8-photos.leclercdrive.fr/image.ashx?id=2936302&use=l&cat=p&typeid=i","cat":297000},{"id":247087,"n":"Duo blé riz sarrasin Jardin Bio 220g","p":1.78,"u":"8,09 €/KG","img":"https://fd8-photos.leclercdrive.fr/image.ashx?id=2849953&use=l&cat=p&typeid=i","cat":284953},{"id":247088,"n":"Velouté de tomates Jardin Bio Lentilles corail bio - 2X33cl","p":2.57,"u":"3,89 €/L","img":"https://fd8-photos.leclercdrive.fr/image.ashx?id=2849950&use=l&cat=p&typeid=i","cat":284462},{"id":247091,"n":"Trio gourmand Jardin Bio Riz lentilles bio - 220g","p":1.8,"u":"8,18 €/KG","img":"https://fd8-photos.leclercdrive.fr/image.ashx?id=2849944&use=l&cat=p&typeid=i","cat":284953},{"id":247092,"n":"Blé à la tomate Jardin Bio Basilic - 220g","p":1.82,"u":"8,27 €/KG","img":"https://fd8-photos.leclercdrive.fr/image.ashx?id=2849941&use=l&cat=p&typeid=i","cat":284953},{"id":247093,"n":"Nouilles curry Jardin Bio 220g","p":2.6,"u":"11,82 €/KG","img":"https://fd8-photos.leclercdrive.fr/image.ashx?id=2849938&use=l&cat=p&typeid=i","cat":284953},{"id":247096,"n":"Pad Thai Jardin Bio bio 220g","p":3.15,"u":"14,32 €/KG","img":"https://fd8-photos.leclercdrive.fr/image.ashx?id=2849935&use=l&cat=p&typeid=i","cat":284953},{"id":247099,"n":"Coupelles Douceur du verger pomme banane - 4x100g","p":1.09,"u":"2,73 €/KG","img":"https://fd8-photos.leclercdrive.fr/image.ashx?id=2878744&use=l&cat=p&typeid=i","cat":284508},{"id":247261,"n":"Shampooing Elsève Colorvive - 300ml","p":4.18,"u":"13,93 €/L","img":"https://fd8-photos.leclercdrive.fr/image.ashx?id=2850614&use=l&cat=p&typeid=i","cat":284606},{"id":247262,"n":"Shampooing Elsève Hyaluronique - 250ml","p":4.18,"u":"16,72 €/L","img":"https://fd8-photos.leclercdrive.fr/image.ashx?id=2869095&use=l&cat=p&typeid=i","cat":284606},{"id":247263,"n":"Shampooing Elsève Total repair 5 - 300ml","p":4.18,"u":"13,93 €/L","img":"https://fd8-photos.leclercdrive.fr/image.ashx?id=2850617&use=l&cat=p&typeid=i","cat":284606},{"id":247264,"n":"Shampooing Elseve Huile extraordinaire - 250ml","p":4.18,"u":"16,72 €/L","img":"https://fd8-photos.leclercdrive.fr/image.ashx?id=2868690&use=l&cat=p&typeid=i","cat":284606},{"id":247265,"n":"Shampooing Elseve Dream long - 250ml","p":4.18,"u":"16,72 €/L","img":"https://fd8-photos.leclercdrive.fr/image.ashx?id=2850623&use=l&cat=p&typeid=i","cat":284606},{"id":247269,"n":"Shampooing Elseve Nutri gloss - 300ml","p":4.18,"u":"13,93 €/L","img":"https://fd8-photos.leclercdrive.fr/image.ashx?id=2869089&use=l&cat=p&typeid=i","cat":284606},{"id":247270,"n":"Shampooing Elseve Multi-vitaminé - 300ml","p":4.18,"u":"13,93 €/L","img":"https://fd8-photos.leclercdrive.fr/image.ashx?id=2850629&use=l&cat=p&typeid=i","cat":284606},{"id":247271,"n":"Après-shampooing Elseve Color vive - 250ml","p":4.18,"u":"16,72 €/L","img":"https://fd8-photos.leclercdrive.fr/image.ashx?id=2850632&use=l&cat=p&typeid=i","cat":284607},{"id":247273,"n":"Démélant Elseve Hyaluronique Booster hydratation 72h - 200ml","p":4.18,"u":"20,90 €/L","img":"https://fd8-photos.leclercdrive.fr/image.ashx?id=2869092&use=l&cat=p&typeid=i","cat":284607},{"id":247274,"n":"Après-Shampooing Elseve Dream Long - 200ml","p":4.18,"u":"20,90 €/L","img":"https://fd8-photos.leclercdrive.fr/image.ashx?id=2850638&use=l&cat=p&typeid=i","cat":284607},{"id":247275,"n":"Après-shampooing Elseve Nutri gloss - 250ml","p":4.18,"u":"16,72 €/L","img":"https://fd8-photos.leclercdrive.fr/image.ashx?id=2850641&use=l&cat=p&typeid=i","cat":284607},{"id":247368,"n":"Girasoli Lustucru Selection Mozzarella chorizo - 250g","p":2.6,"u":"10,40 €/KG","img":"https://fd8-photos.leclercdrive.fr/image.ashx?id=2974354&use=l&cat=p&typeid=i","cat":333682},{"id":247655,"n":"Bière IPA Brasseurs savoyards Blonde Bio - 6.3% 75cl","p":5.82,"u":"7,76 €/L","img":"https://fd8-photos.leclercdrive.fr/image.ashx?id=2853236&use=l&cat=p&typeid=i","cat":334872},{"id":247720,"n":"Préparation Lucien Georgelin coing - 320g","p":2.5,"u":"7,81 €/KG","img":"https://fd8-photos.leclercdrive.fr/image.ashx?id=2855244&use=l&cat=p&typeid=i","cat":284480},{"id":247763,"n":"Mayonnaise Rustica 425g","p":1.65,"u":"3,88 €/KG","img":"https://fd8-photos.leclercdrive.fr/image.ashx?id=2955086&use=l&cat=p&typeid=i","cat":298295},{"id":247828,"n":"Rénovateur plastiques TECH9 Extérieurs - 500ml","p":3.45,"u":"6,90 €/L","img":"https://fd8-photos.leclercdrive.fr/image.ashx?id=2953422&use=l&cat=p&typeid=i","cat":298252},{"id":247829,"n":"Lingettes vitres TECH9 x25","p":2.75,"img":"https://fd8-photos.leclercdrive.fr/image.ashx?id=2907279&use=l&cat=p&typeid=i","cat":298252},{"id":247830,"n":"Lingettes tableau de bord","p":3.14,"img":"https://fd8-photos.leclercdrive.fr/image.ashx?id=2907282&use=l&cat=p&typeid=i","cat":298252},{"id":247831,"n":"Nettoyant plastique mat Tech9 400ml","p":3.99,"u":"9,98 €/L","img":"https://fd8-photos.leclercdrive.fr/image.ashx?id=2949664&use=l&cat=p&typeid=i","cat":298252},{"id":247834,"n":"Nettoyant plastique mat Tech9 400ml","p":3.99,"u":"9,98 €/L","img":"https://fd8-photos.leclercdrive.fr/image.ashx?id=2907288&use=l&cat=p&typeid=i","cat":298252},{"id":247863,"n":"Shampooing Elsève Color vive  2 en 1 - 250ml","p":4.25,"u":"17,00 €/L","img":"https://fd8-photos.leclercdrive.fr/image.ashx?id=2853961&use=l&cat=p&typeid=i","cat":284606},{"id":247864,"n":"Bière blanche Hefeweizen Brasserie Georges - 75cl","p":5.35,"u":"16,21 €/L","img":"https://fd8-photos.leclercdrive.fr/image.ashx?id=2853308&use=l&cat=p&typeid=i","cat":334878},{"id":247865,"n":"Shampooing Elsève Color vive  500ml","p":5.12,"u":"10,24 €/L","img":"https://fd8-photos.leclercdrive.fr/image.ashx?id=2853964&use=l&cat=p&typeid=i","cat":284606},{"id":247866,"n":"Shampooing Elsève Full resist  250ml","p":3.69,"u":"14,76 €/L","img":"https://fd8-photos.leclercdrive.fr/image.ashx?id=2853967&use=l&cat=p&typeid=i","cat":284606},{"id":247867,"n":"Shampooing Elsève Huile  extraordinaire Coco - 250ml","p":4.09,"u":"16,36 €/L","img":"https://fd8-photos.leclercdrive.fr/image.ashx?id=2853970&use=l&cat=p&typeid=i","cat":284606},{"id":247868,"n":"Neipa Original New England IPA Bière Georges - 33cl","p":2.56,"u":"3,41 €/L","img":"https://fd8-photos.leclercdrive.fr/image.ashx?id=2853302&use=l&cat=p&typeid=i","cat":334872},{"id":247869,"n":"Shampooing Elsève Huile  extraordinaire amla -250ml","p":3.69,"u":"14,76 €/L","img":"https://fd8-photos.leclercdrive.fr/image.ashx?id=2853973&use=l&cat=p&typeid=i","cat":284606},{"id":247871,"n":"Shampooing Elsève  Liss intense -300ml","p":4.1,"u":"13,67 €/L","img":"https://fd8-photos.leclercdrive.fr/image.ashx?id=2853976&use=l&cat=p&typeid=i","cat":284606},{"id":247873,"n":"Shampooing Elsève Fibralogy Volume - 300ml","p":4.17,"u":"13,90 €/L","img":"https://fd8-photos.leclercdrive.fr/image.ashx?id=2870686&use=l&cat=p&typeid=i","cat":284606},{"id":247874,"n":"Savon liquide Le Naturel  Extra pur de Marseille -500ml","p":2.48,"u":"4,96 €/L","img":"https://fd8-photos.leclercdrive.fr/image.ashx?id=2869119&use=l&cat=p&typeid=i","cat":284597},{"id":247875,"n":"Bière blanche Hefeweizen - 33cl Brasserie Georges","p":2.75,"u":"8,33 €/L","img":"https://fd8-photos.leclercdrive.fr/image.ashx?id=2853311&use=l&cat=p&typeid=i","cat":334878},{"id":247877,"n":"Savon liquide Le Naturel Fleur d'oranger - 500ml","p":3.11,"u":"6,22 €/L","img":"https://fd8-photos.leclercdrive.fr/image.ashx?id=2868693&use=l&cat=p&typeid=i","cat":284597},{"id":247878,"n":"Savon liquide Le Natural  Recharge Savon de Marseille -1l","p":4.73,"u":"4,73 €/L","img":"https://fd8-photos.leclercdrive.fr/image.ashx?id=2869122&use=l&cat=p&typeid=i","cat":284597},{"id":247879,"n":"Adoucissant Soupline Concentré Grand air - 1.9L","p":9.17,"u":"4,83 €/L","img":"https://fd8-photos.leclercdrive.fr/image.ashx?id=2966800&use=l&cat=p&typeid=i","cat":284650},{"id":247880,"n":"Bière blonde - 33cl Brasserie Georges","p":2.75,"u":"8,33 €/L","img":"https://fd8-photos.leclercdrive.fr/image.ashx?id=2853305&use=l&cat=p&typeid=i","cat":334873},{"id":247881,"n":"Adoucissant concentré Soupline  Douceur des Alpes -0,9L","p":3.46,"u":"3,84 €/L","img":"https://fd8-photos.leclercdrive.fr/image.ashx?id=2854825&use=l&cat=p&typeid=i","cat":284650},{"id":247882,"n":"Shampooing Elsève  Antipelliculaire - 300ml","p":3.84,"u":"12,80 €/L","img":"https://fd8-photos.leclercdrive.fr/image.ashx?id=2853982&use=l&cat=p&typeid=i","cat":284606},{"id":248327,"n":"Crème de douche Corine de Farme Surgras - Noix de coco - 500ml","p":3.32,"u":"6,64 €/L","img":"https://fd8-photos.leclercdrive.fr/image.ashx?id=2856386&use=l&cat=p&typeid=i","cat":284594},{"id":248328,"n":"Recharge Crème de douche  Le Petit Marseillais Lait 500ml","p":2.8,"u":"5,60 €/L","img":"https://fd8-photos.leclercdrive.fr/image.ashx?id=2855957&use=l&cat=p&typeid=i","cat":284594},{"id":248329,"n":"Recharge Crème de douche Fleur d'oranger - 500ml","p":2.78,"u":"5,56 €/L","img":"https://fd8-photos.leclercdrive.fr/image.ashx?id=2855960&use=l&cat=p&typeid=i","cat":284594},{"id":248330,"n":"Recharge Crème de douche Lait d'amande - 500ml","p":2.92,"u":"5,84 €/L","img":"https://fd8-photos.leclercdrive.fr/image.ashx?id=2855963&use=l&cat=p&typeid=i","cat":284594},{"id":248340,"n":"Recharge Crème de douche Le Petit Marseillais Vanille 500ml","p":2.73,"u":"5,46 €/L","img":"https://fd8-photos.leclercdrive.fr/image.ashx?id=2855966&use=l&cat=p&typeid=i","cat":284594},{"id":248343,"n":"Masque capillaire Fructis Méthode boucles - 370ml","p":6.06,"u":"16,38 €/L","img":"https://fd8-photos.leclercdrive.fr/image.ashx?id=2867107&use=l&cat=p&typeid=i","cat":284608},{"id":248345,"n":"Bandes de cire visage Veet Peaux sensibles - x16","p":4.5,"img":"https://fd8-photos.leclercdrive.fr/image.ashx?id=2901668&use=l&cat=p&typeid=i","cat":325351},{"id":248544,"n":"Ananas Extra Sweet 1p","p":2.99,"img":"https://fd8-photos.leclercdrive.fr/image.ashx?id=2856700&use=l&cat=p&typeid=i","cat":284356},{"id":248545,"n":"Chou-fleur blanc 1p","p":1.68,"img":"https://fd8-photos.leclercdrive.fr/image.ashx?id=1631991&use=l&cat=p&typeid=i","cat":284352},{"id":248546,"n":"Feuille de chêne blonde 1p","p":1.37,"img":"https://fd8-photos.leclercdrive.fr/image.ashx?id=1633646&use=l&cat=p&typeid=i","cat":284352},{"id":248598,"n":"Mangue 1p","p":1.99,"img":"https://fd8-photos.leclercdrive.fr/image.ashx?id=1636371&use=l&cat=p&typeid=i","cat":284356},{"id":248823,"n":"Sauce algérienne Rustica 260g","p":1.67,"u":"6,42 €/KG","img":"https://fd8-photos.leclercdrive.fr/image.ashx?id=2954397&use=l&cat=p&typeid=i","cat":318431},{"id":248827,"n":"Pains au lait Epi d'or x15 - 525g","p":1.78,"u":"3,39 €/KG","img":"https://fd8-photos.leclercdrive.fr/image.ashx?id=2893337&use=l&cat=p&typeid=i","cat":296366},{"id":248828,"n":"Galettes maïs et lin Bio  Bio Village - 115g","p":1.2,"u":"8,00 €/KG","img":"https://fd8-photos.leclercdrive.fr/image.ashx?id=2858117&use=l&cat=p&typeid=i","cat":null},{"id":248918,"n":"Filtre café original Blanc 1x4 80 filtres","p":2.91,"img":"https://fd8-photos.leclercdrive.fr/image.ashx?id=2891691&use=l&cat=p&typeid=i","cat":284751},{"id":249019,"n":"Lessive liquide Xéor Savon de Marseille - 2.2L","p":3.89,"u":"1,77 €/L","img":"https://fd8-photos.leclercdrive.fr/image.ashx?id=2901500&use=l&cat=p&typeid=i","cat":284640},{"id":249021,"n":"Lessive liquide Xéor Savon de Marseille - 1.2L","p":2.12,"u":"1,77 €/L","img":"https://fd8-photos.leclercdrive.fr/image.ashx?id=2901503&use=l&cat=p&typeid=i","cat":284640},{"id":249037,"n":"Spray Huile d'amande douce Biolane 75ml","p":2.49,"u":"33,20 €/L","img":"https://fd8-photos.leclercdrive.fr/image.ashx?id=2893705&use=l&cat=p&typeid=i","cat":284741},{"id":249039,"n":"Lingettes au lait de toilette  Biolane x72","p":3.08,"u":"0,04 €/P","img":"https://fd8-photos.leclercdrive.fr/image.ashx?id=2875381&use=l&cat=p&typeid=i","cat":284738},{"id":249040,"n":"Crème nourrissante et hydratant Biolane 100ml","p":2.29,"u":"22,90 €/L","img":"https://fd8-photos.leclercdrive.fr/image.ashx?id=2893699&use=l&cat=p&typeid=i","cat":284741},{"id":249041,"n":"Crème de change dermo-pédiatrie Biolane 100ml","p":2.29,"u":"22,90 €/L","img":"https://fd8-photos.leclercdrive.fr/image.ashx?id=2893702&use=l&cat=p&typeid=i","cat":284741},{"id":249173,"n":"Riz basmati Taureau Ailé 1kg","p":3.63,"u":"3,63 €/KG","img":"https://fd8-photos.leclercdrive.fr/image.ashx?id=2860457&use=l&cat=p&typeid=i","cat":284428},{"id":249562,"n":"Pâte de noisettes Natù et noix de cajou - Bio - 220g","p":6.56,"u":"29,82 €/KG","img":"https://fd8-photos.leclercdrive.fr/image.ashx?id=2861207&use=l&cat=p&typeid=i","cat":284481},{"id":249956,"n":"Perles de linge Soupline  Grand air - 460g","p":17.28,"img":"https://fd8-photos.leclercdrive.fr/image.ashx?id=2861833&use=l&cat=p&typeid=i","cat":284650},{"id":249958,"n":"Risotto classique Knorr 12min - 175g","p":2.3,"u":"13,14 €/KG","img":"https://fd8-photos.leclercdrive.fr/image.ashx?id=3011956&use=l&cat=p&typeid=i","cat":284428},{"id":249964,"n":"Gourdes Douceur du Verger Fruits jaunes - 12x90g","p":4.39,"u":"4,06 €/KG","img":"https://fd8-photos.leclercdrive.fr/image.ashx?id=2934790&use=l&cat=p&typeid=i","cat":284508},{"id":249965,"n":"Gourdes Douceur du Verger 12x90g","p":4.19,"u":"3,88 €/KG","img":"https://fd8-photos.leclercdrive.fr/image.ashx?id=2934787&use=l&cat=p&typeid=i","cat":284508},{"id":249966,"n":"Gourdes Douceur du Verger 20x90g","p":4.89,"u":"2,72 €/KG","img":"https://fd8-photos.leclercdrive.fr/image.ashx?id=2934784&use=l&cat=p&typeid=i","cat":284508},{"id":249994,"n":"Adoucissant Soupline  Hypoallergenique - 880ml","p":4.97,"u":"5,65 €/L","img":"https://fd8-photos.leclercdrive.fr/image.ashx?id=2863923&use=l&cat=p&typeid=i","cat":284650},{"id":250026,"n":"Sauce samourai Rustica 260g","p":1.39,"u":"5,35 €/KG","img":"https://fd8-photos.leclercdrive.fr/image.ashx?id=2955074&use=l&cat=p&typeid=i","cat":318431},{"id":250153,"n":"Sauce burger Rustica 260g","p":1.29,"u":"4,96 €/KG","img":"https://fd8-photos.leclercdrive.fr/image.ashx?id=2954400&use=l&cat=p&typeid=i","cat":318431},{"id":250158,"n":"Crème hydratante So Bio Etic Booster d'éclat Bio 50ml","p":10.17,"u":"203,40 €/L","img":"https://fd8-photos.leclercdrive.fr/image.ashx?id=2863581&use=l&cat=p&typeid=i","cat":325350},{"id":250160,"n":"Sérum hydratation So Bio Etic Booster d'éclat Bio30ml","p":11.86,"u":"395,33 €/L","img":"https://fd8-photos.leclercdrive.fr/image.ashx?id=2863578&use=l&cat=p&typeid=i","cat":325345},{"id":250172,"n":"Sérum hydratant So Bio Etic Fortifiant repulpant Bio - 30ml","p":14.84,"u":"494,67 €/L","img":"https://fd8-photos.leclercdrive.fr/image.ashx?id=2863584&use=l&cat=p&typeid=i","cat":325345},{"id":250187,"n":"Crème douceur nuit So Bio Etic Régénérante - Anesse Bio 50ml","p":20.83,"u":"416,60 €/L","img":"https://fd8-photos.leclercdrive.fr/image.ashx?id=2863587&use=l&cat=p&typeid=i","cat":325345},{"id":250205,"n":"Opéra 4 parts","p":8.61,"u":"26,91 €/KG","img":"https://fd8-photos.leclercdrive.fr/image.ashx?id=2863605&use=l&cat=p&typeid=i","cat":284360},{"id":250250,"n":"Cognac Hennessy  Very special 40% - 70cl","p":39.9,"u":"57,00 €/L","img":"https://fd8-photos.leclercdrive.fr/image.ashx?id=2863437&use=l&cat=p&typeid=i","cat":286032},{"id":250406,"n":"Sérum capillaire So Bio Etic Karité bio équitable - 100ml","p":9.22,"u":"92,20 €/L","img":"https://fd8-photos.leclercdrive.fr/image.ashx?id=2864104&use=l&cat=p&typeid=i","cat":284608},{"id":250407,"n":"Huile végétale So Bio Etic Ricin Bio équitable - 100ml","p":9.39,"u":"93,90 €/L","img":"https://fd8-photos.leclercdrive.fr/image.ashx?id=2864107&use=l&cat=p&typeid=i","cat":284608},{"id":250410,"n":"Eau micellaire So Bio Etic Tous types de peaux Bio 300ml","p":3.82,"u":"12,73 €/L","img":"https://fd8-photos.leclercdrive.fr/image.ashx?id=2864095&use=l&cat=p&typeid=i","cat":284603},{"id":250411,"n":"Gel douche So Bio Etic Fleurs de Cerisier Bio - 300ml","p":3.22,"u":"10,73 €/L","img":"https://fd8-photos.leclercdrive.fr/image.ashx?id=2864101&use=l&cat=p&typeid=i","cat":284594},{"id":250412,"n":"Gel douche So Bio Etic Fruits du verger Bio - 300ml","p":3.25,"u":"10,83 €/L","img":"https://fd8-photos.leclercdrive.fr/image.ashx?id=2912275&use=l&cat=p&typeid=i","cat":284594},{"id":250421,"n":"Sérum visage Nivea Luminous anti-tâches 30ml","p":16.35,"u":"545,00 €/L","img":"https://fd8-photos.leclercdrive.fr/image.ashx?id=3000821&use=l&cat=p&typeid=i","cat":325345},{"id":250431,"n":"Adoucissant Soupline concentré  Hypoallergénique - 1900 ml","p":11.26,"u":"5,93 €/L","img":"https://fd8-photos.leclercdrive.fr/image.ashx?id=2864230&use=l&cat=p&typeid=i","cat":284650},{"id":250432,"n":"Adoucissant Soupline Concentré  Lavande relaxante  1,9 L","p":8.79,"u":"4,63 €/L","img":"https://fd8-photos.leclercdrive.fr/image.ashx?id=2864227&use=l&cat=p&typeid=i","cat":284650},{"id":250433,"n":"Adoucissant  Soupline concentré Coco Envoûtant - 835ml","p":4.52,"u":"5,41 €/L","img":"https://fd8-photos.leclercdrive.fr/image.ashx?id=2864224&use=l&cat=p&typeid=i","cat":284650},{"id":250435,"n":"Adoucissant concentré Soupline Ultra Vanille - 835ml","p":4.97,"u":"5,95 €/L","img":"https://fd8-photos.leclercdrive.fr/image.ashx?id=2864221&use=l&cat=p&typeid=i","cat":284650},{"id":250820,"n":"Gnocchini à poêler Lustucru 2x300g + 1 offert","p":3.19,"u":"3,54 €/KG","img":"https://fd8-photos.leclercdrive.fr/image.ashx?id=2939493&use=l&cat=p&typeid=i","cat":333682},{"id":250856,"n":"Steaks végétal Végé Blé & Pois x2 - 200g","p":2.99,"u":"14,95 €/KG","img":"https://fd8-photos.leclercdrive.fr/image.ashx?id=2932686&use=l&cat=p&typeid=i","cat":316036},{"id":250862,"n":"Panés epinards  Fromages - 2x90g","p":1.88,"u":"1,04 €/L","img":"https://fd8-photos.leclercdrive.fr/image.ashx?id=2932677&use=l&cat=p&typeid=i","cat":316036},{"id":251240,"n":"Champagne Jean Dalbray Cuvée spéciale Brut - 75cl","p":17.69,"u":"23,59 €/L","img":"https://fd8-photos.leclercdrive.fr/image.ashx?id=2866780&use=l&cat=p&typeid=i","cat":284542},{"id":251371,"n":"Pâtes Gros Vermicelles Alpina  Savoie - 500 g","p":1.45,"u":"2,90 €/KG","img":"https://fd8-photos.leclercdrive.fr/image.ashx?id=2867041&use=l&cat=p&typeid=i","cat":284427},{"id":251383,"n":"Saucisses végétales Végé x4 - 200g","p":2.12,"u":"10,60 €/KG","img":"https://fd8-photos.leclercdrive.fr/image.ashx?id=2932689&use=l&cat=p&typeid=i","cat":316036},{"id":251384,"n":"Escalopes panées végétales Végé x2 - 180g","p":1.99,"u":"11,06 €/KG","img":"https://fd8-photos.leclercdrive.fr/image.ashx?id=2884279&use=l&cat=p&typeid=i","cat":316036},{"id":251385,"n":"Émincés végétal Végé 160g","p":2.23,"u":"13,94 €/KG","img":"https://fd8-photos.leclercdrive.fr/image.ashx?id=2932680&use=l&cat=p&typeid=i","cat":316036},{"id":251522,"n":"Boisson énergisante Celsius Pêche - 35,5cl","p":1.4,"u":"3,94 €/L","img":"https://fd8-photos.leclercdrive.fr/image.ashx?id=2905021&use=l&cat=p&typeid=i","cat":284533},{"id":251990,"n":"Patch invisible visage Garnier Anti-acné - x22","p":10.02,"img":"https://fd8-photos.leclercdrive.fr/image.ashx?id=3000794&use=l&cat=p&typeid=i","cat":325345},{"id":251996,"n":"Perles de linge Soupline Adoucissant - Vanille - 230g","p":8.57,"u":"37,26 €/KG","img":"https://fd8-photos.leclercdrive.fr/image.ashx?id=2868608&use=l&cat=p&typeid=i","cat":284650},{"id":252002,"n":"Couches écoresponsables Biolane Taille 1 - x28","p":7.65,"img":"https://fd8-photos.leclercdrive.fr/image.ashx?id=2876518&use=l&cat=p&typeid=i","cat":284737},{"id":252006,"n":"Nettoyant visage Revitalift Hydratant et lissant - 150ml","p":7.2,"u":"48,00 €/L","img":"https://fd8-photos.leclercdrive.fr/image.ashx?id=2874006&use=l&cat=p&typeid=i","cat":284603},{"id":252008,"n":"Sérum visage Revitalift Laser Correcteur anti-âge -30ml","p":14.6,"u":"486,67 €/L","img":"https://fd8-photos.leclercdrive.fr/image.ashx?id=2874024&use=l&cat=p&typeid=i","cat":325345},{"id":252009,"n":"Lessive liquide Skip Active clean - x40 - 1.68L","p":13.19,"u":"7,85 €/L","img":"https://fd8-photos.leclercdrive.fr/image.ashx?id=2908393&use=l&cat=p&typeid=i","cat":284640},{"id":252097,"n":"Lessive Liquide SKIP Touche de Cajoline x37 lavages","p":12.86,"u":"8,28 €/L","img":"https://fd8-photos.leclercdrive.fr/image.ashx?id=2940660&use=l&cat=p&typeid=i","cat":284640},{"id":252107,"n":"Eau de toilette Biolane Fraîcheur - 200ml","p":4.0,"u":"20,00 €/L","img":"https://fd8-photos.leclercdrive.fr/image.ashx?id=2868978&use=l&cat=p&typeid=i","cat":284741},{"id":252109,"n":"Duo sérum anti-âge L'Oréal Age perfect - 30ml","p":24.5,"pp":16.17,"u":"539,00 €/L","img":"https://fd8-photos.leclercdrive.fr/image.ashx?id=2874003&use=l&cat=p&typeid=i","cat":325345},{"id":252112,"n":"Soin anti-tâches L'Oréal Paris Bright Reveal SPF50+ - 50ml","p":19.68,"u":"393,60 €/L","img":"https://fd8-photos.leclercdrive.fr/image.ashx?id=2903428&use=l&cat=p&typeid=i","cat":325345},{"id":252113,"n":"Fluide anti-uv L'Oréal Medium SPF50 50ml","p":19.79,"u":"395,80 €/L","img":"https://fd8-photos.leclercdrive.fr/image.ashx?id=2874009&use=l&cat=p&typeid=i","cat":325345},{"id":252119,"n":"Gel moussant purifiant L'Oréal Men Expert - 260ml","p":11.57,"u":"44,50 €/L","img":"https://fd8-photos.leclercdrive.fr/image.ashx?id=2874012&use=l&cat=p&typeid=i","cat":284622},{"id":252120,"n":"Crème hydratante L'Oréal Bright Reveal - SPF50 - 50ml","p":16.6,"u":"332,00 €/L","img":"https://fd8-photos.leclercdrive.fr/image.ashx?id=2874015&use=l&cat=p&typeid=i","cat":284622},{"id":252125,"n":"Soin hydratant L'Oréal Matifiant - SPF30 - 40ml","p":12.11,"u":"302,75 €/L","img":"https://fd8-photos.leclercdrive.fr/image.ashx?id=3008785&use=l&cat=p&typeid=i","cat":284622},{"id":252127,"n":"Sérum anti-imperfection L'oréal Men expert - 30ml","p":14.65,"u":"488,33 €/L","img":"https://fd8-photos.leclercdrive.fr/image.ashx?id=2874021&use=l&cat=p&typeid=i","cat":284622},{"id":252128,"n":"Spray nettoyant multi-usage CIF Infinite+Clean Protection 280ml","p":4.74,"u":"16,93 €/MT","img":"https://fd8-photos.leclercdrive.fr/image.ashx?id=2948543&use=l&cat=p&typeid=i","cat":325357},{"id":252129,"n":"Spray nettoyant multi-usage Cif  Infinite+Clean Brillance-280ml","p":4.25,"u":"15,18 €/L","img":"https://fd8-photos.leclercdrive.fr/image.ashx?id=2872234&use=l&cat=p&typeid=i","cat":325357},{"id":252133,"n":"Spray nettoyant multi-usage CIF Infinite+Clean 280ml","p":4.25,"u":"15,18 €/L","img":"https://fd8-photos.leclercdrive.fr/image.ashx?id=2948546&use=l&cat=p&typeid=i","cat":325357},{"id":252134,"n":"Recharge Spray nettoyant CIF Infinite+Clean Protection 590ml","p":4.99,"u":"8,46 €/L","img":"https://fd8-photos.leclercdrive.fr/image.ashx?id=2948549&use=l&cat=p&typeid=i","cat":325357},{"id":252136,"n":"Recharge Spray nettoyant CIF Infinite+Clean Brillance 590ml","p":5.0,"u":"8,47 €/L","img":"https://fd8-photos.leclercdrive.fr/image.ashx?id=2940675&use=l&cat=p&typeid=i","cat":325357},{"id":252137,"n":"Recharge Spray nettoyant CIF Infinite+Clean 590ml","p":4.71,"u":"7,98 €/L","img":"https://fd8-photos.leclercdrive.fr/image.ashx?id=2974066&use=l&cat=p&typeid=i","cat":325357},{"id":252582,"n":"Après-shampooing Elsève Full resist - 200ml","p":4.62,"u":"23,10 €/L","img":"https://fd8-photos.leclercdrive.fr/image.ashx?id=2872931&use=l&cat=p&typeid=i","cat":284607},{"id":252647,"n":"Sushi box express Mowi 7 pièces","p":3.9,"u":"0,56 €/P","img":"https://fd8-photos.leclercdrive.fr/image.ashx?id=2990814&use=l&cat=p&typeid=i","cat":286791},{"id":252763,"n":"Bière blonde Georges Original IPA - 33cl","p":2.75,"u":"8,33 €/L","img":"https://fd8-photos.leclercdrive.fr/image.ashx?id=2899039&use=l&cat=p&typeid=i","cat":334873},{"id":253208,"n":"Crème visage Nivea Anti-rides Power Q10 - 2x50ml","p":17.57,"u":"175,70 €/L","img":"https://fd8-photos.leclercdrive.fr/image.ashx?id=2878258&use=l&cat=p&typeid=i","cat":325345},{"id":253209,"n":"Crème visage jour Nivea Anti-rides extra fermeté 100ml","p":19.32,"u":"193,20 €/L","img":"https://fd8-photos.leclercdrive.fr/image.ashx?id=2875168&use=l&cat=p&typeid=i","cat":325345},{"id":253210,"n":"Crème visage jour Nivea Anti-rides Vitamine C - 2x50ml","p":19.22,"u":"192,20 €/L","img":"https://fd8-photos.leclercdrive.fr/image.ashx?id=2878261&use=l&cat=p&typeid=i","cat":325345},{"id":253339,"n":"Croque Monsieur Herta Chèvre jambon - 310g","p":2.59,"u":"8,35 €/KG","img":"https://fd8-photos.leclercdrive.fr/image.ashx?id=2877745&use=l&cat=p&typeid=i","cat":333671},{"id":253342,"n":"Croque-Monsieur Herta  Maxi Montagnard x2 - 310g","p":2.59,"u":"8,35 €/KG","img":"https://fd8-photos.leclercdrive.fr/image.ashx?id=2877748&use=l&cat=p&typeid=i","cat":333671},{"id":253353,"n":"Colle Sader Répare Tout  Extrême + Liquide 3x1g","p":7.15,"img":"https://fd8-photos.leclercdrive.fr/image.ashx?id=2872904&use=l&cat=p&typeid=i","cat":300576},{"id":253523,"n":"Brosse à dents Petit Dentamyl 2-6 ans - Rose Vert Bleu x3","p":1.47,"u":"0,49 €/P","img":"https://fd8-photos.leclercdrive.fr/image.ashx?id=2872790&use=l&cat=p&typeid=i","cat":288897},{"id":253544,"n":"Brosse à dents pro Dentamyl Bleu - Blancheur x1","p":1.32,"img":"https://fd8-photos.leclercdrive.fr/image.ashx?id=2872832&use=l&cat=p&typeid=i","cat":284614},{"id":253571,"n":"Bols Mots d'Enfants - 2x200g  Tomates, pâtes et boeuf dès 8M","p":2.39,"u":"5,98 €/KG","img":"https://fd8-photos.leclercdrive.fr/image.ashx?id=2892358&use=l&cat=p&typeid=i","cat":312236},{"id":253575,"n":"Bols Mots d'Enfants - 2x200g  Parmentier de cabillaud dès 8M","p":2.09,"u":"5,23 €/KG","img":"https://fd8-photos.leclercdrive.fr/image.ashx?id=2892361&use=l&cat=p&typeid=i","cat":312236},{"id":253581,"n":"Bols Mots d'Enfants - 2x200g  Purée de légumes dès 8M","p":1.69,"u":"4,23 €/KG","img":"https://fd8-photos.leclercdrive.fr/image.ashx?id=2892364&use=l&cat=p&typeid=i","cat":312236},{"id":253677,"n":"Bols Mots d'Enfants - 2x200g  Pâtes, épinards et crème dès 8M","p":2.29,"u":"5,73 €/KG","img":"https://fd8-photos.leclercdrive.fr/image.ashx?id=2892367&use=l&cat=p&typeid=i","cat":312236},{"id":253678,"n":"Assiette Mots d'Enfants - 230g Spaghetti bolognaise dès 12M","p":1.39,"u":"6,04 €/KG","img":"https://fd8-photos.leclercdrive.fr/image.ashx?id=2898050&use=l&cat=p&typeid=i","cat":312237},{"id":253679,"n":"Assiette Mots d'Enfants - 230g Hachis parmentier dès 12M","p":1.39,"u":"6,04 €/KG","img":"https://fd8-photos.leclercdrive.fr/image.ashx?id=2892370&use=l&cat=p&typeid=i","cat":312237},{"id":253682,"n":"Assiette Mots d'Enfants - 230g Légumes et macaroni dès 12M","p":1.39,"u":"6,04 €/KG","img":"https://fd8-photos.leclercdrive.fr/image.ashx?id=2892373&use=l&cat=p&typeid=i","cat":312237},{"id":253683,"n":"Assiette Mots d'Enfants - 250g Pommes de terre, poulet dès 15M","p":1.59,"u":"6,36 €/KG","img":"https://fd8-photos.leclercdrive.fr/image.ashx?id=2898053&use=l&cat=p&typeid=i","cat":312238},{"id":253684,"n":"Assiette Mots d'Enfants - 250g Pâtes, tomate et jambon dès 15M","p":1.59,"u":"6,36 €/KG","img":"https://fd8-photos.leclercdrive.fr/image.ashx?id=2892376&use=l&cat=p&typeid=i","cat":312238},{"id":253687,"n":"Assiette Mots d'Enfants - 250g Légumes et patate douce dès 15M","p":1.59,"u":"6,36 €/KG","img":"https://fd8-photos.leclercdrive.fr/image.ashx?id=2892388&use=l&cat=p&typeid=i","cat":312238},{"id":253689,"n":"Assiette Mots d'Enfants - 250g Pdt, fondue de poireaux dès 15M","p":1.59,"u":"6,36 €/KG","img":"https://fd8-photos.leclercdrive.fr/image.ashx?id=2892379&use=l&cat=p&typeid=i","cat":312238},{"id":253691,"n":"Assiette Mots d'Enfants - 250g Pâtes boeuf bourguignon dès 18M","p":1.69,"u":"6,76 €/KG","img":"https://fd8-photos.leclercdrive.fr/image.ashx?id=2892382&use=l&cat=p&typeid=i","cat":312238},{"id":253694,"n":"Assiette Mots d'Enfants - 250g Blanquette de volaille dès 18M","p":1.69,"u":"6,76 €/KG","img":"https://fd8-photos.leclercdrive.fr/image.ashx?id=2898056&use=l&cat=p&typeid=i","cat":312238},{"id":253698,"n":"Assiette Mots d'Enfants - 250g Carottes pâtes épinards dès 18M","p":1.69,"u":"6,76 €/KG","img":"https://fd8-photos.leclercdrive.fr/image.ashx?id=2898059&use=l&cat=p&typeid=i","cat":312238},{"id":253699,"n":"Assiette Mots d'Enfants - 250g Ratatouille et boulgour dès 18M","p":1.69,"u":"6,76 €/KG","img":"https://fd8-photos.leclercdrive.fr/image.ashx?id=2892385&use=l&cat=p&typeid=i","cat":312238},{"id":253992,"n":"Gel douche L'Oréal Menexpert Hyaluronic power - 300ml","p":3.63,"u":"12,10 €/L","img":"https://fd8-photos.leclercdrive.fr/image.ashx?id=2874554&use=l&cat=p&typeid=i","cat":284619},{"id":254008,"n":"Gel douche homme Axe Copper santal - 225ml","p":2.7,"u":"12,00 €/L","img":"https://fd8-photos.leclercdrive.fr/image.ashx?id=2903881&use=l&cat=p&typeid=i","cat":284619},{"id":254050,"n":"Bière Desperados Sunlight citron citron vert 3x33cl","p":3.94,"u":"3,98 €/L","img":"https://fd8-photos.leclercdrive.fr/image.ashx?id=2977987&use=l&cat=p&typeid=i","cat":334878},{"id":254391,"n":"Boisson énergisante Red Bull Zéro, 250ml","p":1.03,"u":"4,12 €/L","img":"https://fd8-photos.leclercdrive.fr/image.ashx?id=2877313&use=l&cat=p&typeid=i","cat":284533},{"id":254824,"n":"IGP Pays d'Oc rosé Bleu de Mer - 75cl","p":5.09,"u":"6,79 €/L","img":"https://fd8-photos.leclercdrive.fr/image.ashx?id=2876863&use=l&cat=p&typeid=i","cat":289558},{"id":254901,"n":"Gomme dépilatoire Eco d'épil","p":9.15,"img":"https://fd8-photos.leclercdrive.fr/image.ashx?id=2881461&use=l&cat=p&typeid=i","cat":325351},{"id":254906,"n":"Boisson lactée Candy'up Milk skake chocolat - 3x25cl","p":2.66,"u":"3,55 €/L","img":"https://fd8-photos.leclercdrive.fr/image.ashx?id=2876710&use=l&cat=p&typeid=i","cat":295246},{"id":254911,"n":"Boisson lactée Candy'up Milk skake vanille - 3x25cl","p":2.66,"u":"3,55 €/L","img":"https://fd8-photos.leclercdrive.fr/image.ashx?id=2876713&use=l&cat=p&typeid=i","cat":295246},{"id":255080,"n":"Knacki végétal Herta x4 - 140g","p":1.88,"u":"13,43 €/KG","img":"https://fd8-photos.leclercdrive.fr/image.ashx?id=2992326&use=l&cat=p&typeid=i","cat":316036},{"id":255215,"n":"Coca-Cola Original  4x1,75L","p":9.51,"u":"1,36 €/L","img":"https://fd8-photos.leclercdrive.fr/image.ashx?id=2879140&use=l&cat=p&typeid=i","cat":284530},{"id":255216,"n":"Coca-Cola sans sucres 4x1,75L","p":6.8,"u":"0,97 €/L","img":"https://fd8-photos.leclercdrive.fr/image.ashx?id=2879137&use=l&cat=p&typeid=i","cat":284530},{"id":255380,"n":"Lait après-soleil La Roche- Posay - Anthelios Post-uv 200ML","p":12.9,"u":"64,50 €/L","img":"https://fd8-photos.leclercdrive.fr/image.ashx?id=2890941&use=l&cat=p&typeid=i","cat":290394},{"id":255505,"n":"Crème de soin cheveux Nateïs Cheveux sec et frisé - 200ml","p":1.69,"u":"8,45 €/L","img":"https://fd8-photos.leclercdrive.fr/image.ashx?id=2878693&use=l&cat=p&typeid=i","cat":284608},{"id":255507,"n":"Vernis à ongles Maybelline Transparent effet cristal - x1","p":5.21,"img":"https://fd8-photos.leclercdrive.fr/image.ashx?id=2967884&use=l&cat=p&typeid=i","cat":325347},{"id":255514,"n":"Vernis à ongles Maybelline Ink Bonder 06 - x1","p":5.94,"img":"https://fd8-photos.leclercdrive.fr/image.ashx?id=2883158&use=l&cat=p&typeid=i","cat":325347},{"id":255515,"n":"Café en grains Grand-mère Puissant - 1kg","p":17.1,"u":"17,10 €/KG","img":"https://fd8-photos.leclercdrive.fr/image.ashx?id=2880585&use=l&cat=p&typeid=i","cat":293237},{"id":255516,"n":"Café en grains Grand-mère Equilibré - 1kg","p":17.18,"u":"17,18 €/KG","img":"https://fd8-photos.leclercdrive.fr/image.ashx?id=2880588&use=l&cat=p&typeid=i","cat":293237},{"id":255669,"n":"Recharge Gel douche Pêche Blanche bio & Nectar 500ml","p":2.8,"u":"5,60 €/L","img":"https://fd8-photos.leclercdrive.fr/image.ashx?id=2880411&use=l&cat=p&typeid=i","cat":284594},{"id":255671,"n":"Recharge Gel douche extra-doux Verveine Bio & citron bio 500ml","p":2.89,"u":"5,78 €/L","img":"https://fd8-photos.leclercdrive.fr/image.ashx?id=2880414&use=l&cat=p&typeid=i","cat":284594},{"id":255672,"n":"Recharge gel douche homme Minereaux & bois de cèdre 500ml","p":3.12,"u":"6,24 €/L","img":"https://fd8-photos.leclercdrive.fr/image.ashx?id=2880417&use=l&cat=p&typeid=i","cat":284594},{"id":255678,"n":"Gel douche homme Axe Aqua bergamot - 225ml","p":2.83,"u":"12,58 €/L","img":"https://fd8-photos.leclercdrive.fr/image.ashx?id=2880612&use=l&cat=p&typeid=i","cat":284619},{"id":255688,"n":"Recharge gel douche homme Pin maritime & eucalyptus 500ml","p":2.93,"u":"5,86 €/L","img":"https://fd8-photos.leclercdrive.fr/image.ashx?id=2880420&use=l&cat=p&typeid=i","cat":284619},{"id":255696,"n":"Déodorant spray homme Axe Apollo - 200ml","p":3.99,"u":"19,95 €/L","img":"https://fd8-photos.leclercdrive.fr/image.ashx?id=2985663&use=l&cat=p&typeid=i","cat":284618},{"id":255697,"n":"Déodorant spray homme Axe Black - 200ml","p":3.75,"u":"18,75 €/L","img":"https://fd8-photos.leclercdrive.fr/image.ashx?id=2880609&use=l&cat=p&typeid=i","cat":284618},{"id":255927,"n":"Steaks Hachés de boeuf Façon Bouchère 5% MG - 4x100g","p":6.67,"u":"16,68 €/KG","img":"https://fd8-photos.leclercdrive.fr/image.ashx?id=2881410&use=l&cat=p&typeid=i","cat":319778},{"id":255969,"n":"Déodorant spray homme Axe Provocation - 200ml","p":3.75,"u":"18,75 €/L","img":"https://fd8-photos.leclercdrive.fr/image.ashx?id=2881542&use=l&cat=p&typeid=i","cat":284618},{"id":256001,"n":"Déodorant stick Dove Pour tout Le corps - Framboise - 24h 75ml","p":5.2,"u":"69,33 €/L","img":"https://fd8-photos.leclercdrive.fr/image.ashx?id=2894563&use=l&cat=p&typeid=i","cat":284595},{"id":256003,"n":"Déodorant spray Dove Pour tout Le corps - 72h - Lavande 150ml","p":5.21,"u":"34,73 €/L","img":"https://fd8-photos.leclercdrive.fr/image.ashx?id=2894566&use=l&cat=p&typeid=i","cat":284595},{"id":256004,"n":"Déodorant spray Dove Pour tout Le corps - 72h Framboise 150ml","p":4.19,"u":"27,93 €/L","img":"https://fd8-photos.leclercdrive.fr/image.ashx?id=3009341&use=l&cat=p&typeid=i","cat":284595},{"id":256005,"n":"Déodorant crème Dove Pour tout Le corps - 72h Framboise - 75ml","p":4.46,"u":"59,47 €/L","img":"https://fd8-photos.leclercdrive.fr/image.ashx?id=2894572&use=l&cat=p&typeid=i","cat":284595},{"id":256441,"n":"Baume hydratant Cerave Visage et corps - 454ml","p":13.9,"u":"30,62 €/L","img":"https://fd8-photos.leclercdrive.fr/image.ashx?id=2881404&use=l&cat=p&typeid=i","cat":290421},{"id":256443,"n":"Crème jour visage CeraVe 52ml","p":11.99,"u":"230,58 €/L","img":"https://fd8-photos.leclercdrive.fr/image.ashx?id=2881407&use=l&cat=p&typeid=i","cat":291171},{"id":256445,"n":"Brossettes interdentaires Gum 0.9mm 1412 - x6","p":4.9,"img":"https://fd8-photos.leclercdrive.fr/image.ashx?id=2882095&use=l&cat=p&typeid=i","cat":301595},{"id":256447,"n":"Gel douche Atoderm Bioderma 1L","p":8.99,"u":"8,99 €/L","img":"https://fd8-photos.leclercdrive.fr/image.ashx?id=2979950&use=l&cat=p&typeid=i","cat":301591},{"id":256480,"n":"Gel douche homme Axe Blue lavender - 225ml","p":2.99,"u":"13,29 €/L","img":"https://fd8-photos.leclercdrive.fr/image.ashx?id=2882926&use=l&cat=p&typeid=i","cat":284619},{"id":256483,"n":"Gel douche homme Axe Supreme 5-en-1 - Black - 250ml","p":2.79,"u":"11,16 €/L","img":"https://fd8-photos.leclercdrive.fr/image.ashx?id=2882932&use=l&cat=p&typeid=i","cat":284619},{"id":256485,"n":"Gel douche homme Axe Supreme Dark temptation - 5-en-1 250ml","p":2.79,"u":"11,16 €/L","img":"https://fd8-photos.leclercdrive.fr/image.ashx?id=2882935&use=l&cat=p&typeid=i","cat":284619},{"id":256489,"n":"Gel douche homme Axe Supreme Ice cool - 5-en-1 - 250ml","p":3.01,"u":"12,04 €/L","img":"https://fd8-photos.leclercdrive.fr/image.ashx?id=2882941&use=l&cat=p&typeid=i","cat":284619},{"id":256491,"n":"Déodorant tout le corps Rexona  spray 72h anti-odeur 150ml","p":3.71,"u":"24,73 €/L","img":"https://fd8-photos.leclercdrive.fr/image.ashx?id=2989486&use=l&cat=p&typeid=i","cat":284595},{"id":256494,"n":"Déodorant tout le corps Rexona  crème 72h anti-odeur 75ml","p":5.03,"u":"67,07 €/L","img":"https://fd8-photos.leclercdrive.fr/image.ashx?id=2894575&use=l&cat=p&typeid=i","cat":284595},{"id":256536,"n":"Nectar Bio Pressade Pomme - 6x20cl","p":2.51,"u":"2,09 €/L","img":"https://fd8-photos.leclercdrive.fr/image.ashx?id=2882752&use=l&cat=p&typeid=i","cat":284522},{"id":256710,"n":"Riz Côté Table Poulet Tikka massala  - 300g","p":2.49,"u":"8,30 €/KG","img":"https://fd8-photos.leclercdrive.fr/image.ashx?id=2972250&use=l&cat=p&typeid=i","cat":284953},{"id":256711,"n":"Chili sin carne Côté Table 300g","p":2.49,"u":"8,30 €/KG","img":"https://fd8-photos.leclercdrive.fr/image.ashx?id=2882249&use=l&cat=p&typeid=i","cat":284953},{"id":256761,"n":"Yaourts Brassé au lait entier Fruits rouges - 6x125g","p":2.72,"u":"3,63 €/KG","img":"https://fd8-photos.leclercdrive.fr/image.ashx?id=2885050&use=l&cat=p&typeid=i","cat":284410},{"id":256762,"n":"Yaourts brassé au lait entier Fruits Jaunes - 6x125g","p":2.72,"u":"21,76 €/KG","img":"https://fd8-photos.leclercdrive.fr/image.ashx?id=2885053&use=l&cat=p&typeid=i","cat":284410},{"id":256778,"n":"Déodorant femme Ushuaïa Grenade énergisée - 2x200ml","p":5.93,"u":"14,83 €/L","img":"https://fd8-photos.leclercdrive.fr/image.ashx?id=2883083&use=l&cat=p&typeid=i","cat":284595},{"id":257022,"n":"Diffuseur Raid Max Night & Day Anti-moustiques - 27ml","p":11.62,"u":"Dont 0,05 € d'éco-part.","img":"https://fd8-photos.leclercdrive.fr/image.ashx?id=2967388&use=l&cat=p&typeid=i","cat":298368},{"id":257023,"n":"Recharge Raid Max Night & Day Anti-moustiques - 2x27ml","p":13.44,"u":"248,89 €/L","img":"https://fd8-photos.leclercdrive.fr/image.ashx?id=2884741&use=l&cat=p&typeid=i","cat":298368},{"id":257024,"n":"Diffuseur électrique Raid Max Liquide - 30 nuits - 21ml","p":7.04,"u":"335,24 €/L","img":"https://fd8-photos.leclercdrive.fr/image.ashx?id=2884759&use=l&cat=p&typeid=i","cat":298368},{"id":257026,"n":"Spirale anti-moustiques Raid Max - Usage extérieur - x10","p":2.09,"img":"https://fd8-photos.leclercdrive.fr/image.ashx?id=2884750&use=l&cat=p&typeid=i","cat":298368},{"id":257036,"n":"Spray enfant Autan Anti-moustiques - 100ml","p":4.61,"u":"46,10 €/L","img":"https://fd8-photos.leclercdrive.fr/image.ashx?id=2884735&use=l&cat=p&typeid=i","cat":299654},{"id":257038,"n":"Gel douche homme Axe Supreme Provocation - 5-en-1 - 400ml","p":3.21,"u":"8,03 €/L","img":"https://fd8-photos.leclercdrive.fr/image.ashx?id=2884924&use=l&cat=p&typeid=i","cat":284619},{"id":257043,"n":"Gel douche homme Axe Black vanilla - 225ml","p":2.8,"u":"12,44 €/L","img":"https://fd8-photos.leclercdrive.fr/image.ashx?id=2908387&use=l&cat=p&typeid=i","cat":284619},{"id":257045,"n":"Gel douche homme Axe supreme Lendemain difficile - 400ml","p":3.2,"u":"8,00 €/L","img":"https://fd8-photos.leclercdrive.fr/image.ashx?id=2884918&use=l&cat=p&typeid=i","cat":284619},{"id":257046,"n":"Gel douche homme Axe Cherry fizz - 225ml","p":2.78,"u":"12,36 €/L","img":"https://fd8-photos.leclercdrive.fr/image.ashx?id=2908390&use=l&cat=p&typeid=i","cat":284619},{"id":257049,"n":"Déodorant spray homme Axe Cherry fizz - 150ml","p":3.91,"u":"26,07 €/L","img":"https://fd8-photos.leclercdrive.fr/image.ashx?id=3011953&use=l&cat=p&typeid=i","cat":284618},{"id":257050,"n":"Déodorant spray homme Axe Cocoa velvet - 150ml","p":5.2,"u":"34,67 €/L","img":"https://fd8-photos.leclercdrive.fr/image.ashx?id=2896468&use=l&cat=p&typeid=i","cat":284618},{"id":257054,"n":"Émincés de poulet provençale L'Atelier Volaille - 300g","p":3.59,"u":"11,97 €/KG","img":"https://fd8-photos.leclercdrive.fr/image.ashx?id=2927884&use=l&cat=p&typeid=i","cat":284336},{"id":257074,"n":"Gnocchi à poêler Lustucru Extra jambon fromage 300g","p":2.2,"u":"7,33 €/KG","img":"https://fd8-photos.leclercdrive.fr/image.ashx?id=2884387&use=l&cat=p&typeid=i","cat":333682},{"id":257076,"n":"Gnocchi à poêler Lustucru Extra fromage 300g","p":2.14,"u":"7,13 €/KG","img":"https://fd8-photos.leclercdrive.fr/image.ashx?id=2886013&use=l&cat=p&typeid=i","cat":333682},{"id":257077,"n":"Fromage enfant Mini Babybel  16 portions goûter - 352g","p":5.89,"u":"16,73 €/KG","img":"https://fd8-photos.leclercdrive.fr/image.ashx?id=2935840&use=l&cat=p&typeid=i","cat":314030},{"id":257172,"n":"Pizza Crousti-Fine Marie Chorizo paprika - 400g","p":3.47,"u":"8,68 €/KG","img":"https://fd8-photos.leclercdrive.fr/image.ashx?id=2996731&use=l&cat=p&typeid=i","cat":284256},{"id":257201,"n":"Préservatifs Durex Intensity - x10","p":10.74,"img":"https://fd8-photos.leclercdrive.fr/image.ashx?id=2962035&use=l&cat=p&typeid=i","cat":284631},{"id":257202,"n":"Préservatifs Durex Intensity XL - x10","p":10.84,"img":"https://fd8-photos.leclercdrive.fr/image.ashx?id=2964670&use=l&cat=p&typeid=i","cat":284631},{"id":257205,"n":"Eponges flex & wash x4","p":7.79,"img":"https://fd8-photos.leclercdrive.fr/image.ashx?id=2884522&use=l&cat=p&typeid=i","cat":284667},{"id":257208,"n":"Lessive liquide Xeor Fraîcheur - x44 lavages - 2.2L","p":3.89,"u":"1,77 €/L","img":"https://fd8-photos.leclercdrive.fr/image.ashx?id=2901494&use=l&cat=p&typeid=i","cat":284640},{"id":257211,"n":"Lessive liquide Xéor Oranger - x24 lavages - 1.2L","p":2.12,"u":"1,77 €/L","img":"https://fd8-photos.leclercdrive.fr/image.ashx?id=2903977&use=l&cat=p&typeid=i","cat":284640},{"id":257212,"n":"Lessive liquide Xéor Fraîcheur - x24 lavages - 1.2L","p":2.12,"u":"1,77 €/L","img":"https://fd8-photos.leclercdrive.fr/image.ashx?id=2901506&use=l&cat=p&typeid=i","cat":284640},{"id":257214,"n":"Capsules lave-vaisselle Finish Quantum Citron - x30 - 312g","p":7.45,"u":"23,88 €/KG","img":"https://fd8-photos.leclercdrive.fr/image.ashx?id=2926618&use=l&cat=p&typeid=i","cat":284656},{"id":257217,"n":"Capsules lave-vaisselle Finish Ultimate citron - x26 - 335g","p":7.31,"u":"21,89 €/KG","img":"https://fd8-photos.leclercdrive.fr/image.ashx?id=2884630&use=l&cat=p&typeid=i","cat":284656},{"id":257218,"n":"Capsules lave-vaisselle Finish Ultimate - x26 - 335g","p":7.34,"u":"21,91 €/KG","img":"https://fd8-photos.leclercdrive.fr/image.ashx?id=2884633&use=l&cat=p&typeid=i","cat":284656},{"id":257219,"n":"Capsules lave-vaisselle Finish Ultimate Plus Citron x22 - 268g","p":7.25,"u":"27,05 €/KG","img":"https://fd8-photos.leclercdrive.fr/image.ashx?id=2884636&use=l&cat=p&typeid=i","cat":284656},{"id":257220,"n":"Gel lave-vaisselle Finish Power - 900ml","p":7.34,"u":"8,16 €/L","img":"https://fd8-photos.leclercdrive.fr/image.ashx?id=2884639&use=l&cat=p&typeid=i","cat":284656},{"id":257225,"n":"Gel lave-vaisselle Finish Power - Citron - 900ml","p":6.0,"u":"6,67 €/L","img":"https://fd8-photos.leclercdrive.fr/image.ashx?id=2884642&use=l&cat=p&typeid=i","cat":284656},{"id":257228,"n":"Capsules lave-vaisselle Finish Ultimate Plus - x22 - 268g","p":7.21,"u":"26,90 €/KG","img":"https://fd8-photos.leclercdrive.fr/image.ashx?id=2884900&use=l&cat=p&typeid=i","cat":284656},{"id":257230,"n":"Désinfectant linge Sanytol Stop Odeurs Fleurs blanches 500ml","p":3.65,"u":"7,30 €/L","img":"https://fd8-photos.leclercdrive.fr/image.ashx?id=2961960&use=l&cat=p&typeid=i","cat":290451},{"id":257231,"n":"Désinfectant linge Sanytol Stop Odeurs Fleurs Blanches 1L","p":6.09,"u":"6,09 €/L","img":"https://fd8-photos.leclercdrive.fr/image.ashx?id=2884312&use=l&cat=p&typeid=i","cat":290451},{"id":257232,"n":"Capsules Lave-Vaisselle SUN  Pro-Expert Regular 38 lavages","p":8.3,"u":"14,56 €/KG","img":"https://fd8-photos.leclercdrive.fr/image.ashx?id=2907728&use=l&cat=p&typeid=i","cat":284656},{"id":257233,"n":"Tablettes lave-vaisselle Uni Vert - Tout-en-1 - x45 - 720g","p":6.57,"u":"9,13 €/KG","img":"https://fd8-photos.leclercdrive.fr/image.ashx?id=3015132&use=l&cat=p&typeid=i","cat":284656},{"id":257237,"n":"Déodorant femme Adidas Control - 150ml","p":3.31,"u":"22,07 €/L","img":"https://fd8-photos.leclercdrive.fr/image.ashx?id=2884594&use=l&cat=p&typeid=i","cat":284595},{"id":257238,"n":"Déodorant femme Adidas Control invisiblistere - 150ml","p":3.33,"u":"22,20 €/L","img":"https://fd8-photos.leclercdrive.fr/image.ashx?id=2884600&use=l&cat=p&typeid=i","cat":284595},{"id":257241,"n":"Déodorant homme Adidas Invisible - 150ml","p":3.24,"u":"21,60 €/L","img":"https://fd8-photos.leclercdrive.fr/image.ashx?id=2884609&use=l&cat=p&typeid=i","cat":284618},{"id":257251,"n":"Capsules Lave-Vaisselle SUN  Pro-Expert Citron 38 lavages","p":8.3,"u":"14,56 €/KG","img":"https://fd8-photos.leclercdrive.fr/image.ashx?id=2991039&use=l&cat=p&typeid=i","cat":284656},{"id":257322,"n":"Nectar Bio Pressade Orange - 1.5L","p":2.69,"u":"1,79 €/L","img":"https://fd8-photos.leclercdrive.fr/image.ashx?id=2885357&use=l&cat=p&typeid=i","cat":284521},{"id":257366,"n":"Huile de douche Atoderm Bioderm Bioderma - 1L","p":12.95,"u":"12,95 €/L","img":"https://fd8-photos.leclercdrive.fr/image.ashx?id=2887059&use=l&cat=p&typeid=i","cat":301591},{"id":257371,"n":"Sérum visage Nuxe Zinc poxwer - 30ml","p":29.5,"u":"983,33 €/L","img":"https://fd8-photos.leclercdrive.fr/image.ashx?id=2889025&use=l&cat=p&typeid=i","cat":291166},{"id":257390,"n":"Brossettes interdentaires Gum 0.6mm 1312 - x6","p":4.9,"img":"https://fd8-photos.leclercdrive.fr/image.ashx?id=2887266&use=l&cat=p&typeid=i","cat":301595},{"id":257391,"n":"Barre gourmande Grainéa Chocolat Cacahuète - 140g","p":1.93,"u":"13,79 €/KG","img":"https://fd8-photos.leclercdrive.fr/image.ashx?id=2885777&use=l&cat=p&typeid=i","cat":285869},{"id":257505,"n":"Émincés de poulet paprika L'Atelier Volaille - 300g","p":3.59,"u":"11,97 €/KG","img":"https://fd8-photos.leclercdrive.fr/image.ashx?id=2927890&use=l&cat=p&typeid=i","cat":284336},{"id":257506,"n":"Émincés de poulet mexicain L'Atelier Volaille - 300g","p":3.59,"u":"11,97 €/KG","img":"https://fd8-photos.leclercdrive.fr/image.ashx?id=2927881&use=l&cat=p&typeid=i","cat":284336},{"id":257561,"n":"Fess'nett Papier toilette Humide - Monoï x50","p":1.95,"img":"https://fd8-photos.leclercdrive.fr/image.ashx?id=2999312&use=l&cat=p&typeid=i","cat":284634},{"id":257593,"n":"Saumon fumé Ecosse  4 tranches 130g","p":7.62,"u":"58,62 €/KG","img":"https://fd8-photos.leclercdrive.fr/image.ashx?id=2885947&use=l&cat=p&typeid=i","cat":285188},{"id":257595,"n":"Saumon fumé Norvège 4 tranches 130g","p":6.88,"u":"52,92 €/KG","img":"https://fd8-photos.leclercdrive.fr/image.ashx?id=2885950&use=l&cat=p&typeid=i","cat":285188},{"id":257606,"n":"Cappelletti Rana jambon cru 250g","p":3.28,"u":"13,12 €/KG","img":"https://fd8-photos.leclercdrive.fr/image.ashx?id=2886358&use=l&cat=p&typeid=i","cat":333682},{"id":257608,"n":"Raviolis Rana ricotta épinards 250g","p":3.3,"u":"13,20 €/KG","img":"https://fd8-photos.leclercdrive.fr/image.ashx?id=2886361&use=l&cat=p&typeid=i","cat":333682},{"id":257609,"n":"Raviolis Rana 4 fromages 250g","p":3.38,"u":"13,52 €/KG","img":"https://fd8-photos.leclercdrive.fr/image.ashx?id=2886364&use=l&cat=p&typeid=i","cat":333682},{"id":257612,"n":"Tortellini Rana bacon, speck & mozzarella 250g","p":3.47,"u":"13,88 €/KG","img":"https://fd8-photos.leclercdrive.fr/image.ashx?id=2886370&use=l&cat=p&typeid=i","cat":333682},{"id":257858,"n":"Glace Magnum Chocolat blanc cookies - 168g","p":3.96,"u":"23,57 €/KG","img":"https://fd8-photos.leclercdrive.fr/image.ashx?id=2886409&use=l&cat=p&typeid=i","cat":284725},{"id":258093,"n":"Flocons d'avoine Grainea 1kg","p":1.65,"u":"1,65 €/KG","img":"https://fd8-photos.leclercdrive.fr/image.ashx?id=2887353&use=l&cat=p&typeid=i","cat":309512},{"id":258141,"n":"Pâtes Panzani  grandes coquillettes - 500g","p":1.63,"u":"3,26 €/KG","img":"https://fd8-photos.leclercdrive.fr/image.ashx?id=2887536&use=l&cat=p&typeid=i","cat":284427},{"id":258143,"n":"Pâtes Panzani  fusilli - 500g","p":1.63,"u":"3,26 €/KG","img":"https://fd8-photos.leclercdrive.fr/image.ashx?id=2887530&use=l&cat=p&typeid=i","cat":284427},{"id":258144,"n":"Pâtes Panzani rigatoni - 500g","p":1.69,"u":"3,38 €/KG","img":"https://fd8-photos.leclercdrive.fr/image.ashx?id=2887533&use=l&cat=p&typeid=i","cat":284427},{"id":258160,"n":"Patate douce rôtie  L'Atelier Blini 140g","p":2.55,"u":"18,21 €/KG","img":"https://fd8-photos.leclercdrive.fr/image.ashx?id=2889469&use=l&cat=p&typeid=i","cat":315999},{"id":258162,"n":"Houmous extra à la betterave L'Atelier Blini 175g","p":2.95,"u":"16,86 €/KG","img":"https://fd8-photos.leclercdrive.fr/image.ashx?id=2973712&use=l&cat=p&typeid=i","cat":315999},{"id":258295,"n":"Croissants fourrés Nutella  x4 - 340g","p":4.19,"u":"12,32 €/KG","img":"https://fd8-photos.leclercdrive.fr/image.ashx?id=2899749&use=l&cat=p&typeid=i","cat":284267},{"id":258299,"n":"Lasagnes William Saurin Bolognaise pure boeuf - 300g","p":2.59,"u":"8,63 €/KG","img":"https://fd8-photos.leclercdrive.fr/image.ashx?id=2916012&use=l&cat=p&typeid=i","cat":284953},{"id":258301,"n":"Spaghetti William Saurin Bolognaise pure boeuf - 300g","p":2.8,"u":"9,33 €/KG","img":"https://fd8-photos.leclercdrive.fr/image.ashx?id=2939517&use=l&cat=p&typeid=i","cat":284953},{"id":258303,"n":"Poulet basquaise William Saurin 285g","p":2.69,"u":"9,44 €/KG","img":"https://fd8-photos.leclercdrive.fr/image.ashx?id=2928564&use=l&cat=p&typeid=i","cat":284953},{"id":258304,"n":"Poulet William Saurin à la crème - 280g","p":2.69,"u":"9,61 €/KG","img":"https://fd8-photos.leclercdrive.fr/image.ashx?id=2939520&use=l&cat=p&typeid=i","cat":284953},{"id":258305,"n":"Risotto William Saurin poulet et champignons - 280g","p":2.61,"u":"9,32 €/KG","img":"https://fd8-photos.leclercdrive.fr/image.ashx?id=2912113&use=l&cat=p&typeid=i","cat":284953},{"id":258308,"n":"Torsades saumon William Saurin Crème et aneth - 280g","p":2.8,"u":"10,00 €/KG","img":"https://fd8-photos.leclercdrive.fr/image.ashx?id=2916009&use=l&cat=p&typeid=i","cat":284953},{"id":258309,"n":"Merlu blanc William Saurin Riz et légumes - 300g","p":2.69,"u":"8,97 €/KG","img":"https://fd8-photos.leclercdrive.fr/image.ashx?id=2986392&use=l&cat=p&typeid=i","cat":284953},{"id":258310,"n":"Blanquette William Saurin Veau et riz - 285g","p":2.95,"u":"10,35 €/KG","img":"https://fd8-photos.leclercdrive.fr/image.ashx?id=2906286&use=l&cat=p&typeid=i","cat":284953},{"id":258311,"n":"Olives noires Rustica façon grècque - 235g","p":1.55,"u":"6,60 €/KG","img":"https://fd8-photos.leclercdrive.fr/image.ashx?id=2970590&use=l&cat=p&typeid=i","cat":284458},{"id":258312,"n":"Bourguignon William Saurin Boeuf - 300g","p":2.79,"u":"9,30 €/KG","img":"https://fd8-photos.leclercdrive.fr/image.ashx?id=2906289&use=l&cat=p&typeid=i","cat":284953},{"id":258314,"n":"Hachis William Saurin Parmentier pur boeuf - 300g","p":2.94,"u":"9,80 €/KG","img":"https://fd8-photos.leclercdrive.fr/image.ashx?id=2906292&use=l&cat=p&typeid=i","cat":284953},{"id":258320,"n":"Dentifrice Elmex Email blancheur - 75ml","p":6.74,"u":"89,87 €/L","img":"https://fd8-photos.leclercdrive.fr/image.ashx?id=2888196&use=l&cat=p&typeid=i","cat":284612},{"id":258321,"n":"Dentifrice soin Elmex Sensitive expert - 75ml","p":5.94,"u":"79,20 €/L","img":"https://fd8-photos.leclercdrive.fr/image.ashx?id=2888205&use=l&cat=p&typeid=i","cat":284612},{"id":258322,"n":"Dentifrice sensitive Elmex Soin instantané - 75ml","p":5.81,"u":"77,47 €/L","img":"https://fd8-photos.leclercdrive.fr/image.ashx?id=3009338&use=l&cat=p&typeid=i","cat":284612},{"id":258323,"n":"Dentifrice gencives Elmex Sensitive plus - 75ml","p":5.92,"u":"78,93 €/L","img":"https://fd8-photos.leclercdrive.fr/image.ashx?id=2888193&use=l&cat=p&typeid=i","cat":284612},{"id":258335,"n":"Ravioles chèvre affiné Saint Jean - 250g","p":3.45,"u":"13,80 €/KG","img":"https://fd8-photos.leclercdrive.fr/image.ashx?id=2887767&use=l&cat=p&typeid=i","cat":333682},{"id":258339,"n":"Glace Kinder Bueno Cônes noisettes x6 - 372g","p":6.45,"u":"17,34 €/KG","img":"https://fd8-photos.leclercdrive.fr/image.ashx?id=2891334&use=l&cat=p&typeid=i","cat":284264},{"id":258340,"n":"Glace Kinder Bueno White Cônes noisettes x6 - 372g","p":6.48,"u":"17,42 €/KG","img":"https://fd8-photos.leclercdrive.fr/image.ashx?id=2890814&use=l&cat=p&typeid=i","cat":284264},{"id":258342,"n":"Glace Ferrero bâtonnets chocolat noir orange x3 - 138g","p":3.99,"u":"28,91 €/KG","img":"https://fd8-photos.leclercdrive.fr/image.ashx?id=2889913&use=l&cat=p&typeid=i","cat":284265},{"id":258345,"n":"Muffins Nutella  x4 - 264g","p":4.43,"u":"16,78 €/KG","img":"https://fd8-photos.leclercdrive.fr/image.ashx?id=2899758&use=l&cat=p&typeid=i","cat":284267},{"id":258347,"n":"Donuts Nutella x4 - 240g","p":4.89,"u":"20,38 €/KG","img":"https://fd8-photos.leclercdrive.fr/image.ashx?id=2889916&use=l&cat=p&typeid=i","cat":284267},{"id":258351,"n":"Pâtes fraîches Rana Poulet rôti au citron 250g","p":3.64,"u":"14,56 €/KG","img":"https://fd8-photos.leclercdrive.fr/image.ashx?id=2889934&use=l&cat=p&typeid=i","cat":333682},{"id":258353,"n":"Sauce fajita Jardin Bio Bio - 350g","p":3.27,"u":"9,34 €/KG","img":"https://fd8-photos.leclercdrive.fr/image.ashx?id=2889592&use=l&cat=p&typeid=i","cat":288993},{"id":258356,"n":"Raviolis Rana Burrata chorizo 250g","p":3.92,"u":"15,68 €/KG","img":"https://fd8-photos.leclercdrive.fr/image.ashx?id=2889943&use=l&cat=p&typeid=i","cat":333682},{"id":258366,"n":"Bières Softiz Sans alcool  Saveur mojito - 6x27,5cl","p":3.02,"u":"1,83 €/L","img":"https://fd8-photos.leclercdrive.fr/image.ashx?id=2887428&use=l&cat=p&typeid=i","cat":334877},{"id":258369,"n":"Sauce salsa bio Jardin Bio 350g","p":3.11,"u":"8,89 €/KG","img":"https://fd8-photos.leclercdrive.fr/image.ashx?id=2889595&use=l&cat=p&typeid=i","cat":284451},{"id":258375,"n":"Miel Accacia bio Jardin Bio 500g","p":8.69,"u":"17,38 €/KG","img":"https://fd8-photos.leclercdrive.fr/image.ashx?id=2890208&use=l&cat=p&typeid=i","cat":287643},{"id":258387,"n":"Bières Desperados Sunlight  mangue/passion 4° - 3x33cl","p":4.24,"u":"4,28 €/L","img":"https://fd8-photos.leclercdrive.fr/image.ashx?id=2977990&use=l&cat=p&typeid=i","cat":334878},{"id":258606,"n":"Soda Fanta Orange  Bouteille - 1.25L","p":1.73,"u":"1,38 €/L","img":"https://fd8-photos.leclercdrive.fr/image.ashx?id=2924752&use=l&cat=p&typeid=i","cat":284532},{"id":258816,"n":"Cacahuètes Curly  Miel barbecue - 150g","p":1.87,"u":"12,47 €/KG","img":"https://fd8-photos.leclercdrive.fr/image.ashx?id=2906367&use=l&cat=p&typeid=i","cat":284448},{"id":258818,"n":"Cacahuète Curly Paprika - 150g","p":1.45,"u":"9,67 €/KG","img":"https://fd8-photos.leclercdrive.fr/image.ashx?id=2938728&use=l&cat=p&typeid=i","cat":284448},{"id":259159,"n":"Soin visage Fluide anti tâches  UV vitamine C  Garnier -40ml","p":9.32,"u":"233,00 €/L","img":"https://fd8-photos.leclercdrive.fr/image.ashx?id=2904251&use=l&cat=p&typeid=i","cat":325345},{"id":259184,"n":"Préservatifs Durex Classic Jeans - x20","p":7.01,"img":"https://fd8-photos.leclercdrive.fr/image.ashx?id=2892433&use=l&cat=p&typeid=i","cat":284631},{"id":259211,"n":"Dentifrice Enfants Sensodyne 2-6 ans - 50ml","p":3.89,"u":"77,80 €/L","img":"https://fd8-photos.leclercdrive.fr/image.ashx?id=2893009&use=l&cat=p&typeid=i","cat":288898},{"id":259245,"n":"Bière aromatisée 1664 Rosé 4,5°- 6x25cl","p":5.1,"u":"3,40 €/L","img":"https://fd8-photos.leclercdrive.fr/image.ashx?id=2892457&use=l&cat=p&typeid=i","cat":334878},{"id":259249,"n":"Bière aromatisée Somersby Pomme 4,5° - 3x27,5cl","p":3.9,"u":"4,73 €/L","img":"https://fd8-photos.leclercdrive.fr/image.ashx?id=2892460&use=l&cat=p&typeid=i","cat":334878},{"id":259250,"n":"Bière aromatisée Somersby Citron Yuzu 4,5° - 3x27,5cl","p":4.14,"u":"5,02 €/L","img":"https://fd8-photos.leclercdrive.fr/image.ashx?id=2892463&use=l&cat=p&typeid=i","cat":334878},{"id":259253,"n":"Bière aromatisée Somersby Framboise 4,5° - 3x27,5cl","p":3.95,"u":"4,79 €/L","img":"https://fd8-photos.leclercdrive.fr/image.ashx?id=2892466&use=l&cat=p&typeid=i","cat":334878},{"id":259262,"n":"Bière blonde Stella Artois 5,2% - 6x25cl","p":5.71,"u":"3,81 €/L","img":"https://fd8-photos.leclercdrive.fr/image.ashx?id=2944371&use=l&cat=p&typeid=i","cat":334873},{"id":259263,"n":"Bière blonde Stella Artois 5,2% - 12x25cl","p":9.81,"u":"3,27 €/L","img":"https://fd8-photos.leclercdrive.fr/image.ashx?id=2971754&use=l&cat=p&typeid=i","cat":334873},{"id":259277,"n":"Bière blonde Stella Artois 5,2% - 20x25cl","p":15.21,"u":"3,04 €/L","img":"https://fd8-photos.leclercdrive.fr/image.ashx?id=2944377&use=l&cat=p&typeid=i","cat":334873},{"id":259279,"n":"Bière blonde Bud 5% - 50cl canette","p":4.74,"u":"23,70 €/L","img":"https://fd8-photos.leclercdrive.fr/image.ashx?id=2994554&use=l&cat=p&typeid=i","cat":334853},{"id":259302,"n":"Produit vaisselle recharge  Paic -900ml","p":4.69,"u":"5,21 €/L","img":"https://fd8-photos.leclercdrive.fr/image.ashx?id=2893156&use=l&cat=p&typeid=i","cat":284655},{"id":259310,"n":"Produit vaisselle easy  Paic -900ml","p":4.51,"u":"5,01 €/L","img":"https://fd8-photos.leclercdrive.fr/image.ashx?id=2983516&use=l&cat=p&typeid=i","cat":284655},{"id":259322,"n":"Pain burger Jacquet Nature x6 - 330g","p":1.35,"u":"4,09 €/KG","img":"https://fd8-photos.leclercdrive.fr/image.ashx?id=2991885&use=l&cat=p&typeid=i","cat":325067},{"id":259323,"n":"Burger Jacquet brioché Ultra moelleux x4 - 250g","p":1.74,"u":"6,96 €/KG","img":"https://fd8-photos.leclercdrive.fr/image.ashx?id=3010984&use=l&cat=p&typeid=i","cat":325067},{"id":259604,"n":"Boisson fruits multivitaminés  Fruit shoot -9 x 20cl +3 off","p":3.63,"u":"1,51 €/L","img":"https://fd8-photos.leclercdrive.fr/image.ashx?id=2892469&use=l&cat=p&typeid=i","cat":295018},{"id":259605,"n":"Boisson fruits Tropical Fruit shoot  -9x20cl + 3 off","p":3.95,"u":"1,65 €/L","img":"https://fd8-photos.leclercdrive.fr/image.ashx?id=2892472&use=l&cat=p&typeid=i","cat":295018},{"id":259611,"n":"Cacahouètes grillées à sec Menguy's -200g x 2 +200g off","p":4.98,"u":"1,66 €/P","img":"https://fd8-photos.leclercdrive.fr/image.ashx?id=2892172&use=l&cat=p&typeid=i","cat":284448},{"id":259632,"n":"Nectar Bio Pressade Pomme - 1.5L","p":2.15,"u":"1,43 €/L","img":"https://fd8-photos.leclercdrive.fr/image.ashx?id=2892586&use=l&cat=p&typeid=i","cat":284522},{"id":259754,"n":"Bière blonde Stella Artois 5,2% - 50cl canette","p":1.54,"u":"3,08 €/L","img":"https://fd8-photos.leclercdrive.fr/image.ashx?id=2893063&use=l&cat=p&typeid=i","cat":334853},{"id":260044,"n":"Liqueur Get Menthe & fruits rouges 17.9° - 70cl","p":12.99,"u":"18,56 €/L","img":"https://fd8-photos.leclercdrive.fr/image.ashx?id=3009104&use=l&cat=p&typeid=i","cat":286032},{"id":260062,"n":"Dentifrice Oral-B Professional Email renforcé - 2x75ml","p":7.34,"u":"48,93 €/L","img":"https://fd8-photos.leclercdrive.fr/image.ashx?id=2893901&use=l&cat=p&typeid=i","cat":284612},{"id":260187,"n":"Champagne GH Martel  Brut nature  -75cl","p":30.24,"u":"40,32 €/L","img":"https://fd8-photos.leclercdrive.fr/image.ashx?id=2974378&use=l&cat=p&typeid=i","cat":284542},{"id":260276,"n":"Barre de céréales Nature Valley Crunchy avoine miel - 420g","p":4.38,"u":"10,43 €/KG","img":"https://fd8-photos.leclercdrive.fr/image.ashx?id=2894512&use=l&cat=p&typeid=i","cat":300032},{"id":260279,"n":"Barre de céréales Nature Valley Crunchy avoine chocolat - 420g","p":4.23,"u":"10,07 €/KG","img":"https://fd8-photos.leclercdrive.fr/image.ashx?id=2894515&use=l&cat=p&typeid=i","cat":300032},{"id":260281,"n":"Bière blonde de caractère  Pélican 7.5% 12x25cl","p":11.57,"u":"3,86 €/L","img":"https://fd8-photos.leclercdrive.fr/image.ashx?id=2922600&use=l&cat=p&typeid=i","cat":334872},{"id":260282,"n":"Champagne brut Veuve Clicquot 12.5% - 75cl","p":51.99,"u":"69,32 €/L","img":"https://fd8-photos.leclercdrive.fr/image.ashx?id=2894137&use=l&cat=p&typeid=i","cat":284542},{"id":260328,"n":"Riz Taureau Ailé Basmati du Punjab - 500g","p":2.12,"u":"4,24 €/KG","img":"https://fd8-photos.leclercdrive.fr/image.ashx?id=2893756&use=l&cat=p&typeid=i","cat":284428},{"id":260672,"n":"Head & Shoulders shampoing  Classic 2 x 250ml","p":10.71,"u":"21,42 €/L","img":"https://fd8-photos.leclercdrive.fr/image.ashx?id=2895095&use=l&cat=p&typeid=i","cat":284606},{"id":260713,"n":"Serviettes hygiéniques Jour &  Nuit Always ultra 2 x 22","p":7.84,"u":"0,18 €/P","img":"https://fd8-photos.leclercdrive.fr/image.ashx?id=2895068&use=l&cat=p&typeid=i","cat":284624},{"id":260719,"n":"Serviettes hygiéniques Normal Always ultra 2 x 34","p":7.77,"u":"0,11 €/P","img":"https://fd8-photos.leclercdrive.fr/image.ashx?id=2895071&use=l&cat=p&typeid=i","cat":284624},{"id":260721,"n":"Serviettes hygiéniques Normal+ Always Platinum 2 x 24","p":7.78,"u":"0,16 €/P","img":"https://fd8-photos.leclercdrive.fr/image.ashx?id=2905702&use=l&cat=p&typeid=i","cat":284624},{"id":260735,"n":"Oral-B brossettes Cross Action 4+4 offertes","p":41.46,"u":"5,18 €/P","img":"https://fd8-photos.leclercdrive.fr/image.ashx?id=2905093&use=l&cat=p&typeid=i","cat":297133},{"id":261073,"n":"Pépites de chocolat noir Sainte Lucie - 100g","p":2.41,"u":"24,10 €/KG","img":"https://fd8-photos.leclercdrive.fr/image.ashx?id=2896177&use=l&cat=p&typeid=i","cat":284504},{"id":261200,"n":"Cônes Magnum noisette  4x90g","p":5.61,"u":"21,58 €/KG","img":"https://fd8-photos.leclercdrive.fr/image.ashx?id=2896453&use=l&cat=p&typeid=i","cat":284264},{"id":261216,"n":"Cônes Magnum mangue  4x90ml","p":5.61,"u":"21,58 €/KG","img":"https://fd8-photos.leclercdrive.fr/image.ashx?id=2896450&use=l&cat=p&typeid=i","cat":284264},{"id":261222,"n":"Saucisson Saint Agaûne 200g","p":4.12,"u":"20,60 €/KG","img":"https://fd8-photos.leclercdrive.fr/image.ashx?id=2977432&use=l&cat=p&typeid=i","cat":316006},{"id":261279,"n":"Tablette  de chocolat Poulain 2x95g","p":2.67,"u":"14,05 €/KG","img":"https://fd8-photos.leclercdrive.fr/image.ashx?id=2897177&use=l&cat=p&typeid=i","cat":284497},{"id":261292,"n":"Chewing-gum Hollywood  Menthe Verte sans sucres - 70g","p":2.2,"u":"31,43 €/KG","img":"https://fd8-photos.leclercdrive.fr/image.ashx?id=2987053&use=l&cat=p&typeid=i","cat":304251},{"id":261298,"n":"Chewing-gum Hollywood Menthe  Fraîche sans sucres - 70g","p":2.41,"u":"34,43 €/KG","img":"https://fd8-photos.leclercdrive.fr/image.ashx?id=2987050&use=l&cat=p&typeid=i","cat":304251},{"id":261307,"n":"Chewing-gum Hollywood 2Fresh  Menthe Verte sans sucres -  66g","p":1.56,"u":"23,64 €/KG","img":"https://fd8-photos.leclercdrive.fr/image.ashx?id=3011959&use=l&cat=p&typeid=i","cat":304251},{"id":261319,"n":"Déodorant bille Adidas Original - 50ml","p":4.22,"u":"84,40 €/L","img":"https://fd8-photos.leclercdrive.fr/image.ashx?id=2896699&use=l&cat=p&typeid=i","cat":284595},{"id":261489,"n":"Sardines Le Trésor des Dieux Huile d'olive - 115g","p":2.13,"u":"18,52 €/KG","img":"https://fd8-photos.leclercdrive.fr/image.ashx?id=3012463&use=l&cat=p&typeid=i","cat":305146},{"id":261503,"n":"Tablette de chocolat Poulain Lait noisette - 2x95g","p":2.77,"u":"14,58 €/KG","img":"https://fd8-photos.leclercdrive.fr/image.ashx?id=2899509&use=l&cat=p&typeid=i","cat":284497},{"id":261505,"n":"Chocolat Tablette d'Or Lait caramelisées - 180g","p":2.49,"u":"13,83 €/KG","img":"https://fd8-photos.leclercdrive.fr/image.ashx?id=2896837&use=l&cat=p&typeid=i","cat":284497},{"id":261510,"n":"Sel fin Le Guerandais Au herbes 250g","p":3.17,"u":"12,68 €/KG","img":"https://fd8-photos.leclercdrive.fr/image.ashx?id=2903344&use=l&cat=p&typeid=i","cat":284457},{"id":261517,"n":"Chewing-gum Hollywood  Menthe Fraîche sans sucres 87g","p":3.42,"u":"39,31 €/KG","img":"https://fd8-photos.leclercdrive.fr/image.ashx?id=2968595&use=l&cat=p&typeid=i","cat":304251},{"id":261519,"n":"Chewing-gum Hollywood Cherry 5x14g -70g","p":2.94,"u":"42,00 €/KG","img":"https://fd8-photos.leclercdrive.fr/image.ashx?id=2985696&use=l&cat=p&typeid=i","cat":304251},{"id":261520,"n":"Bonbons La Vosgienne  Sève de Pin - 125g","p":1.68,"u":"13,44 €/KG","img":"https://fd8-photos.leclercdrive.fr/image.ashx?id=2901235&use=l&cat=p&typeid=i","cat":304256},{"id":261522,"n":"Chewing-gum Hollywood Style  Menthe Verte sans sucres - 92g","p":2.6,"u":"28,26 €/KG","img":"https://fd8-photos.leclercdrive.fr/image.ashx?id=2968010&use=l&cat=p&typeid=i","cat":304251},{"id":261523,"n":"Chewing-gum Hollywood Fraise - Citron vert sans sucres 66g","p":1.56,"u":"23,64 €/KG","img":"https://fd8-photos.leclercdrive.fr/image.ashx?id=3011965&use=l&cat=p&typeid=i","cat":304251},{"id":261525,"n":"Sauté de lapin William Saurin 300g","p":3.23,"u":"10,77 €/KG","img":"https://fd8-photos.leclercdrive.fr/image.ashx?id=2905375&use=l&cat=p&typeid=i","cat":284953},{"id":261526,"n":"Chewing-gum Hollywood  Menthe Forte sans sucres 70g","p":2.41,"u":"34,43 €/KG","img":"https://fd8-photos.leclercdrive.fr/image.ashx?id=3001533&use=l&cat=p&typeid=i","cat":304251},{"id":261528,"n":"Nectar Bio Pressade Orange Bio - 6x20cl","p":2.9,"u":"2,42 €/L","img":"https://fd8-photos.leclercdrive.fr/image.ashx?id=2902705&use=l&cat=p&typeid=i","cat":284521},{"id":261531,"n":"Ciboulette Panier du Primeur 20g","p":1.49,"u":"74,50 €/KG","img":"https://fd8-photos.leclercdrive.fr/image.ashx?id=2897880&use=l&cat=p&typeid=i","cat":293607},{"id":261533,"n":"Coriandre Panier du Primeur  20g","p":1.49,"u":"74,50 €/KG","img":"https://fd8-photos.leclercdrive.fr/image.ashx?id=2899830&use=l&cat=p&typeid=i","cat":293607},{"id":261540,"n":"Rhum Diplomatico Mantuano 70cl 40%","p":29.9,"u":"42,71 €/L","img":"https://fd8-photos.leclercdrive.fr/image.ashx?id=2898753&use=l&cat=p&typeid=i","cat":284550},{"id":261542,"n":"Laque tenue flexible Syoss 300ml","p":3.5,"u":"11,67 €/L","img":"https://fd8-photos.leclercdrive.fr/image.ashx?id=2903089&use=l&cat=p&typeid=i","cat":284609},{"id":261891,"n":"Sucre en buchettes Daddy Boite distributrice - 480g","p":2.5,"u":"5,21 €/KG","img":"https://fd8-photos.leclercdrive.fr/image.ashx?id=2903065&use=l&cat=p&typeid=i","cat":284502},{"id":262139,"n":"Cookies Milka Choco Sensations - 208g","p":3.05,"u":"14,66 €/KG","img":"https://fd8-photos.leclercdrive.fr/image.ashx?id=3003525&use=l&cat=p&typeid=i","cat":325066},{"id":262313,"n":"IGP Pays D'Oc Bleu de Mer  Vin Blanc Sauvignon - 75cl","p":6.39,"u":"8,52 €/L","img":"https://fd8-photos.leclercdrive.fr/image.ashx?id=2899152&use=l&cat=p&typeid=i","cat":289557},{"id":262865,"n":"Tablette MMMAX Milka 250g","p":3.6,"u":"14,40 €/KG","img":"https://fd8-photos.leclercdrive.fr/image.ashx?id=3000444&use=l&cat=p&typeid=i","cat":284497},{"id":262868,"n":"Baume lèvre hydratant Labello","p":1.96,"u":"392,00 €/KG","img":"https://fd8-photos.leclercdrive.fr/image.ashx?id=2984676&use=l&cat=p&typeid=i","cat":285485},{"id":262876,"n":"Mini fingers Cadburry 96.5g","p":1.99,"u":"20,73 €/KG","img":"https://fd8-photos.leclercdrive.fr/image.ashx?id=2902831&use=l&cat=p&typeid=i","cat":284488},{"id":263105,"n":"Glace en pot Ben & Jerry's  Brookieees & Cream 465 ml","p":4.78,"u":"10,28 €/L","img":"https://fd8-photos.leclercdrive.fr/image.ashx?id=2901202&use=l&cat=p&typeid=i","cat":284725},{"id":263108,"n":"Bouchées glacées Ben & Jerry  Cookie Dough 150g","p":5.0,"u":"33,33 €/KG","img":"https://fd8-photos.leclercdrive.fr/image.ashx?id=3009323&use=l&cat=p&typeid=i","cat":284725},{"id":263130,"n":"Magnum Glace Bâtonnet  Double Noisette 4x85ml","p":4.95,"u":"14,56 €/L","img":"https://fd8-photos.leclercdrive.fr/image.ashx?id=3009326&use=l&cat=p&typeid=i","cat":284265},{"id":263131,"n":"Bâtonnet Magnum Utopia Double Fruits Rouges 4x85ml","p":5.43,"u":"15,97 €/L","img":"https://fd8-photos.leclercdrive.fr/image.ashx?id=3014650&use=l&cat=p&typeid=i","cat":284265},{"id":263132,"n":"Glace Bonbon Dessert Magnum Gold Caramel Billionaire 168g","p":4.1,"u":"24,40 €/KG","img":"https://fd8-photos.leclercdrive.fr/image.ashx?id=3009320&use=l&cat=p&typeid=i","cat":284266},{"id":263154,"n":"Saumon MSC haché Yooji dès 4 mois 80g","p":4.99,"u":"62,38 €/KG","img":"https://fd8-photos.leclercdrive.fr/image.ashx?id=3008893&use=l&cat=p&typeid=i","cat":290631},{"id":263282,"n":"Désinfectant linge Textil 1,5L","p":1.99,"u":"1,33 €/L","img":"https://fd8-photos.leclercdrive.fr/image.ashx?id=2958768&use=l&cat=p&typeid=i","cat":290451},{"id":263287,"n":"IGP Méditerranée Blanc Studio by Miraval - 75cl","p":10.89,"u":"14,52 €/L","img":"https://fd8-photos.leclercdrive.fr/image.ashx?id=2990541&use=l&cat=p&typeid=i","cat":289557},{"id":263328,"n":"Bonbons Lutti Bubblizz Piquants - 300g","p":1.61,"u":"5,37 €/KG","img":"https://fd8-photos.leclercdrive.fr/image.ashx?id=2900983&use=l&cat=p&typeid=i","cat":304250},{"id":263635,"n":"Persil Plat Panier du Primeur 20g","p":1.49,"u":"74,50 €/KG","img":"https://fd8-photos.leclercdrive.fr/image.ashx?id=2899836&use=l&cat=p&typeid=i","cat":293607},{"id":263698,"n":"Bière Softiz  Agrumes 6x27,5cl","p":3.33,"u":"2,02 €/L","img":"https://fd8-photos.leclercdrive.fr/image.ashx?id=2902529&use=l&cat=p&typeid=i","cat":334877},{"id":263712,"n":"Truite fumée Landvika 6 tranches 140g","p":4.99,"u":"35,64 €/KG","img":"https://fd8-photos.leclercdrive.fr/image.ashx?id=2904206&use=l&cat=p&typeid=i","cat":285188},{"id":263743,"n":"Culottes Tena  Taille L x 8","p":9.63,"u":"1,20 €/P","img":"https://fd8-photos.leclercdrive.fr/image.ashx?id=2904455&use=l&cat=p&typeid=i","cat":284628},{"id":263746,"n":"Culottes Tena  Taille XL - x12","p":15.77,"u":"1,31 €/P","img":"https://fd8-photos.leclercdrive.fr/image.ashx?id=2904458&use=l&cat=p&typeid=i","cat":284628},{"id":263842,"n":"Pois chiches Terra Douceurs 230g","p":3.29,"u":"14,30 €/KG","img":"https://fd8-photos.leclercdrive.fr/image.ashx?id=2908267&use=l&cat=p&typeid=i","cat":312609},{"id":263843,"n":"Gaspacho Terra Douceurs 75cl","p":6.7,"u":"8,93 €/L","img":"https://fd8-photos.leclercdrive.fr/image.ashx?id=2904392&use=l&cat=p&typeid=i","cat":287365},{"id":263844,"n":"Sauce tomate Terra Douceurs Basilic - 25cl","p":4.18,"u":"16,72 €/L","img":"https://fd8-photos.leclercdrive.fr/image.ashx?id=2908270&use=l&cat=p&typeid=i","cat":288384},{"id":263845,"n":"Courgettes au curry  120g","p":4.33,"u":"36,08 €/KG","img":"https://fd8-photos.leclercdrive.fr/image.ashx?id=2906643&use=l&cat=p&typeid=i","cat":312612},{"id":263848,"n":"Crème de topinambour 120g","p":3.76,"u":"31,33 €/KG","img":"https://fd8-photos.leclercdrive.fr/image.ashx?id=2906646&use=l&cat=p&typeid=i","cat":284451},{"id":263869,"n":"Riz pour risotto Taureau Ailé 500g","p":1.88,"u":"3,76 €/KG","img":"https://fd8-photos.leclercdrive.fr/image.ashx?id=2904389&use=l&cat=p&typeid=i","cat":284428},{"id":263873,"n":"Riz long Kamâlis Taureau Ailé - 500g","p":2.47,"u":"4,94 €/KG","img":"https://fd8-photos.leclercdrive.fr/image.ashx?id=2904386&use=l&cat=p&typeid=i","cat":284428},{"id":263874,"n":"Cookie Balls Tiliz  Vanille - 108g","p":5.99,"u":"55,46 €/KG","img":"https://fd8-photos.leclercdrive.fr/image.ashx?id=2904377&use=l&cat=p&typeid=i","cat":284266},{"id":263891,"n":"Cookie Balls Tiliz  chocolat - 108g","p":5.99,"u":"55,46 €/KG","img":"https://fd8-photos.leclercdrive.fr/image.ashx?id=2904380&use=l&cat=p&typeid=i","cat":284266},{"id":264229,"n":"Brassé bio Les 2 Vaches Framboise mûre myrtille 8x115g","p":4.5,"u":"4,89 €/KG","img":"https://fd8-photos.leclercdrive.fr/image.ashx?id=2906511&use=l&cat=p&typeid=i","cat":284410},{"id":264232,"n":"Brassés bio Les 2 Vaches Pêche abricot - 8x115g","p":4.39,"u":"4,77 €/KG","img":"https://fd8-photos.leclercdrive.fr/image.ashx?id=2906508&use=l&cat=p&typeid=i","cat":284410},{"id":264240,"n":"Stylos Bic Cristal original Lot de 10","p":2.52,"u":"0,25 €/P","img":"https://fd8-photos.leclercdrive.fr/image.ashx?id=2906091&use=l&cat=p&typeid=i","cat":284696},{"id":264363,"n":"Sac poubelle doggy bag 3x12 sacs Handybag","p":2.53,"img":"https://fd8-photos.leclercdrive.fr/image.ashx?id=2906709&use=l&cat=p&typeid=i","cat":285168},{"id":264373,"n":"P'tit Savane Tornado Brossard Roulés à la fraise - x7 - 175g","p":2.35,"u":"13,43 €/KG","img":"https://fd8-photos.leclercdrive.fr/image.ashx?id=2966089&use=l&cat=p&typeid=i","cat":284495},{"id":264392,"n":"Savane Brossard coeur choco Max de sensation - x6 - 180g","p":2.46,"u":"13,67 €/KG","img":"https://fd8-photos.leclercdrive.fr/image.ashx?id=2906502&use=l&cat=p&typeid=i","cat":284495},{"id":264412,"n":"Préparation fraises Natù Bio - Rigoni di Asiago 240g","p":2.81,"u":"11,71 €/KG","img":"https://fd8-photos.leclercdrive.fr/image.ashx?id=2981737&use=l&cat=p&typeid=i","cat":284480},{"id":264416,"n":"Tartelette BN Chocolat - 100g","p":1.23,"u":"12,30 €/KG","img":"https://fd8-photos.leclercdrive.fr/image.ashx?id=2907881&use=l&cat=p&typeid=i","cat":284488},{"id":264417,"n":"Biscuits BN Del'ice Choco Brownie - 185g","p":2.08,"u":"11,24 €/KG","img":"https://fd8-photos.leclercdrive.fr/image.ashx?id=2907884&use=l&cat=p&typeid=i","cat":284488},{"id":264418,"n":"Biscuits BN Del'ice Cookie Dough - 175g","p":2.02,"u":"11,54 €/KG","img":"https://fd8-photos.leclercdrive.fr/image.ashx?id=2907887&use=l&cat=p&typeid=i","cat":325066},{"id":264692,"n":"Croque-Monsieur Maxi Herta jambon fromage x2 - 310g","p":3.16,"u":"10,19 €/KG","img":"https://fd8-photos.leclercdrive.fr/image.ashx?id=2907941&use=l&cat=p&typeid=i","cat":333671},{"id":264694,"n":"Cheetos crispy Balls  90g","p":1.05,"u":"11,67 €/KG","img":"https://fd8-photos.leclercdrive.fr/image.ashx?id=2907962&use=l&cat=p&typeid=i","cat":284449},{"id":264696,"n":"Cheetos crunchy Fromage - 90g","p":1.29,"u":"14,33 €/KG","img":"https://fd8-photos.leclercdrive.fr/image.ashx?id=2907965&use=l&cat=p&typeid=i","cat":284449},{"id":264700,"n":"Cheetos crunchy Sweet Chili - 90g","p":1.29,"u":"14,33 €/KG","img":"https://fd8-photos.leclercdrive.fr/image.ashx?id=2907968&use=l&cat=p&typeid=i","cat":284449},{"id":264707,"n":"Cheetos original  135g","p":1.73,"u":"12,81 €/KG","img":"https://fd8-photos.leclercdrive.fr/image.ashx?id=2907956&use=l&cat=p&typeid=i","cat":284449},{"id":264708,"n":"Cheetos original  Fromage - 80g","p":1.15,"u":"14,38 €/KG","img":"https://fd8-photos.leclercdrive.fr/image.ashx?id=2907959&use=l&cat=p&typeid=i","cat":284449},{"id":264713,"n":"Kit crousti'fajitas Old El Paso Extra doux - 521g","p":4.71,"u":"9,04 €/KG","img":"https://fd8-photos.leclercdrive.fr/image.ashx?id=2908354&use=l&cat=p&typeid=i","cat":288993},{"id":264756,"n":"Déodorant Homme L'Oréal bille Invincible Sport - 50ml","p":2.54,"u":"50,80 €/L","img":"https://fd8-photos.leclercdrive.fr/image.ashx?id=2907638&use=l&cat=p&typeid=i","cat":284618},{"id":264766,"n":"Get 27  Edition Limitée Summer - 70cl","p":11.4,"u":"16,29 €/L","img":"https://fd8-photos.leclercdrive.fr/image.ashx?id=2907677&use=l&cat=p&typeid=i","cat":286032},{"id":264779,"n":"Coupelles Douceur du Verger 8x100g","p":2.09,"u":"2,61 €/KG","img":"https://fd8-photos.leclercdrive.fr/image.ashx?id=2958350&use=l&cat=p&typeid=i","cat":284508},{"id":264791,"n":"Biscuit au Pop corn P'tit Déli Fourrés chocolat au lait - 150g","p":1.89,"u":"12,60 €/KG","img":"https://fd8-photos.leclercdrive.fr/image.ashx?id=2907303&use=l&cat=p&typeid=i","cat":284488},{"id":264792,"n":"Mon 1er biscuit Mots d'enfants Dès 10 mois - 120g","p":1.55,"u":"12,92 €/KG","img":"https://fd8-photos.leclercdrive.fr/image.ashx?id=2907306&use=l&cat=p&typeid=i","cat":312394},{"id":264799,"n":"Bière Blonde Lager 5 Spéciale 5% - 10x25cl","p":5.52,"u":"2,21 €/L","img":"https://fd8-photos.leclercdrive.fr/image.ashx?id=2954112&use=l&cat=p&typeid=i","cat":334873},{"id":264903,"n":"La Panée soja Garden Gourmet 207g","p":2.67,"u":"12,90 €/KG","img":"https://fd8-photos.leclercdrive.fr/image.ashx?id=2980155&use=l&cat=p&typeid=i","cat":316036},{"id":264904,"n":"Le Classique soja  Garden Gourmet 173g","p":2.63,"u":"15,20 €/KG","img":"https://fd8-photos.leclercdrive.fr/image.ashx?id=2965319&use=l&cat=p&typeid=i","cat":316036},{"id":264959,"n":"Halloumi AOP Les Croisés 200g","p":2.66,"u":"13,30 €/KG","img":"https://fd8-photos.leclercdrive.fr/image.ashx?id=3009532&use=l&cat=p&typeid=i","cat":314026},{"id":265098,"n":"Jambon cuit supérieur  L'Atelier Charcuterie 4T - 220g","p":4.39,"u":"19,95 €/KG","img":"https://fd8-photos.leclercdrive.fr/image.ashx?id=2999045&use=l&cat=p&typeid=i","cat":316009},{"id":265105,"n":"Jambon supérieur  L'Atelier Charcuterie 4T 220g","p":3.47,"u":"15,77 €/KG","img":"https://fd8-photos.leclercdrive.fr/image.ashx?id=2999054&use=l&cat=p&typeid=i","cat":316009},{"id":265108,"n":"Jambon supérieur  L'Atelier Charcuterie 6T - 330g","p":5.12,"u":"15,52 €/KG","img":"https://fd8-photos.leclercdrive.fr/image.ashx?id=2928162&use=l&cat=p&typeid=i","cat":316009},{"id":265151,"n":"Fromage enfant Mini Babybel  22 portions 484g","p":7.79,"u":"16,10 €/KG","img":"https://fd8-photos.leclercdrive.fr/image.ashx?id=2935843&use=l&cat=p&typeid=i","cat":314030},{"id":265152,"n":"Fromage apéritif Apéricube Soirée match 48 cubes 250g","p":4.17,"u":"16,68 €/KG","img":"https://fd8-photos.leclercdrive.fr/image.ashx?id=2908915&use=l&cat=p&typeid=i","cat":314027},{"id":265156,"n":"Fromage apéritif Apéricube Montagne 48 cubes 250g","p":4.17,"u":"16,68 €/KG","img":"https://fd8-photos.leclercdrive.fr/image.ashx?id=2908924&use=l&cat=p&typeid=i","cat":314027},{"id":265312,"n":"Briquet Rechargeable Bic Multi-usages - EZ Load","p":7.94,"img":"https://fd8-photos.leclercdrive.fr/image.ashx?id=2911252&use=l&cat=p&typeid=i","cat":300578},{"id":265336,"n":"Ardoise Bic Velleda Sans effacette - Bleu - 19x26cm","p":2.8,"img":"https://fd8-photos.leclercdrive.fr/image.ashx?id=2974587&use=l&cat=p&typeid=i","cat":334133},{"id":265346,"n":"Cornichons Kühne Petits  croquants Aigres-doux - 190g","p":2.39,"u":"12,58 €/KG","img":"https://fd8-photos.leclercdrive.fr/image.ashx?id=2911930&use=l&cat=p&typeid=i","cat":284458},{"id":265347,"n":"Riz Taureau Ailé Kamâlis du Cambodge - 750g","p":3.21,"u":"4,28 €/KG","img":"https://fd8-photos.leclercdrive.fr/image.ashx?id=2912500&use=l&cat=p&typeid=i","cat":284428},{"id":265443,"n":"Martini Bianco 14.5° - 1L","p":10.3,"u":"10,30 €/L","img":"https://fd8-photos.leclercdrive.fr/image.ashx?id=2941952&use=l&cat=p&typeid=i","cat":284913},{"id":265449,"n":"Martini rosato 14.5° - 1L","p":10.3,"u":"10,30 €/L","img":"https://fd8-photos.leclercdrive.fr/image.ashx?id=2941946&use=l&cat=p&typeid=i","cat":284913},{"id":265450,"n":"Martini rosso 14.5° - 1L","p":10.3,"u":"10,30 €/L","img":"https://fd8-photos.leclercdrive.fr/image.ashx?id=2941949&use=l&cat=p&typeid=i","cat":284913},{"id":265507,"n":"Kit plumeau Swiffer Anti-poussière +4 recharges","p":6.16,"img":"https://fd8-photos.leclercdrive.fr/image.ashx?id=2917106&use=l&cat=p&typeid=i","cat":325364},{"id":265508,"n":"Kit démarrage plumeau Swiffer 1 manche + 4 recharges","p":4.88,"img":"https://fd8-photos.leclercdrive.fr/image.ashx?id=3011938&use=l&cat=p&typeid=i","cat":325364},{"id":265511,"n":"Recharges plumeaux Swiffer Fraîcheur - x5","p":4.96,"img":"https://fd8-photos.leclercdrive.fr/image.ashx?id=2974161&use=l&cat=p&typeid=i","cat":325364},{"id":265512,"n":"Recharges plumeaux Swiffer x9","p":9.48,"img":"https://fd8-photos.leclercdrive.fr/image.ashx?id=2912704&use=l&cat=p&typeid=i","cat":325364},{"id":265513,"n":"Liquide adoucissant Lenor Fleur de jasmin 882ml","p":5.73,"u":"6,50 €/L","img":"https://fd8-photos.leclercdrive.fr/image.ashx?id=2917103&use=l&cat=p&typeid=i","cat":284650},{"id":265514,"n":"Adoucissant Lenor collection Jasmin et rose de mai 1.155L","p":4.53,"u":"3,92 €/L","img":"https://fd8-photos.leclercdrive.fr/image.ashx?id=2912701&use=l&cat=p&typeid=i","cat":284650},{"id":265517,"n":"Lingettes humides balai Swiffer Attrape-poussière Citron x10","p":6.16,"img":"https://fd8-photos.leclercdrive.fr/image.ashx?id=2912698&use=l&cat=p&typeid=i","cat":325364},{"id":265519,"n":"Adoucissant Lenor Fresh Air Jardins en fleurs - 504ml x36","p":4.53,"u":"8,99 €/L","img":"https://fd8-photos.leclercdrive.fr/image.ashx?id=2912686&use=l&cat=p&typeid=i","cat":284650},{"id":265521,"n":"Parfum de linge Lenor Fraîcheur florale - 235g - x19","p":6.7,"u":"28,51 €/KG","img":"https://fd8-photos.leclercdrive.fr/image.ashx?id=2912692&use=l&cat=p&typeid=i","cat":325302},{"id":265796,"n":"Lingettes désinfectantes Sanytol - Eucalyptus x160","p":3.2,"img":"https://fd8-photos.leclercdrive.fr/image.ashx?id=2966430&use=l&cat=p&typeid=i","cat":325358},{"id":265799,"n":"Désodorisant Febreze Linge frais - x3 recharges","p":9.6,"u":"Dont 0,05 € d'éco-part.","img":"https://fd8-photos.leclercdrive.fr/image.ashx?id=2912680&use=l&cat=p&typeid=i","cat":311629},{"id":265803,"n":"Dentifrice Elmex Email Clinical Expert - Soin email - 2x75ml","p":12.67,"u":"84,47 €/L","img":"https://fd8-photos.leclercdrive.fr/image.ashx?id=2911597&use=l&cat=p&typeid=i","cat":284612},{"id":265832,"n":"Rasoir Hydro 5 - Wilkinson Face Groomer","p":18.8,"img":"https://fd8-photos.leclercdrive.fr/image.ashx?id=2963853&use=l&cat=p&typeid=i","cat":284616},{"id":265838,"n":"Pinsa Croustipate  Comme à la pizzeria - 240g","p":2.81,"u":"11,71 €/KG","img":"https://fd8-photos.leclercdrive.fr/image.ashx?id=2911363&use=l&cat=p&typeid=i","cat":333681},{"id":265842,"n":"Vin blanc Pays d'Oc Bleu de mer BIB 3L","p":16.81,"u":"5,60 €/L","img":"https://fd8-photos.leclercdrive.fr/image.ashx?id=2911486&use=l&cat=p&typeid=i","cat":289557},{"id":265868,"n":"Lessive liquide Dash 2 en 1 Envolée d'air 40 lavages - 1.8L","p":9.89,"u":"5,49 €/L","img":"https://fd8-photos.leclercdrive.fr/image.ashx?id=2914858&use=l&cat=p&typeid=i","cat":284640},{"id":265886,"n":"Bière blonde 5 Lager Speciale 5% 6x25cl","p":3.42,"u":"2,28 €/L","img":"https://fd8-photos.leclercdrive.fr/image.ashx?id=2910768&use=l&cat=p&typeid=i","cat":334873},{"id":265890,"n":"Vodka Poliakov cherry 70cl 32°","p":12.14,"u":"17,34 €/L","img":"https://fd8-photos.leclercdrive.fr/image.ashx?id=3002048&use=l&cat=p&typeid=i","cat":284550},{"id":265923,"n":"Bière Neipa 33cl Brasserie Dulion","p":2.52,"u":"7,64 €/L","img":"https://fd8-photos.leclercdrive.fr/image.ashx?id=2919382&use=l&cat=p&typeid=i","cat":334872},{"id":265937,"n":"Lessive liquide Skip Couleur Protect 2x37 - 2.960L","p":26.54,"u":"8,97 €/L","img":"https://fd8-photos.leclercdrive.fr/image.ashx?id=2914249&use=l&cat=p&typeid=i","cat":284640},{"id":265947,"n":"Dentifrice Sensodyne  Soin complet 3x75ml","p":9.83,"pp":5.9,"u":"26,22 €/L","img":"https://fd8-photos.leclercdrive.fr/image.ashx?id=3009023&use=l&cat=p&typeid=i","cat":284612},{"id":265950,"n":"Dentifrice Sensodyne Soin blancheur 3x75ml","p":9.83,"pp":5.9,"u":"26,22 €/L","img":"https://fd8-photos.leclercdrive.fr/image.ashx?id=3009026&use=l&cat=p&typeid=i","cat":284612},{"id":266078,"n":"Lessive liquide Persil Douceur d'amande - 2.565L x61","p":10.59,"u":"4,13 €/L","img":"https://fd8-photos.leclercdrive.fr/image.ashx?id=2944497&use=l&cat=p&typeid=i","cat":284640},{"id":266088,"n":"Adoucissant Cajoline Creations Brise de muguet 1.386L x66","p":6.21,"u":"4,48 €/L","img":"https://fd8-photos.leclercdrive.fr/image.ashx?id=2914240&use=l&cat=p&typeid=i","cat":284650},{"id":266093,"n":"Adoucissant Lenor Envolée d'air - x55 - 1.155L","p":4.53,"u":"3,92 €/L","img":"https://fd8-photos.leclercdrive.fr/image.ashx?id=2914171&use=l&cat=p&typeid=i","cat":284650},{"id":266105,"n":"Nettoyant lave-vaisselle Finish Protector - 30g","p":3.71,"u":"123,67 €/KG","img":"https://fd8-photos.leclercdrive.fr/image.ashx?id=2914894&use=l&cat=p&typeid=i","cat":284657},{"id":266107,"n":"Gel WC Harpic Power Plus 750ml","p":2.13,"u":"2,84 €/L","img":"https://fd8-photos.leclercdrive.fr/image.ashx?id=2914027&use=l&cat=p&typeid=i","cat":284662},{"id":266110,"n":"Bloc WC Harpic Hygienic & Fresh 2.0 Agrume - x2","p":2.39,"img":"https://fd8-photos.leclercdrive.fr/image.ashx?id=2914633&use=l&cat=p&typeid=i","cat":284662},{"id":266111,"n":"Bloc WC Harpic Hygienic & Fresh 2.0 Marine - x2","p":2.42,"img":"https://fd8-photos.leclercdrive.fr/image.ashx?id=2914024&use=l&cat=p&typeid=i","cat":284662},{"id":266112,"n":"Lessive liquide Ariel Peaux sensibles - 1.575L x35","p":9.88,"u":"6,27 €/L","img":"https://fd8-photos.leclercdrive.fr/image.ashx?id=2914819&use=l&cat=p&typeid=i","cat":284640},{"id":266113,"n":"Lessive liquide Ariel Unstoppable - x30 1.350L","p":9.88,"u":"7,32 €/L","img":"https://fd8-photos.leclercdrive.fr/image.ashx?id=2914144&use=l&cat=p&typeid=i","cat":284640},{"id":266114,"n":"Lessive liquide Ariel Alpine - x35 - 1.575L","p":9.88,"u":"6,27 €/L","img":"https://fd8-photos.leclercdrive.fr/image.ashx?id=2914822&use=l&cat=p&typeid=i","cat":284640},{"id":266123,"n":"Jambon Sec fines et fondantes Aoste nature 4 tranches - 67g","p":2.5,"u":"37,31 €/KG","img":"https://fd8-photos.leclercdrive.fr/image.ashx?id=2937196&use=l&cat=p&typeid=i","cat":316007},{"id":266137,"n":"Lessive liquide Ariel Ultra détachant - 1.350L x30","p":9.88,"u":"7,32 €/L","img":"https://fd8-photos.leclercdrive.fr/image.ashx?id=2914147&use=l&cat=p&typeid=i","cat":284640},{"id":266139,"n":"Gel WC Harpic Power Plus Marine - 750ml","p":2.35,"u":"3,13 €/L","img":"https://fd8-photos.leclercdrive.fr/image.ashx?id=2914021&use=l&cat=p&typeid=i","cat":284662},{"id":266140,"n":"Capsules lave-vaisselle Finish Ultimate Plus - x47 - 573g","p":11.88,"pp":7.13,"u":"12,44 €/KG","img":"https://fd8-photos.leclercdrive.fr/image.ashx?id=2914630&use=l&cat=p&typeid=i","cat":284656},{"id":266145,"n":"Adoucissant Lenor Fresh Air Soleil tropical - 504ml - x36","p":4.53,"u":"8,99 €/L","img":"https://fd8-photos.leclercdrive.fr/image.ashx?id=2914156&use=l&cat=p&typeid=i","cat":284650},{"id":266149,"n":"Adoucissant Lenor Fresh Air Fraîcheur matinale 504ml - x36","p":4.53,"u":"8,99 €/L","img":"https://fd8-photos.leclercdrive.fr/image.ashx?id=2914150&use=l&cat=p&typeid=i","cat":284650},{"id":266153,"n":"Pâtes Alpina Savoie Coquillettes zéro résidu 500g","p":1.5,"u":"3,00 €/KG","img":"https://fd8-photos.leclercdrive.fr/image.ashx?id=2913874&use=l&cat=p&typeid=i","cat":284427},{"id":266154,"n":"Pâtes Alpina Savoie Spaghetti zéro résidu 500g","p":1.67,"u":"3,34 €/KG","img":"https://fd8-photos.leclercdrive.fr/image.ashx?id=2913877&use=l&cat=p&typeid=i","cat":284427},{"id":266156,"n":"Lessive capsuleS Ariel Pods+ Unstoppable - 515g - x26","p":15.87,"u":"30,82 €/KG","img":"https://fd8-photos.leclercdrive.fr/image.ashx?id=2914852&use=l&cat=p&typeid=i","cat":284641},{"id":266157,"n":"Lessive capsules Ariel Pods Grandiose Original 762g x21","p":13.07,"u":"17,15 €/KG","img":"https://fd8-photos.leclercdrive.fr/image.ashx?id=2914180&use=l&cat=p&typeid=i","cat":284641},{"id":266162,"n":"Capsules lave-vaisselle Finish Quantum - 707g - x68","p":11.88,"pp":7.13,"u":"10,08 €/KG","img":"https://fd8-photos.leclercdrive.fr/image.ashx?id=2914627&use=l&cat=p&typeid=i","cat":284656},{"id":266163,"n":"Parfum de linge Lenor Jasmin & Rose de mai 155g x13","p":4.53,"u":"29,23 €/KG","img":"https://fd8-photos.leclercdrive.fr/image.ashx?id=2914162&use=l&cat=p&typeid=i","cat":325302},{"id":266165,"n":"Fromage enfant Mini Babybel Mix 9 portions","p":3.51,"u":"0,59 €/P","img":"https://fd8-photos.leclercdrive.fr/image.ashx?id=2911912&use=l&cat=p&typeid=i","cat":314030},{"id":266166,"n":"Lessive capsules Ariel 3en1 Pods - Alpine - 546g - x30","p":13.84,"u":"25,35 €/KG","img":"https://fd8-photos.leclercdrive.fr/image.ashx?id=2914177&use=l&cat=p&typeid=i","cat":284641},{"id":266167,"n":"Fromage enfant Mini Babybel Emmental 6 portions","p":2.57,"u":"0,43 €/P","img":"https://fd8-photos.leclercdrive.fr/image.ashx?id=2911915&use=l&cat=p&typeid=i","cat":314030},{"id":266168,"n":"Lessive capsules Ariel 3en1 Pods - Alpine - 346g x19","p":12.12,"u":"35,03 €/KG","img":"https://fd8-photos.leclercdrive.fr/image.ashx?id=2914867&use=l&cat=p&typeid=i","cat":284641},{"id":266171,"n":"Rouge à lèvres Lifter Gloss  Maybelline - N°002 Ice - x1","p":7.9,"img":"https://fd8-photos.leclercdrive.fr/image.ashx?id=2925466&use=l&cat=p&typeid=i","cat":287029},{"id":266177,"n":"Adoucissant Soupline Lenor Ambre & orchidée - 1.155L x55","p":4.53,"u":"3,92 €/L","img":"https://fd8-photos.leclercdrive.fr/image.ashx?id=2914165&use=l&cat=p&typeid=i","cat":284650},{"id":266181,"n":"Adoucissant Lenor Bouquet floral - 1.155L - x55","p":4.53,"u":"3,92 €/L","img":"https://fd8-photos.leclercdrive.fr/image.ashx?id=2914174&use=l&cat=p&typeid=i","cat":284650},{"id":266182,"n":"Adoucissant Lenor Ambre & orchidée - 882ml - x42","p":4.48,"u":"5,08 €/L","img":"https://fd8-photos.leclercdrive.fr/image.ashx?id=2914864&use=l&cat=p&typeid=i","cat":284650},{"id":266183,"n":"Adoucissant Lenor Jasmin & Rose de mai 882ml x42","p":4.49,"u":"5,09 €/L","img":"https://fd8-photos.leclercdrive.fr/image.ashx?id=2914861&use=l&cat=p&typeid=i","cat":284650},{"id":266199,"n":"Adoucissant Soupline Ultra Fraîcheur infinie rosée 800ml","p":5.89,"u":"7,36 €/L","img":"https://fd8-photos.leclercdrive.fr/image.ashx?id=2991027&use=l&cat=p&typeid=i","cat":284650},{"id":266201,"n":"Adoucissant Soupline Ultra Fraîcheur infinie lagon 800ml","p":7.05,"u":"8,81 €/L","img":"https://fd8-photos.leclercdrive.fr/image.ashx?id=2991024&use=l&cat=p&typeid=i","cat":284650},{"id":266203,"n":"Adoucissant Soupline Ultra concentré Rose éclatante 800 ml","p":6.42,"u":"8,03 €/L","img":"https://fd8-photos.leclercdrive.fr/image.ashx?id=2914210&use=l&cat=p&typeid=i","cat":284650},{"id":266204,"n":"Adoucissant Soupline Ultra Emotion vanille - 1800ml","p":11.2,"u":"6,22 €/L","img":"https://fd8-photos.leclercdrive.fr/image.ashx?id=2914207&use=l&cat=p&typeid=i","cat":284650},{"id":266206,"n":"Adoucissant Soupline Ultra concentré Fraicheur Azur 800 ml","p":5.93,"u":"7,41 €/L","img":"https://fd8-photos.leclercdrive.fr/image.ashx?id=2991030&use=l&cat=p&typeid=i","cat":284650},{"id":266208,"n":"Adoucissant Soupline Ultra concentré Soin Expert 800 ml","p":6.49,"u":"8,11 €/L","img":"https://fd8-photos.leclercdrive.fr/image.ashx?id=2914222&use=l&cat=p&typeid=i","cat":284650},{"id":266210,"n":"Adoucissant Soupline Concentré   Sublime Musc 1,26L","p":5.53,"u":"4,39 €/L","img":"https://fd8-photos.leclercdrive.fr/image.ashx?id=2966803&use=l&cat=p&typeid=i","cat":284650},{"id":266213,"n":"Adoucissant Soupline Emotion ambré - 1260ml","p":6.17,"u":"4,90 €/L","img":"https://fd8-photos.leclercdrive.fr/image.ashx?id=2914231&use=l&cat=p&typeid=i","cat":284650},{"id":266225,"n":"Lessive liquide Ariel Original - 1980ml - x44","p":14.0,"u":"7,07 €/L","img":"https://fd8-photos.leclercdrive.fr/image.ashx?id=2914816&use=l&cat=p&typeid=i","cat":284640},{"id":266232,"n":"Riz risotto Taureau Ailé 1kg","p":3.24,"u":"3,24 €/KG","img":"https://fd8-photos.leclercdrive.fr/image.ashx?id=2914696&use=l&cat=p&typeid=i","cat":284428},{"id":266234,"n":"Pop Corn Micro-ondable Vico Pop caramel - 240g","p":2.0,"u":"8,33 €/KG","img":"https://fd8-photos.leclercdrive.fr/image.ashx?id=2913940&use=l&cat=p&typeid=i","cat":304249},{"id":266238,"n":"Bonbons La Vosgienne  Cassis sans sucres -  49g","p":1.98,"u":"40,41 €/KG","img":"https://fd8-photos.leclercdrive.fr/image.ashx?id=2971900&use=l&cat=p&typeid=i","cat":304252},{"id":266239,"n":"Bonbons La Vosgienne Menthe citron sans sucres - 49g","p":2.02,"u":"41,22 €/KG","img":"https://fd8-photos.leclercdrive.fr/image.ashx?id=2991190&use=l&cat=p&typeid=i","cat":304252},{"id":266244,"n":"Bonbons La Vosgienne Menthol Eucalyptus - 46g","p":2.21,"u":"48,04 €/KG","img":"https://fd8-photos.leclercdrive.fr/image.ashx?id=2979054&use=l&cat=p&typeid=i","cat":304252},{"id":266249,"n":"Bonbons La Vosgienne Sève de pin sans sucres - 46g","p":1.99,"u":"43,26 €/KG","img":"https://fd8-photos.leclercdrive.fr/image.ashx?id=2991193&use=l&cat=p&typeid=i","cat":304252},{"id":266253,"n":"Sardines Parmentier A l'huile Tournesol vierge extra Bio 120g","p":1.79,"u":"14,92 €/KG","img":"https://fd8-photos.leclercdrive.fr/image.ashx?id=2913832&use=l&cat=p&typeid=i","cat":305146},{"id":266435,"n":"Brume adoucissant Soupline Grand air - Anti-plis 300ml","p":6.63,"u":"22,10 €/L","img":"https://fd8-photos.leclercdrive.fr/image.ashx?id=2967974&use=l&cat=p&typeid=i","cat":284650},{"id":266436,"n":"Lessive liquide Ariel Original - 1.575L - x35","p":9.88,"u":"6,27 €/L","img":"https://fd8-photos.leclercdrive.fr/image.ashx?id=2914813&use=l&cat=p&typeid=i","cat":284640},{"id":266438,"n":"Lessive liquide Ariel Protection fibres - 1.350ml x30","p":9.88,"u":"7,32 €/L","img":"https://fd8-photos.leclercdrive.fr/image.ashx?id=2914825&use=l&cat=p&typeid=i","cat":284640},{"id":266440,"n":"Lessive liquide Ariel Active - 1350ml x30","p":9.88,"u":"7,32 €/L","img":"https://fd8-photos.leclercdrive.fr/image.ashx?id=2914828&use=l&cat=p&typeid=i","cat":284640},{"id":266444,"n":"Lessive capsules Ariel 3en1 Original - 546g - x30","p":11.42,"u":"20,92 €/KG","img":"https://fd8-photos.leclercdrive.fr/image.ashx?id=2914834&use=l&cat=p&typeid=i","cat":284641},{"id":266445,"n":"Lessive capsules Ariel Pods+ Active - 554g - x26","p":13.06,"u":"23,57 €/KG","img":"https://fd8-photos.leclercdrive.fr/image.ashx?id=2914843&use=l&cat=p&typeid=i","cat":284641},{"id":266446,"n":"Lessive capsules Ariel Pods+ Active - 405g - x19","p":10.66,"u":"26,32 €/KG","img":"https://fd8-photos.leclercdrive.fr/image.ashx?id=2914849&use=l&cat=p&typeid=i","cat":284641},{"id":266448,"n":"Lessive capsules Ariel Pods Original - 346g - x19","p":12.12,"u":"35,03 €/KG","img":"https://fd8-photos.leclercdrive.fr/image.ashx?id=2914855&use=l&cat=p&typeid=i","cat":284641},{"id":266449,"n":"Lessive capsules Ariel Pods Grandiose Alpine x21 - 762g","p":12.9,"u":"16,93 €/KG","img":"https://fd8-photos.leclercdrive.fr/image.ashx?id=2970245&use=l&cat=p&typeid=i","cat":284641},{"id":266450,"n":"Lessive capsules Ariel Pods+ Ultra détachant - 443g x19","p":10.66,"u":"24,06 €/KG","img":"https://fd8-photos.leclercdrive.fr/image.ashx?id=2914837&use=l&cat=p&typeid=i","cat":284641},{"id":266452,"n":"Lessive capsules Ariel Pods+ Unstoppable - 376g x19","p":10.66,"u":"28,35 €/KG","img":"https://fd8-photos.leclercdrive.fr/image.ashx?id=2914840&use=l&cat=p&typeid=i","cat":284641},{"id":266457,"n":"Serviettes hygiéniques Always Nuit Extra secure - x8","p":2.7,"img":"https://fd8-photos.leclercdrive.fr/image.ashx?id=2914792&use=l&cat=p&typeid=i","cat":284624},{"id":266465,"n":"Lessive liquide Skip Bébé - 1.47L x35","p":12.93,"u":"8,80 €/L","img":"https://fd8-photos.leclercdrive.fr/image.ashx?id=2971787&use=l&cat=p&typeid=i","cat":284640},{"id":266466,"n":"Lessive capsules Ariel Pods+ Ultra détachant - 606g x26","p":15.87,"u":"26,19 €/KG","img":"https://fd8-photos.leclercdrive.fr/image.ashx?id=2914846&use=l&cat=p&typeid=i","cat":284641},{"id":266470,"n":"Recharges diffuseur électrique Airwick - Cannelle - 19ml","p":4.5,"u":"236,84 €/L","img":"https://fd8-photos.leclercdrive.fr/image.ashx?id=2914624&use=l&cat=p&typeid=i","cat":311629},{"id":266633,"n":"Dentrifrice Oral-B Pro Expert Protection - 2x75ml","p":5.39,"u":"35,93 €/L","img":"https://fd8-photos.leclercdrive.fr/image.ashx?id=2938286&use=l&cat=p&typeid=i","cat":284612},{"id":266635,"n":"Dentrifrice Oral-B Pro Expert Dents Sensibles - 2x75ml","p":6.14,"u":"40,93 €/L","img":"https://fd8-photos.leclercdrive.fr/image.ashx?id=2966155&use=l&cat=p&typeid=i","cat":284612},{"id":266637,"n":"Oral B Pro Expert Blancheur Saine - 2x75ml","p":5.85,"u":"39,00 €/L","img":"https://fd8-photos.leclercdrive.fr/image.ashx?id=2938289&use=l&cat=p&typeid=i","cat":284612},{"id":266665,"n":"Biscuits Gullon Goûter fourré Méga Duo - 300g","p":1.34,"u":"4,47 €/KG","img":"https://fd8-photos.leclercdrive.fr/image.ashx?id=2914795&use=l&cat=p&typeid=i","cat":284488},{"id":266677,"n":"Pâtes Alpina Savoie Mini coquilles - 500g","p":1.63,"u":"3,26 €/KG","img":"https://fd8-photos.leclercdrive.fr/image.ashx?id=2915994&use=l&cat=p&typeid=i","cat":284427},{"id":266705,"n":"Pain de mie La Boulangère Toastiligne Complet - 330g","p":1.73,"u":"5,24 €/KG","img":"https://fd8-photos.leclercdrive.fr/image.ashx?id=2926657&use=l&cat=p&typeid=i","cat":284477},{"id":266706,"n":"Pain de mie La Boulangère Complet & graines - 500g","p":1.94,"u":"3,88 €/KG","img":"https://fd8-photos.leclercdrive.fr/image.ashx?id=2926693&use=l&cat=p&typeid=i","cat":284477},{"id":266737,"n":"Carottes des sables des Landes de Gascogne NRT - 1kg","p":1.62,"u":"1,62 €/KG","img":"https://fd8-photos.leclercdrive.fr/image.ashx?id=2928342&use=l&cat=p&typeid=i","cat":284352},{"id":266755,"n":"Gel détartrant Canard WC Ecolabel - 750ml","p":2.47,"pp":1.63,"u":"2,17 €/L","img":"https://fd8-photos.leclercdrive.fr/image.ashx?id=2916390&use=l&cat=p&typeid=i","cat":284662},{"id":267004,"n":"Soda Coca Cola Cherry Canette 6x20cl","p":3.94,"u":"3,28 €/L","img":"https://fd8-photos.leclercdrive.fr/image.ashx?id=2916438&use=l&cat=p&typeid=i","cat":284530},{"id":267005,"n":"Soda Coca-Cola Lemon Bouteille - 1,25L","p":2.23,"u":"1,78 €/L","img":"https://fd8-photos.leclercdrive.fr/image.ashx?id=2916435&use=l&cat=p&typeid=i","cat":284530},{"id":267014,"n":"Tortillas de blé Old El Paso Complet x10 - 580g","p":3.76,"u":"6,48 €/KG","img":"https://fd8-photos.leclercdrive.fr/image.ashx?id=2916492&use=l&cat=p&typeid=i","cat":288993},{"id":267021,"n":"Gourde Charles & Alices Pomme - 12x90g","p":5.2,"u":"4,81 €/KG","img":"https://fd8-photos.leclercdrive.fr/image.ashx?id=2916063&use=l&cat=p&typeid=i","cat":284508},{"id":267022,"n":"Gourde Charles & Alice 12X90g","p":5.9,"u":"5,46 €/KG","img":"https://fd8-photos.leclercdrive.fr/image.ashx?id=3004957&use=l&cat=p&typeid=i","cat":284508},{"id":267023,"n":"Gourde Charles & Alices Pommes poires mirabelle 12X90g","p":5.89,"u":"5,45 €/KG","img":"https://fd8-photos.leclercdrive.fr/image.ashx?id=3004960&use=l&cat=p&typeid=i","cat":284508},{"id":267024,"n":"Gourde Charles & Alice mirabelle, pêche 12X90g","p":6.07,"u":"5,62 €/KG","img":"https://fd8-photos.leclercdrive.fr/image.ashx?id=2916075&use=l&cat=p&typeid=i","cat":284508},{"id":267026,"n":"Gourde Charles & Alice Cerise vanille poire 12X90g","p":5.9,"u":"5,46 €/KG","img":"https://fd8-photos.leclercdrive.fr/image.ashx?id=3004954&use=l&cat=p&typeid=i","cat":284508},{"id":267199,"n":"Huile lavante La Roche Posay Lipikar AP - 1L","p":18.9,"u":"18,90 €/L","img":"https://fd8-photos.leclercdrive.fr/image.ashx?id=2919313&use=l&cat=p&typeid=i","cat":290422},{"id":267203,"n":"Porp Corn salés Tokapi Pop-Box - x2 - 180g","p":1.61,"u":"8,94 €/KG","img":"https://fd8-photos.leclercdrive.fr/image.ashx?id=2915660&use=l&cat=p&typeid=i","cat":304249},{"id":267328,"n":"Nettoyant désinfectant Clair 1.5L","p":1.85,"u":"1,23 €/L","img":"https://fd8-photos.leclercdrive.fr/image.ashx?id=2916593&use=l&cat=p&typeid=i","cat":325357},{"id":267332,"n":"Adoucissant Cajoline Créations Souffle de fraîcheur 1.386L x66","p":5.71,"u":"4,12 €/L","img":"https://fd8-photos.leclercdrive.fr/image.ashx?id=2917109&use=l&cat=p&typeid=i","cat":284650},{"id":267333,"n":"Adoucissant Cajoline Créations Fleur de tiaré & Pivoine 1.386L","p":5.63,"u":"4,06 €/L","img":"https://fd8-photos.leclercdrive.fr/image.ashx?id=2917112&use=l&cat=p&typeid=i","cat":284650},{"id":267335,"n":"Adoucissant Cajoline Créations Lavande & Rose blanche 1.386L","p":6.1,"u":"4,40 €/L","img":"https://fd8-photos.leclercdrive.fr/image.ashx?id=2917115&use=l&cat=p&typeid=i","cat":284650},{"id":267336,"n":"Adoucissant Cajoline Doux & Pur L'original - 1.386L x66","p":4.34,"u":"3,13 €/L","img":"https://fd8-photos.leclercdrive.fr/image.ashx?id=2917118&use=l&cat=p&typeid=i","cat":284650},{"id":267339,"n":"Adoucissant Cajoline Origines Fraîcheur Céleste 1.254L x66","p":5.76,"u":"4,59 €/L","img":"https://fd8-photos.leclercdrive.fr/image.ashx?id=2917121&use=l&cat=p&typeid=i","cat":284650},{"id":267341,"n":"Adoucissant Cajoline Elixir Bouquet estival - 460ml","p":6.87,"u":"14,93 €/L","img":"https://fd8-photos.leclercdrive.fr/image.ashx?id=2940672&use=l&cat=p&typeid=i","cat":284650},{"id":267342,"n":"Adoucissant liquide Cajoline Elixir Brise printanière 460ml","p":7.94,"u":"17,26 €/L","img":"https://fd8-photos.leclercdrive.fr/image.ashx?id=3000896&use=l&cat=p&typeid=i","cat":284650},{"id":267367,"n":"Café en grains L'Or Absolu Intensité 7 - 1kg","p":12.15,"u":"12,15 €/KG","img":"https://fd8-photos.leclercdrive.fr/image.ashx?id=2917136&use=l&cat=p&typeid=i","cat":293237},{"id":267377,"n":"Café en grains sélection L'Or Intensité 6 - 1kg","p":12.4,"u":"12,40 €/KG","img":"https://fd8-photos.leclercdrive.fr/image.ashx?id=2917301&use=l&cat=p&typeid=i","cat":293237},{"id":267388,"n":"Adoucissant liquide Cajoline Elixir Fraîcheur Céleste 460ml","p":7.94,"u":"17,26 €/L","img":"https://fd8-photos.leclercdrive.fr/image.ashx?id=2918113&use=l&cat=p&typeid=i","cat":284650},{"id":267391,"n":"Adoucissant Cajoline Origines Brise printanière 1.254L x66","p":6.52,"u":"5,20 €/L","img":"https://fd8-photos.leclercdrive.fr/image.ashx?id=2918110&use=l&cat=p&typeid=i","cat":284650},{"id":267411,"n":"Bière Softiz Pêche Sans alcool - 6x27.5cl","p":3.16,"u":"1,92 €/L","img":"https://fd8-photos.leclercdrive.fr/image.ashx?id=2916764&use=l&cat=p&typeid=i","cat":334877},{"id":267412,"n":"Matin+ Pamplemousse Framboise - 90cl","p":2.37,"u":"2,63 €/L","img":"https://fd8-photos.leclercdrive.fr/image.ashx?id=2917735&use=l&cat=p&typeid=i","cat":284914},{"id":267433,"n":"Matin+ Mandarine, Kaki Passion - 90cl","p":2.38,"u":"2,64 €/L","img":"https://fd8-photos.leclercdrive.fr/image.ashx?id=2917729&use=l&cat=p&typeid=i","cat":284915},{"id":267435,"n":"Matin+ Mandarine, Mangue Banane - 90cl","p":2.41,"u":"2,68 €/L","img":"https://fd8-photos.leclercdrive.fr/image.ashx?id=2917732&use=l&cat=p&typeid=i","cat":284915},{"id":267991,"n":"Jus d'orange sanguine Innocent 750ml","p":3.45,"u":"4,60 €/L","img":"https://fd8-photos.leclercdrive.fr/image.ashx?id=2935020&use=l&cat=p&typeid=i","cat":284521},{"id":268005,"n":"Jambon cru Serrano Aoste  4 tranches - 67g","p":2.5,"u":"37,31 €/KG","img":"https://fd8-photos.leclercdrive.fr/image.ashx?id=2939844&use=l&cat=p&typeid=i","cat":316007},{"id":268008,"n":"Burrata Les Croisés 26%MG 200g","p":4.11,"u":"20,55 €/KG","img":"https://fd8-photos.leclercdrive.fr/image.ashx?id=3009562&use=l&cat=p&typeid=i","cat":314026},{"id":268010,"n":"Skyr Délisse Vanille 4x100g","p":1.89,"u":"4,73 €/KG","img":"https://fd8-photos.leclercdrive.fr/image.ashx?id=2992606&use=l&cat=p&typeid=i","cat":315000},{"id":268037,"n":"Couches Pampers Harmonie Taille 5 - x31","p":17.26,"u":"0,56 €/P","img":"https://fd8-photos.leclercdrive.fr/image.ashx?id=2941973&use=l&cat=p&typeid=i","cat":284737},{"id":268041,"n":"Couches Pampers Baby-Dry Taille 2 - x56","p":22.58,"u":"0,40 €/P","img":"https://fd8-photos.leclercdrive.fr/image.ashx?id=2919982&use=l&cat=p&typeid=i","cat":284737},{"id":268043,"n":"Les p'tits croqs Notre jardin Légumes du soleil Emmental 280g","p":2.49,"u":"8,89 €/KG","img":"https://fd8-photos.leclercdrive.fr/image.ashx?id=2918526&use=l&cat=p&typeid=i","cat":319802},{"id":268046,"n":"Les p'tits croqs Notre jardin Épinards mozzarella 280g","p":2.49,"u":"8,89 €/KG","img":"https://fd8-photos.leclercdrive.fr/image.ashx?id=2918529&use=l&cat=p&typeid=i","cat":319802},{"id":268047,"n":"Les p'tits croqs Notre jardin Petits légumes Emmental 280g","p":2.49,"u":"8,89 €/KG","img":"https://fd8-photos.leclercdrive.fr/image.ashx?id=2918532&use=l&cat=p&typeid=i","cat":319802},{"id":268050,"n":"Couches Pampers Baby-Dry Taille 6 - x33","p":15.59,"u":"0,47 €/P","img":"https://fd8-photos.leclercdrive.fr/image.ashx?id=2941994&use=l&cat=p&typeid=i","cat":284737},{"id":268051,"n":"Jus multifruits Innocent  Orange passion mandarine 900ml","p":2.96,"u":"3,29 €/L","img":"https://fd8-photos.leclercdrive.fr/image.ashx?id=2919886&use=l&cat=p&typeid=i","cat":284354},{"id":268052,"n":"Couches Pampers Baby-Dry Taille 5+ - x35","p":20.8,"u":"0,59 €/P","img":"https://fd8-photos.leclercdrive.fr/image.ashx?id=2942006&use=l&cat=p&typeid=i","cat":284737},{"id":268054,"n":"Couches Pampers Baby-Dry Taille 3 - x50","p":14.37,"u":"0,29 €/P","img":"https://fd8-photos.leclercdrive.fr/image.ashx?id=2919988&use=l&cat=p&typeid=i","cat":284737},{"id":268057,"n":"Couches Pampers Premium Protection Taille 2 - x54","p":16.97,"u":"0,31 €/P","img":"https://fd8-photos.leclercdrive.fr/image.ashx?id=2957392&use=l&cat=p&typeid=i","cat":284737},{"id":268059,"n":"Couches Pampers Harmonie Taille 4 - x36","p":17.68,"u":"0,49 €/P","img":"https://fd8-photos.leclercdrive.fr/image.ashx?id=2941976&use=l&cat=p&typeid=i","cat":284737},{"id":268063,"n":"Culottes Pampers Night Pants Taille 4 - x40","p":14.98,"u":"0,37 €/P","img":"https://fd8-photos.leclercdrive.fr/image.ashx?id=2919949&use=l&cat=p&typeid=i","cat":290633},{"id":268070,"n":"Compotes Andros Pomme passion 4x100g","p":1.69,"u":"4,23 €/KG","img":"https://fd8-photos.leclercdrive.fr/image.ashx?id=2919838&use=l&cat=p&typeid=i","cat":284416},{"id":268072,"n":"Tofu Végé 250g","p":1.99,"u":"7,96 €/KG","img":"https://fd8-photos.leclercdrive.fr/image.ashx?id=2918535&use=l&cat=p&typeid=i","cat":316036},{"id":268077,"n":"Fromage Mini Babybel  Protéines x5 - 110g","p":2.39,"u":"21,73 €/KG","img":"https://fd8-photos.leclercdrive.fr/image.ashx?id=2923567&use=l&cat=p&typeid=i","cat":314030},{"id":268174,"n":"Culottes Pampers Night Pants Taille 6 - x30","p":14.98,"u":"0,50 €/P","img":"https://fd8-photos.leclercdrive.fr/image.ashx?id=2919952&use=l&cat=p&typeid=i","cat":290633},{"id":268175,"n":"Culottes Pampers Night Pants Taille 5 - x35","p":14.98,"u":"0,43 €/P","img":"https://fd8-photos.leclercdrive.fr/image.ashx?id=2919955&use=l&cat=p&typeid=i","cat":290633},{"id":268179,"n":"Culottes Pampers Premium Protection Pants - Taille 5 x29","p":16.77,"u":"0,58 €/P","img":"https://fd8-photos.leclercdrive.fr/image.ashx?id=3009245&use=l&cat=p&typeid=i","cat":290633},{"id":268180,"n":"Culottes Pampers Premium Protection Pants - Taille 6 x27","p":22.56,"u":"0,84 €/P","img":"https://fd8-photos.leclercdrive.fr/image.ashx?id=3009248&use=l&cat=p&typeid=i","cat":290633},{"id":268185,"n":"Couches Pampers Baby-Dry Taille 4+ - x39","p":21.66,"u":"0,56 €/P","img":"https://fd8-photos.leclercdrive.fr/image.ashx?id=2941997&use=l&cat=p&typeid=i","cat":284737},{"id":268186,"n":"Couches Pmapers Premium Protection - Taille 4 x38","p":21.69,"u":"0,57 €/P","img":"https://fd8-photos.leclercdrive.fr/image.ashx?id=2919994&use=l&cat=p&typeid=i","cat":284737},{"id":268187,"n":"Couches Pampers Premium Protection - Taille 6 x29","p":21.66,"u":"0,75 €/P","img":"https://fd8-photos.leclercdrive.fr/image.ashx?id=2919997&use=l&cat=p&typeid=i","cat":284737},{"id":268189,"n":"Couches Pampers Premium Protection Taille 3 x46","p":21.66,"u":"0,47 €/P","img":"https://fd8-photos.leclercdrive.fr/image.ashx?id=2991009&use=l&cat=p&typeid=i","cat":284737},{"id":268190,"n":"Couches Pampers Premium Protection Taille 5 x33","p":17.14,"u":"0,52 €/P","img":"https://fd8-photos.leclercdrive.fr/image.ashx?id=2991012&use=l&cat=p&typeid=i","cat":284737},{"id":268191,"n":"Culottes Pampers Baby-Dry Pants Taille 6 - x31","p":16.79,"u":"0,54 €/P","img":"https://fd8-photos.leclercdrive.fr/image.ashx?id=2920009&use=l&cat=p&typeid=i","cat":290633},{"id":268192,"n":"Culottes Pampers Baby-Dry Pants Taille 4 - x41","p":20.78,"u":"0,51 €/P","img":"https://fd8-photos.leclercdrive.fr/image.ashx?id=2920012&use=l&cat=p&typeid=i","cat":290633},{"id":268231,"n":"Penne Rigate Barilla  Protein + - 400g","p":2.01,"u":"5,03 €/KG","img":"https://fd8-photos.leclercdrive.fr/image.ashx?id=2919928&use=l&cat=p&typeid=i","cat":284427},{"id":268234,"n":"Spaghetti Barilla  Protein + - 400g","p":2.01,"u":"5,03 €/KG","img":"https://fd8-photos.leclercdrive.fr/image.ashx?id=2919931&use=l&cat=p&typeid=i","cat":284427},{"id":268236,"n":"Fusilli Barilla  Protein + - 400g","p":2.14,"u":"5,35 €/KG","img":"https://fd8-photos.leclercdrive.fr/image.ashx?id=2919925&use=l&cat=p&typeid=i","cat":284427},{"id":268347,"n":"Pétales snacks Tokapi Goût crème oignon - 75g","p":0.89,"u":"11,87 €/KG","img":"https://fd8-photos.leclercdrive.fr/image.ashx?id=2920241&use=l&cat=p&typeid=i","cat":284449},{"id":268384,"n":"Côte échine de porc L'Atelier Boucherie x2 - 350g","p":2.97,"u":"8,49 €/KG","img":"https://fd8-photos.leclercdrive.fr/image.ashx?id=2935573&use=l&cat=p&typeid=i","cat":284331},{"id":268385,"n":"Côte première de porc L'Atelier Boucherie x5 - 700g","p":5.59,"u":"7,99 €/KG","img":"https://fd8-photos.leclercdrive.fr/image.ashx?id=2930576&use=l&cat=p&typeid=i","cat":284331},{"id":268386,"n":"Côte de porc sans os L'Atelier Boucherie x2 - 200g","p":2.19,"u":"10,95 €/KG","img":"https://fd8-photos.leclercdrive.fr/image.ashx?id=2930603&use=l&cat=p&typeid=i","cat":284331},{"id":268389,"n":"Poitrine de porc L'Atelier Boucherie x7 - 600g","p":6.55,"u":"10,92 €/KG","img":"https://fd8-photos.leclercdrive.fr/image.ashx?id=2930579&use=l&cat=p&typeid=i","cat":284331},{"id":268465,"n":"Pepsi pack de 6 canettes  6x33cl","p":3.08,"u":"1,56 €/L","img":"https://fd8-photos.leclercdrive.fr/image.ashx?id=2921540&use=l&cat=p&typeid=i","cat":284530},{"id":268468,"n":"Thé glacé Lipton Framboise  1.75L","p":2.27,"u":"1,30 €/L","img":"https://fd8-photos.leclercdrive.fr/image.ashx?id=2921103&use=l&cat=p&typeid=i","cat":295019},{"id":268481,"n":"Paic Liquide vaisselle  Citron Agrumes 500ml","p":2.91,"u":"5,82 €/L","img":"https://fd8-photos.leclercdrive.fr/image.ashx?id=2922311&use=l&cat=p&typeid=i","cat":284655},{"id":268817,"n":"Couches culotte Pampers Baby Dry x86 Taille 5","p":34.9,"u":"0,41 €/P","img":"https://fd8-photos.leclercdrive.fr/image.ashx?id=2922269&use=l&cat=p&typeid=i","cat":290633},{"id":268818,"n":"Pampers Baby Dry Taille 4 - x94","p":35.9,"u":"0,38 €/P","img":"https://fd8-photos.leclercdrive.fr/image.ashx?id=2922272&use=l&cat=p&typeid=i","cat":290633},{"id":268832,"n":"Couches Pampers Premium Taille 3 - x112","p":33.65,"u":"0,30 €/P","img":"https://fd8-photos.leclercdrive.fr/image.ashx?id=2922251&use=l&cat=p&typeid=i","cat":284737},{"id":268835,"n":"Couches Pampers  Premium protection Taille 5 x80","p":33.22,"u":"0,42 €/P","img":"https://fd8-photos.leclercdrive.fr/image.ashx?id=2922257&use=l&cat=p&typeid=i","cat":284737},{"id":268837,"n":"Couches Pampers Protection Taille 4 - x90","p":33.27,"u":"0,37 €/P","img":"https://fd8-photos.leclercdrive.fr/image.ashx?id=2922260&use=l&cat=p&typeid=i","cat":284737},{"id":269137,"n":"Roquefort AOP Société douceur 100g","p":2.55,"u":"25,50 €/KG","img":"https://fd8-photos.leclercdrive.fr/image.ashx?id=2922539&use=l&cat=p&typeid=i","cat":314032},{"id":269140,"n":"Quenelles à la Lyonnaise Nature Ecochard x10 - 400g","p":2.62,"u":"6,55 €/KG","img":"https://fd8-photos.leclercdrive.fr/image.ashx?id=2923654&use=l&cat=p&typeid=i","cat":333665},{"id":269166,"n":"Lessive liquide Persil  Bouquet de Provence - 2,565L","p":10.5,"u":"4,09 €/L","img":"https://fd8-photos.leclercdrive.fr/image.ashx?id=2924980&use=l&cat=p&typeid=i","cat":284640},{"id":269169,"n":"Lessive liquide Skip  Active clean - 2.520 L","p":16.25,"u":"6,45 €/L","img":"https://fd8-photos.leclercdrive.fr/image.ashx?id=2924974&use=l&cat=p&typeid=i","cat":284640},{"id":269197,"n":"Lessive liquide Persil  Douceur d'amande - 1.806","p":7.69,"u":"4,26 €/L","img":"https://fd8-photos.leclercdrive.fr/image.ashx?id=2944491&use=l&cat=p&typeid=i","cat":284640},{"id":269266,"n":"Stilos bille BIC Cristal Noir  X5","p":1.46,"u":"0,29 €/P","img":"https://fd8-photos.leclercdrive.fr/image.ashx?id=2972928&use=l&cat=p&typeid=i","cat":284696},{"id":269270,"n":"Stylos bille BIC Cristal Bleus x5","p":1.46,"u":"0,29 €/P","img":"https://fd8-photos.leclercdrive.fr/image.ashx?id=2972925&use=l&cat=p&typeid=i","cat":284696},{"id":269271,"n":"Stylos bille BIC Cristal  Assortiment X5","p":1.46,"u":"0,29 €/P","img":"https://fd8-photos.leclercdrive.fr/image.ashx?id=2923624&use=l&cat=p&typeid=i","cat":284696},{"id":269337,"n":"Spray repulsif Primoplast Moustiques - 100ml","p":4.5,"u":"45,00 €/L","img":"https://fd8-photos.leclercdrive.fr/image.ashx?id=2958353&use=l&cat=p&typeid=i","cat":299654},{"id":269386,"n":"Lessive Liquide Persil Peaux Sensibles 43 lavages","p":8.99,"u":"4,98 €/L","img":"https://fd8-photos.leclercdrive.fr/image.ashx?id=2945838&use=l&cat=p&typeid=i","cat":284640},{"id":269504,"n":"Fromage Leerdammer Croque Gourmand 8 tranches - 200g","p":1.96,"u":"9,80 €/KG","img":"https://fd8-photos.leclercdrive.fr/image.ashx?id=3004858&use=l&cat=p&typeid=i","cat":314028},{"id":269505,"n":"Halloumi AOP Salakis 200g","p":3.69,"u":"18,45 €/KG","img":"https://fd8-photos.leclercdrive.fr/image.ashx?id=2924626&use=l&cat=p&typeid=i","cat":314026},{"id":269553,"n":"Rouge à lèvres Maybelline Superstay Vynil Ink N°20","p":12.64,"img":"https://fd8-photos.leclercdrive.fr/image.ashx?id=2925301&use=l&cat=p&typeid=i","cat":287029},{"id":269564,"n":"Rouge à lèvres Maybelline Superstay Vynil Ink N°15","p":13.8,"img":"https://fd8-photos.leclercdrive.fr/image.ashx?id=2925304&use=l&cat=p&typeid=i","cat":287029},{"id":269571,"n":"Comté AOP affiné 10 mois Nos Régions ont du Talent 200g","p":3.69,"u":"18,45 €/KG","img":"https://fd8-photos.leclercdrive.fr/image.ashx?id=2923408&use=l&cat=p&typeid=i","cat":314034},{"id":269572,"n":"Mascara Maybelline Sky high Blue mist 7.2ml","p":11.38,"img":"https://fd8-photos.leclercdrive.fr/image.ashx?id=2925307&use=l&cat=p&typeid=i","cat":287029},{"id":269578,"n":"Poudre bronzante L'Oréal  Terra 01 - x1","p":16.75,"img":"https://fd8-photos.leclercdrive.fr/image.ashx?id=2925430&use=l&cat=p&typeid=i","cat":287029},{"id":269584,"n":"Ginger shot Jafaden 15cl","p":0.69,"u":"4,60 €/L","img":"https://fd8-photos.leclercdrive.fr/image.ashx?id=2923405&use=l&cat=p&typeid=i","cat":284915},{"id":269587,"n":"BB crème L'Oréal  Teinte médium clair 03 - x1","p":12.41,"img":"https://fd8-photos.leclercdrive.fr/image.ashx?id=3014554&use=l&cat=p&typeid=i","cat":325345},{"id":269591,"n":"Poudre de teint L'Oréal  Infaillible Fresh wear x1","p":15.52,"img":"https://fd8-photos.leclercdrive.fr/image.ashx?id=2925436&use=l&cat=p&typeid=i","cat":287029},{"id":269593,"n":"Poudre de teint L'Oréal  Infaillible Fresh wear x1","p":15.45,"img":"https://fd8-photos.leclercdrive.fr/image.ashx?id=2925439&use=l&cat=p&typeid=i","cat":287029},{"id":269596,"n":"Spray fixateur L'Oréal  Infaillible 75ml","p":10.55,"u":"140,67 €/L","img":"https://fd8-photos.leclercdrive.fr/image.ashx?id=2992146&use=l&cat=p&typeid=i","cat":287029},{"id":269599,"n":"Illuminateur Lumi Glotion  902 light - 40ml","p":12.55,"u":"313,75 €/L","img":"https://fd8-photos.leclercdrive.fr/image.ashx?id=2925445&use=l&cat=p&typeid=i","cat":287029},{"id":269603,"n":"Encre à lèvres Maybelline Super Stay Mate","p":12.1,"img":"https://fd8-photos.leclercdrive.fr/image.ashx?id=2925454&use=l&cat=p&typeid=i","cat":287029},{"id":269800,"n":"Rouge à lèvres Encre Maybelline Super Stay Mate -","p":9.44,"img":"https://fd8-photos.leclercdrive.fr/image.ashx?id=2925457&use=l&cat=p&typeid=i","cat":287029},{"id":269801,"n":"Correcteur Effaceur Maybelline Multi-usage Teinte sable 22","p":9.29,"img":"https://fd8-photos.leclercdrive.fr/image.ashx?id=2925460&use=l&cat=p&typeid=i","cat":287029},{"id":269802,"n":"Correcteur effaceur Maybelline Multi-usages Teinte claire 03","p":8.39,"img":"https://fd8-photos.leclercdrive.fr/image.ashx?id=2925463&use=l&cat=p&typeid=i","cat":287029},{"id":269803,"n":"Perfecteur de teint Maybelline  4 en 1 Léger 01","p":12.01,"img":"https://fd8-photos.leclercdrive.fr/image.ashx?id=2925469&use=l&cat=p&typeid=i","cat":287029},{"id":269812,"n":"Gel nettoyant Garnier  Booster d'éclat - 250ml","p":5.96,"u":"23,84 €/L","img":"https://fd8-photos.leclercdrive.fr/image.ashx?id=2954241&use=l&cat=p&typeid=i","cat":284603},{"id":269844,"n":"Morceaux de sucre Saint Louis 1kg","p":2.73,"u":"2,73 €/KG","img":"https://fd8-photos.leclercdrive.fr/image.ashx?id=2926347&use=l&cat=p&typeid=i","cat":284502},{"id":270164,"n":"Sauce pesto Barilla Basilic mozzarella - 190g","p":2.45,"u":"12,89 €/KG","img":"https://fd8-photos.leclercdrive.fr/image.ashx?id=2927699&use=l&cat=p&typeid=i","cat":287599},{"id":270165,"n":"Sauce tomate Barilla Mijoté avec du porc - 300g","p":2.4,"u":"8,00 €/KG","img":"https://fd8-photos.leclercdrive.fr/image.ashx?id=2927696&use=l&cat=p&typeid=i","cat":287599},{"id":270169,"n":"Sauce bolognaise Barilla 300g","p":2.25,"u":"7,50 €/KG","img":"https://fd8-photos.leclercdrive.fr/image.ashx?id=2927693&use=l&cat=p&typeid=i","cat":299047},{"id":270170,"n":"Bâtonnet Oasis So Fruiz Exotique coeur vanille x6 282g","p":3.41,"u":"12,09 €/KG","img":"https://fd8-photos.leclercdrive.fr/image.ashx?id=2927396&use=l&cat=p&typeid=i","cat":284265},{"id":270171,"n":"Sauce tomate Barilla à la pancetta - 300g","p":2.4,"u":"8,00 €/KG","img":"https://fd8-photos.leclercdrive.fr/image.ashx?id=2927690&use=l&cat=p&typeid=i","cat":299047},{"id":270172,"n":"Bâtonnet Oasis So Fruiz Fruits rouges coeur vanille x6 282g","p":3.41,"u":"12,09 €/KG","img":"https://fd8-photos.leclercdrive.fr/image.ashx?id=2927399&use=l&cat=p&typeid=i","cat":284265},{"id":270198,"n":"Barres enfants P'tit Déli  Petales chocolats - 120g","p":1.48,"u":"12,33 €/KG","img":"https://fd8-photos.leclercdrive.fr/image.ashx?id=2926173&use=l&cat=p&typeid=i","cat":300032},{"id":270237,"n":"Crêpes framboise Whaou! Fruity - x6 180g","p":1.81,"u":"10,06 €/KG","img":"https://fd8-photos.leclercdrive.fr/image.ashx?id=2928741&use=l&cat=p&typeid=i","cat":284494},{"id":270334,"n":"Infusion a froid Tisea Citron menthe - x15 33g","p":1.89,"u":"57,27 €/KG","img":"https://fd8-photos.leclercdrive.fr/image.ashx?id=2927774&use=l&cat=p&typeid=i","cat":293234},{"id":270365,"n":"Filets maquereaux Petit Navire Sauce catalane - 169g","p":1.75,"u":"10,36 €/KG","img":"https://fd8-photos.leclercdrive.fr/image.ashx?id=3010834&use=l&cat=p&typeid=i","cat":303868},{"id":270434,"n":"Rhum Captain Morgan Spiced Gold Sans Alcool - 70cl","p":10.95,"u":"15,64 €/L","img":"https://fd8-photos.leclercdrive.fr/image.ashx?id=2928074&use=l&cat=p&typeid=i","cat":284549},{"id":270473,"n":"Dessert lacté Nestlé Biscuit dès 6mois - 4x100g","p":1.86,"u":"4,65 €/KG","img":"https://fd8-photos.leclercdrive.fr/image.ashx?id=2934914&use=l&cat=p&typeid=i","cat":312392},{"id":270679,"n":"Pâte a tartiner Nocciolata Bio cacao noisette - 400g","p":4.45,"u":"11,13 €/KG","img":"https://fd8-photos.leclercdrive.fr/image.ashx?id=2930412&use=l&cat=p&typeid=i","cat":284481},{"id":270681,"n":"Pâte à tartiner Nocciolata  Bio - 400g","p":4.6,"u":"11,50 €/KG","img":"https://fd8-photos.leclercdrive.fr/image.ashx?id=2938220&use=l&cat=p&typeid=i","cat":284481},{"id":270703,"n":"Ouzo Sans Rival  40% vol - 70cl","p":20.64,"u":"29,49 €/L","img":"https://fd8-photos.leclercdrive.fr/image.ashx?id=2937832&use=l&cat=p&typeid=i","cat":284548},{"id":270766,"n":"Eau aromatisée Vittel Aro Fraise framboise - 1L","p":1.23,"u":"1,23 €/L","img":"https://fd8-photos.leclercdrive.fr/image.ashx?id=2940624&use=l&cat=p&typeid=i","cat":284537},{"id":270767,"n":"Eau aromatisée Vittel Aro Fraise framboise - 4x50cl","p":3.37,"u":"3,37 €/L","img":"https://fd8-photos.leclercdrive.fr/image.ashx?id=2940621&use=l&cat=p&typeid=i","cat":284537},{"id":270768,"n":"Eau aromatisée Vittel Aro Pêche abricot - 1L","p":1.24,"u":"1,24 €/L","img":"https://fd8-photos.leclercdrive.fr/image.ashx?id=2940627&use=l&cat=p&typeid=i","cat":284537},{"id":270900,"n":"Fromager saumon fumé Savour 140g","p":2.39,"u":"17,07 €/KG","img":"https://fd8-photos.leclercdrive.fr/image.ashx?id=2992612&use=l&cat=p&typeid=i","cat":315999},{"id":270901,"n":"Fromager échalotes et herbes Savour 140g","p":2.39,"u":"17,07 €/KG","img":"https://fd8-photos.leclercdrive.fr/image.ashx?id=2992615&use=l&cat=p&typeid=i","cat":315999},{"id":270996,"n":"Pané de courgettes Céréal Bio Emmental - 160g","p":2.86,"u":"17,88 €/KG","img":"https://fd8-photos.leclercdrive.fr/image.ashx?id=2936110&use=l&cat=p&typeid=i","cat":328010},{"id":271003,"n":"Tofu aux herbes Céréal Bio 250g","p":2.82,"u":"11,28 €/KG","img":"https://fd8-photos.leclercdrive.fr/image.ashx?id=2936113&use=l&cat=p&typeid=i","cat":328010},{"id":271005,"n":"Riz Ben's Original Micro-ondables long grain  450g","p":2.66,"u":"5,91 €/KG","img":"https://fd8-photos.leclercdrive.fr/image.ashx?id=2937634&use=l&cat=p&typeid=i","cat":287600},{"id":271010,"n":"Barre protéinée Gerlinéa Cacahuète et chocolat - 45g","p":1.91,"u":"42,44 €/KG","img":"https://fd8-photos.leclercdrive.fr/image.ashx?id=2936092&use=l&cat=p&typeid=i","cat":318652},{"id":271047,"n":"Pinsa Harry's 230g","p":3.33,"u":"14,48 €/KG","img":"https://fd8-photos.leclercdrive.fr/image.ashx?id=2936377&use=l&cat=p&typeid=i","cat":284359},{"id":271062,"n":"Boisson multivitaminée Capri-Sun - 20cl","p":0.48,"u":"2,40 €/L","img":"https://fd8-photos.leclercdrive.fr/image.ashx?id=2944326&use=l&cat=p&typeid=i","cat":295018},{"id":271070,"n":"Tablette de chocolat Lindt Lait amande - 200g","p":5.32,"u":"26,60 €/KG","img":"https://fd8-photos.leclercdrive.fr/image.ashx?id=2935801&use=l&cat=p&typeid=i","cat":284497},{"id":271073,"n":"Déodorant Invisible Care Dove  0% alcool 2x200ml","p":7.39,"u":"18,48 €/L","img":"https://fd8-photos.leclercdrive.fr/image.ashx?id=2938346&use=l&cat=p&typeid=i","cat":284595},{"id":271074,"n":"Déodorant Original Dove 2x200ml","p":6.78,"u":"16,95 €/L","img":"https://fd8-photos.leclercdrive.fr/image.ashx?id=2938343&use=l&cat=p&typeid=i","cat":284595},{"id":271244,"n":"Pains hot-Dog La Boulangère x4 - 250g","p":1.47,"u":"5,88 €/KG","img":"https://fd8-photos.leclercdrive.fr/image.ashx?id=2937292&use=l&cat=p&typeid=i","cat":325067},{"id":271245,"n":"Ramette de papier A4 75g Eco+ - 500 feuilles","p":3.57,"u":"0,01 €/P","img":"https://fd8-photos.leclercdrive.fr/image.ashx?id=2943142&use=l&cat=p&typeid=i","cat":284697},{"id":271266,"n":"Complément Optimum Nutrition  Whey gold Standard 465g","p":20.79,"u":"44,71 €/KG","img":"https://fd8-photos.leclercdrive.fr/image.ashx?id=2937805&use=l&cat=p&typeid=i","cat":313217},{"id":271267,"n":"Poudre Optimum Nutrition Whey gold standard - 450g","p":20.49,"u":"45,53 €/KG","img":"https://fd8-photos.leclercdrive.fr/image.ashx?id=2937808&use=l&cat=p&typeid=i","cat":313217},{"id":271269,"n":"Poudre de créatine Optimum Nutrition micronise - 317g","p":25.91,"u":"81,74 €/KG","img":"https://fd8-photos.leclercdrive.fr/image.ashx?id=2937811&use=l&cat=p&typeid=i","cat":313217},{"id":271272,"n":"Barre protéinée Optimum Nutrition chocolat noix 59g","p":2.82,"u":"47,80 €/KG","img":"https://fd8-photos.leclercdrive.fr/image.ashx?id=2937817&use=l&cat=p&typeid=i","cat":318652},{"id":271437,"n":"Feuilles simples Clairefontaine 90g - x300 - 21x29.7cm","p":4.08,"img":"https://fd8-photos.leclercdrive.fr/image.ashx?id=3008032&use=l&cat=p&typeid=i","cat":284697},{"id":271485,"n":"Sauce pesto rosso Sacla 190g","p":2.2,"u":"11,58 €/KG","img":"https://fd8-photos.leclercdrive.fr/image.ashx?id=2938115&use=l&cat=p&typeid=i","cat":287599},{"id":271508,"n":"Mélange Notre Jardin Legumes secs base de soja 250g","p":1.49,"u":"5,96 €/KG","img":"https://fd8-photos.leclercdrive.fr/image.ashx?id=2931959&use=l&cat=p&typeid=i","cat":312606},{"id":271509,"n":"Mélange Notre Jardin Haricots noirs - 250g","p":1.49,"u":"5,96 €/KG","img":"https://fd8-photos.leclercdrive.fr/image.ashx?id=2931962&use=l&cat=p&typeid=i","cat":312606},{"id":271510,"n":"Sauce poivre Rustica 300g","p":1.16,"u":"3,87 €/KG","img":"https://fd8-photos.leclercdrive.fr/image.ashx?id=2955059&use=l&cat=p&typeid=i","cat":318431},{"id":271512,"n":"Gourdes Babybio Bio Multipack 7- 20g","p":7.28,"u":"10,11 €/KG","img":"https://fd8-photos.leclercdrive.fr/image.ashx?id=2936887&use=l&cat=p&typeid=i","cat":284508},{"id":271513,"n":"Ramen Tables du Monde 362g","p":2.47,"u":"6,82 €/KG","img":"https://fd8-photos.leclercdrive.fr/image.ashx?id=2931974&use=l&cat=p&typeid=i","cat":288992},{"id":271515,"n":"Ramen Tables du Monde Boeuf - 362g","p":2.47,"u":"6,82 €/KG","img":"https://fd8-photos.leclercdrive.fr/image.ashx?id=2931977&use=l&cat=p&typeid=i","cat":288992},{"id":271527,"n":"Thé noir Yellow Lipton  x50 - 100g","p":2.09,"u":"20,90 €/KG","img":"https://fd8-photos.leclercdrive.fr/image.ashx?id=2987320&use=l&cat=p&typeid=i","cat":293233},{"id":271616,"n":"Bière blonde Corona Extra Canette 50cl","p":1.7,"u":"0,57 €/L","img":"https://fd8-photos.leclercdrive.fr/image.ashx?id=2937841&use=l&cat=p&typeid=i","cat":334853},{"id":271910,"n":"Amandes complètes La Patelière en poudre - 125g","p":2.99,"u":"23,92 €/KG","img":"https://fd8-photos.leclercdrive.fr/image.ashx?id=2936776&use=l&cat=p&typeid=i","cat":284504},{"id":271913,"n":"Bière aromatisée Slash Fruits rouges - 50cl 8% vol.","p":1.99,"u":"3,98 €/L","img":"https://fd8-photos.leclercdrive.fr/image.ashx?id=2936452&use=l&cat=p&typeid=i","cat":334853},{"id":271914,"n":"Amandes en poudre La Patelière extra fine - 125g","p":3.48,"u":"27,84 €/KG","img":"https://fd8-photos.leclercdrive.fr/image.ashx?id=2936842&use=l&cat=p&typeid=i","cat":284504},{"id":271971,"n":"Déodorant bille Sanex Natur  Protect Aloe vera 50ml","p":5.38,"u":"107,60 €/L","img":"https://fd8-photos.leclercdrive.fr/image.ashx?id=2938310&use=l&cat=p&typeid=i","cat":284595},{"id":271976,"n":"Brosse à dent Elmex Sensitive x1","p":3.42,"img":"https://fd8-photos.leclercdrive.fr/image.ashx?id=2938307&use=l&cat=p&typeid=i","cat":284614},{"id":271978,"n":"Dentifrice Blancheur Signal White Now 3en1 blancheur 75ml","p":4.78,"u":"63,73 €/L","img":"https://fd8-photos.leclercdrive.fr/image.ashx?id=2985684&use=l&cat=p&typeid=i","cat":284612},{"id":271982,"n":"Dentifrice Blancheur Signal White Now 3en1 Charbon 75ml","p":4.54,"u":"60,53 €/L","img":"https://fd8-photos.leclercdrive.fr/image.ashx?id=2938340&use=l&cat=p&typeid=i","cat":284612},{"id":271995,"n":"Dentifrice Sensodyne  Sensibilité & gencives 75ml","p":4.88,"u":"65,07 €/L","img":"https://fd8-photos.leclercdrive.fr/image.ashx?id=2937799&use=l&cat=p&typeid=i","cat":284612},{"id":271998,"n":"Dentifrice Sensodyne Multi-protection 75ml","p":4.74,"u":"63,20 €/L","img":"https://fd8-photos.leclercdrive.fr/image.ashx?id=2937802&use=l&cat=p&typeid=i","cat":284612},{"id":271999,"n":"Soin douche Le Petit  Marseillais Lait d'avoine 400ml","p":3.19,"u":"7,98 €/L","img":"https://fd8-photos.leclercdrive.fr/image.ashx?id=2937298&use=l&cat=p&typeid=i","cat":284594},{"id":272001,"n":"Soin douche Le Petit Marseillais Lait de riz 400ml","p":3.0,"u":"7,50 €/L","img":"https://fd8-photos.leclercdrive.fr/image.ashx?id=2937301&use=l&cat=p&typeid=i","cat":284594},{"id":272116,"n":"Chips Savour Poivre noir - 120g","p":1.65,"u":"13,75 €/KG","img":"https://fd8-photos.leclercdrive.fr/image.ashx?id=2933470&use=l&cat=p&typeid=i","cat":284447},{"id":272136,"n":"Chocolat Côte d'Or Lait noisettes - 100g","p":2.32,"u":"23,20 €/KG","img":"https://fd8-photos.leclercdrive.fr/image.ashx?id=2963988&use=l&cat=p&typeid=i","cat":284957},{"id":272141,"n":"Chocolat Côte d'Or Noir noisettes - 100g","p":2.32,"u":"23,20 €/KG","img":"https://fd8-photos.leclercdrive.fr/image.ashx?id=2963991&use=l&cat=p&typeid=i","cat":284956},{"id":272145,"n":"Latté Kitkat Nescafé  273g","p":4.95,"u":"18,13 €/KG","img":"https://fd8-photos.leclercdrive.fr/image.ashx?id=2952178&use=l&cat=p&typeid=i","cat":284843},{"id":272256,"n":"Pains Burger Brioché Epi d'Or x4 - 250g","p":1.25,"u":"5,00 €/KG","img":"https://fd8-photos.leclercdrive.fr/image.ashx?id=2933613&use=l&cat=p&typeid=i","cat":325067},{"id":272351,"n":"Masque Sérum Garnier Hyaluron+  Répare tissus x1","p":2.83,"img":"https://fd8-photos.leclercdrive.fr/image.ashx?id=2986657&use=l&cat=p&typeid=i","cat":325346},{"id":272705,"n":"Chips Tuiles Pringles Cream Cheese et Herbes-165g","p":2.1,"u":"12,73 €/KG","img":"https://fd8-photos.leclercdrive.fr/image.ashx?id=2941065&use=l&cat=p&typeid=i","cat":287899},{"id":272707,"n":"Chips Tuiles Pringles Hot Fried Chicken-160g","p":2.24,"u":"14,00 €/KG","img":"https://fd8-photos.leclercdrive.fr/image.ashx?id=2941068&use=l&cat=p&typeid=i","cat":287899},{"id":272843,"n":"Infusion Kusmi Tea - Bio Réglisse Menthe x20 - 24g","p":5.7,"u":"237,50 €/KG","img":"https://fd8-photos.leclercdrive.fr/image.ashx?id=2934990&use=l&cat=p&typeid=i","cat":293234},{"id":272976,"n":"Copies doubles Clairefontaine Perforées  21x29.7cm- 300 pages","p":4.08,"img":"https://fd8-photos.leclercdrive.fr/image.ashx?id=2938632&use=l&cat=p&typeid=i","cat":284697},{"id":272977,"n":"Surligneurs Stabilo Boss original x7","p":6.9,"img":"https://fd8-photos.leclercdrive.fr/image.ashx?id=2938800&use=l&cat=p&typeid=i","cat":284696},{"id":272978,"n":"Stylo Bic Cristal Original Format spécial x20","p":4.4,"img":"https://fd8-photos.leclercdrive.fr/image.ashx?id=2938641&use=l&cat=p&typeid=i","cat":284696},{"id":273415,"n":"Tourtel Twist citron 0% alcool 27.5cl","p":0.81,"u":"2,95 €/L","img":"https://fd8-photos.leclercdrive.fr/image.ashx?id=2941514&use=l&cat=p&typeid=i","cat":334877},{"id":273444,"n":"Riz Taureau Ailé 2x500g","p":3.15,"u":"3,15 €/KG","img":"https://fd8-photos.leclercdrive.fr/image.ashx?id=2963745&use=l&cat=p&typeid=i","cat":284428},{"id":273449,"n":"Riz basmati Taureau Ailé  2x500g","p":3.15,"u":"3,15 €/KG","img":"https://fd8-photos.leclercdrive.fr/image.ashx?id=2963748&use=l&cat=p&typeid=i","cat":284428},{"id":273533,"n":"Yaourts Morceaux de Framboise Mamie Nova - 2x150g","p":1.43,"u":"4,77 €/KG","img":"https://fd8-photos.leclercdrive.fr/image.ashx?id=2941703&use=l&cat=p&typeid=i","cat":284410},{"id":273584,"n":"Colle Pattex Fixation - 44g","p":6.49,"img":"https://fd8-photos.leclercdrive.fr/image.ashx?id=2957017&use=l&cat=p&typeid=i","cat":300576},{"id":273585,"n":"Oignon rouge Eco+ 500g","p":0.99,"u":"1,98 €/KG","img":"https://fd8-photos.leclercdrive.fr/image.ashx?id=2942048&use=l&cat=p&typeid=i","cat":284352},{"id":273837,"n":"Eau minérale naturelle Vittel - 75cl","p":0.48,"u":"0,64 €/L","img":"https://fd8-photos.leclercdrive.fr/image.ashx?id=2953857&use=l&cat=p&typeid=i","cat":284535},{"id":273841,"n":"Paprika fumé au bois de chêne Albert Menès - 75g","p":3.85,"u":"51,33 €/KG","img":"https://fd8-photos.leclercdrive.fr/image.ashx?id=2962512&use=l&cat=p&typeid=i","cat":298297},{"id":273845,"n":"Gourde aluminium Monbento 650ml","p":4.0,"img":"https://fd8-photos.leclercdrive.fr/image.ashx?id=3005742&use=l&cat=p&typeid=i","cat":284710},{"id":273849,"n":"Boîte à en-cas Monbento Double compartiment - 400ml","p":5.7,"img":"https://fd8-photos.leclercdrive.fr/image.ashx?id=3005739&use=l&cat=p&typeid=i","cat":284710},{"id":273852,"n":"Sac repas Monbento x1","p":7.6,"img":"https://fd8-photos.leclercdrive.fr/image.ashx?id=3005730&use=l&cat=p&typeid=i","cat":313597},{"id":273858,"n":"Pâtes Perles de Semoule Ferrero 450g","p":1.79,"u":"3,98 €/KG","img":"https://fd8-photos.leclercdrive.fr/image.ashx?id=2943852&use=l&cat=p&typeid=i","cat":284427},{"id":273859,"n":"Boîte repas Monbento 1 étage","p":16.45,"img":"https://fd8-photos.leclercdrive.fr/image.ashx?id=3005745&use=l&cat=p&typeid=i","cat":284710},{"id":273864,"n":"Capsules lave-vaisselle Finish Ultimate - x57 - 735g","p":11.88,"pp":7.13,"u":"9,70 €/KG","img":"https://fd8-photos.leclercdrive.fr/image.ashx?id=3011593&use=l&cat=p&typeid=i","cat":284656},{"id":273868,"n":"Rénovateur optique Tech9 500ml","p":10.15,"u":"20,30 €/L","img":"https://fd8-photos.leclercdrive.fr/image.ashx?id=2943265&use=l&cat=p&typeid=i","cat":298252},{"id":273870,"n":"Mini ruban correcteur Esquisse Rouge, Bleu, Gris - x3","p":1.99,"img":"https://fd8-photos.leclercdrive.fr/image.ashx?id=2943331&use=l&cat=p&typeid=i","cat":334133},{"id":273990,"n":"Pur jus d'orange bio sans pulpe Bio Village 90cl","p":2.85,"u":"3,17 €/L","img":"https://fd8-photos.leclercdrive.fr/image.ashx?id=3003759&use=l&cat=p&typeid=i","cat":284354},{"id":274147,"n":"Couches Pampers Harmonie Taille 1 - x23","p":7.56,"img":"https://fd8-photos.leclercdrive.fr/image.ashx?id=2944446&use=l&cat=p&typeid=i","cat":284737},{"id":274343,"n":"Café dosettes Tassimo Milka x10","p":4.82,"u":"30,13 €/KG","img":"https://fd8-photos.leclercdrive.fr/image.ashx?id=2944461&use=l&cat=p&typeid=i","cat":293240},{"id":274419,"n":"Pain au lait La Boulangère  Pepites de chocolats - 280g","p":2.28,"u":"8,14 €/KG","img":"https://fd8-photos.leclercdrive.fr/image.ashx?id=2944879&use=l&cat=p&typeid=i","cat":294673},{"id":274421,"n":"Compotes Pom'Potes Pomme  Poire Banane - x4 - 360g","p":2.12,"u":"5,89 €/KG","img":"https://fd8-photos.leclercdrive.fr/image.ashx?id=2949826&use=l&cat=p&typeid=i","cat":284508},{"id":274422,"n":"Compotes Pom'Potes Pomme  Fraise Cerise - x4 - 360g","p":2.14,"u":"5,94 €/KG","img":"https://fd8-photos.leclercdrive.fr/image.ashx?id=3010921&use=l&cat=p&typeid=i","cat":284508},{"id":274424,"n":"Compotes Pom-Potes Pomme Pêche  Poire Framboise - x12 - 1.08kg","p":5.18,"u":"4,80 €/KG","img":"https://fd8-photos.leclercdrive.fr/image.ashx?id=3010966&use=l&cat=p&typeid=i","cat":284508},{"id":274426,"n":"Compotes Pom'Potes Pomme  Framboise Citron vert x4 - 360g","p":2.16,"u":"6,00 €/KG","img":"https://fd8-photos.leclercdrive.fr/image.ashx?id=2943813&use=l&cat=p&typeid=i","cat":284508},{"id":274427,"n":"Compotes Pom'Potes Pomme Pêche  Pamplemousse - x4 - 360g","p":2.16,"u":"6,00 €/KG","img":"https://fd8-photos.leclercdrive.fr/image.ashx?id=3010918&use=l&cat=p&typeid=i","cat":284508},{"id":274428,"n":"Compotes Pom'Potes Pomme Ananas Orange/Citron - x12 - 1.08kg","p":5.43,"u":"5,03 €/KG","img":"https://fd8-photos.leclercdrive.fr/image.ashx?id=3010963&use=l&cat=p&typeid=i","cat":284508},{"id":274430,"n":"Compotes Pom'Potes Les P'tits Explorateurs - x20 - 1.8kg","p":7.97,"u":"4,43 €/KG","img":"https://fd8-photos.leclercdrive.fr/image.ashx?id=2943825&use=l&cat=p&typeid=i","cat":284508},{"id":274505,"n":"Yaourt à la Grecque Danone Vanille -4x110g","p":2.39,"u":"5,43 €/KG","img":"https://fd8-photos.leclercdrive.fr/image.ashx?id=2992738&use=l&cat=p&typeid=i","cat":314999},{"id":274506,"n":"Yaourt à la Grecque Danone Nature  - 4x110g","p":1.86,"u":"4,23 €/KG","img":"https://fd8-photos.leclercdrive.fr/image.ashx?id=2992732&use=l&cat=p&typeid=i","cat":314999},{"id":274509,"n":"Yaourt à la Grecque Danone Fraise - 4x110g","p":2.42,"u":"5,50 €/KG","img":"https://fd8-photos.leclercdrive.fr/image.ashx?id=2992729&use=l&cat=p&typeid=i","cat":314999},{"id":274528,"n":"Capsules lave-vaisselle Finish Quantum - Citron - 707g x68","p":11.88,"pp":7.13,"u":"10,08 €/KG","img":"https://fd8-photos.leclercdrive.fr/image.ashx?id=2945643&use=l&cat=p&typeid=i","cat":284656},{"id":274537,"n":"Recharges diffuseur électrique  Airwick - Duo coton - 38ml","p":7.96,"u":"209,47 €/L","img":"https://fd8-photos.leclercdrive.fr/image.ashx?id=2945637&use=l&cat=p&typeid=i","cat":311629},{"id":274538,"n":"Recharge diffuseur électrique Airwick - Vanille - 19ml","p":4.11,"u":"216,32 €/L","img":"https://fd8-photos.leclercdrive.fr/image.ashx?id=2945634&use=l&cat=p&typeid=i","cat":311629},{"id":274541,"n":"Yaourt à la Grecque Danone Stracciatella - 4x110g","p":2.41,"u":"5,48 €/KG","img":"https://fd8-photos.leclercdrive.fr/image.ashx?id=2992735&use=l&cat=p&typeid=i","cat":314999},{"id":274544,"n":"Recharge diffuseur électrique Airwick - Coton - 19ml","p":4.5,"u":"236,84 €/L","img":"https://fd8-photos.leclercdrive.fr/image.ashx?id=2945640&use=l&cat=p&typeid=i","cat":311629},{"id":274550,"n":"Recharge diffuseur électrique Airwick - Cerisier - 19ml","p":4.52,"u":"237,89 €/L","img":"https://fd8-photos.leclercdrive.fr/image.ashx?id=2945832&use=l&cat=p&typeid=i","cat":311629},{"id":274552,"n":"Recharge diffuseur électrique Airwick - Brume coton - 20ml","p":5.5,"u":"275,00 €/L","img":"https://fd8-photos.leclercdrive.fr/image.ashx?id=2945835&use=l&cat=p&typeid=i","cat":311629},{"id":274554,"n":"Yaourt à la Grecque Danone Citron - 4x110g","p":2.44,"u":"5,55 €/KG","img":"https://fd8-photos.leclercdrive.fr/image.ashx?id=2992744&use=l&cat=p&typeid=i","cat":314999},{"id":274555,"n":"Yaourt à la Grecque Danone Caramel - 4x110g","p":2.5,"u":"5,68 €/KG","img":"https://fd8-photos.leclercdrive.fr/image.ashx?id=2992741&use=l&cat=p&typeid=i","cat":314999},{"id":274559,"n":"Yaourt à la Grecque Danone Coco - 4x110g","p":2.48,"u":"5,64 €/KG","img":"https://fd8-photos.leclercdrive.fr/image.ashx?id=3010990&use=l&cat=p&typeid=i","cat":314999},{"id":274561,"n":"Huîtres creuses fines N°4 L'Atelier Poissonnerie 375g","p":3.99,"u":"10,64 €/KG","img":"https://fd8-photos.leclercdrive.fr/image.ashx?id=2948171&use=l&cat=p&typeid=i","cat":284343},{"id":274571,"n":"Skyr protéiné Danone nature 0% MG - 825g","p":4.73,"u":"5,73 €/KG","img":"https://fd8-photos.leclercdrive.fr/image.ashx?id=2951028&use=l&cat=p&typeid=i","cat":315000},{"id":274593,"n":"Danone Skyr nature  x4 - 400g","p":2.08,"u":"5,20 €/KG","img":"https://fd8-photos.leclercdrive.fr/image.ashx?id=2960654&use=l&cat=p&typeid=i","cat":315000},{"id":274596,"n":"Danone Skyr nature  x8 - 800g","p":3.2,"u":"4,00 €/KG","img":"https://fd8-photos.leclercdrive.fr/image.ashx?id=2960657&use=l&cat=p&typeid=i","cat":315000},{"id":274965,"n":"Tortillas de blé Old El Paso 8+2 gratuits - 407g","p":2.53,"u":"6,22 €/KG","img":"https://fd8-photos.leclercdrive.fr/image.ashx?id=2946646&use=l&cat=p&typeid=i","cat":287899},{"id":274977,"n":"Lingettes Carolin Multi-usages  x80","p":3.28,"u":"0,04 €/P","img":"https://fd8-photos.leclercdrive.fr/image.ashx?id=2946562&use=l&cat=p&typeid=i","cat":325358},{"id":274994,"n":"Lames Wilkinson  The face Groomer - x4","p":14.35,"u":"3,59 €/P","img":"https://fd8-photos.leclercdrive.fr/image.ashx?id=2946619&use=l&cat=p&typeid=i","cat":284616},{"id":275019,"n":"Pain Pinsa La Boulangère 230g","p":2.83,"u":"12,30 €/KG","img":"https://fd8-photos.leclercdrive.fr/image.ashx?id=2946607&use=l&cat=p&typeid=i","cat":284359},{"id":275024,"n":"Lingettes serpillières Carolin  Tous types de sols - x15","p":3.33,"u":"0,22 €/P","img":"https://fd8-photos.leclercdrive.fr/image.ashx?id=2946970&use=l&cat=p&typeid=i","cat":284907},{"id":275025,"n":"Lingettes serpillières Carolin  pour parquets - x15","p":3.51,"u":"0,23 €/P","img":"https://fd8-photos.leclercdrive.fr/image.ashx?id=2946973&use=l&cat=p&typeid=i","cat":284907},{"id":275029,"n":"Lames de rasoir Wilkinson Double edge blades x10","p":3.0,"img":"https://fd8-photos.leclercdrive.fr/image.ashx?id=2946724&use=l&cat=p&typeid=i","cat":284616},{"id":275039,"n":"Rasoir Wilkinson +5 lames","p":29.95,"img":"https://fd8-photos.leclercdrive.fr/image.ashx?id=2946721&use=l&cat=p&typeid=i","cat":284616},{"id":275203,"n":"Dessert lacté Ptit gourmand  Caramel - 4x10gg","p":1.86,"u":"4,65 €/KG","img":"https://fd8-photos.leclercdrive.fr/image.ashx?id=2978191&use=l&cat=p&typeid=i","cat":312392},{"id":275204,"n":"Semoule au lait P'tit gourmand 4x100g","p":1.85,"u":"4,63 €/KG","img":"https://fd8-photos.leclercdrive.fr/image.ashx?id=2978194&use=l&cat=p&typeid=i","cat":312392},{"id":275205,"n":"Dessert lacté P'tit Gourmand 4x100g","p":1.54,"u":"3,85 €/KG","img":"https://fd8-photos.leclercdrive.fr/image.ashx?id=2978197&use=l&cat=p&typeid=i","cat":312392},{"id":275214,"n":"Curry  pois chiches Cassegrain A l'indienne - 430g","p":2.79,"u":"6,49 €/KG","img":"https://fd8-photos.leclercdrive.fr/image.ashx?id=2952490&use=l&cat=p&typeid=i","cat":287599},{"id":275218,"n":"Chili de haricots Cassegrain A la mexicaine - 430g","p":2.78,"u":"6,47 €/KG","img":"https://fd8-photos.leclercdrive.fr/image.ashx?id=2962125&use=l&cat=p&typeid=i","cat":287599},{"id":275220,"n":"Dahl de lentilles Cassegrain A l'indienne - 435g","p":2.81,"u":"6,46 €/KG","img":"https://fd8-photos.leclercdrive.fr/image.ashx?id=2946904&use=l&cat=p&typeid=i","cat":287599},{"id":275222,"n":"Trio de poivrons Cassegrain Sarrasin - 375g","p":4.19,"u":"11,17 €/KG","img":"https://fd8-photos.leclercdrive.fr/image.ashx?id=2953459&use=l&cat=p&typeid=i","cat":287599},{"id":275224,"n":"Barre de céréales Lion 8x25g","p":2.95,"u":"14,75 €/KG","img":"https://fd8-photos.leclercdrive.fr/image.ashx?id=2947195&use=l&cat=p&typeid=i","cat":285869},{"id":275225,"n":"Barre de céréales Chocapic 8x25g","p":2.92,"u":"14,60 €/KG","img":"https://fd8-photos.leclercdrive.fr/image.ashx?id=2947198&use=l&cat=p&typeid=i","cat":285869},{"id":275236,"n":"Lingettes Carolin  Anti-bactériennes  - x80","p":3.18,"u":"0,04 €/P","img":"https://fd8-photos.leclercdrive.fr/image.ashx?id=2946964&use=l&cat=p&typeid=i","cat":325358},{"id":275238,"n":"Lingettes Carolin  Anti-bactériennes - x80","p":3.2,"u":"0,04 €/P","img":"https://fd8-photos.leclercdrive.fr/image.ashx?id=2946967&use=l&cat=p&typeid=i","cat":325358},{"id":275240,"n":"Lingettes Carolin Citron Ultra dégraissant - x80","p":3.33,"u":"0,04 €/P","img":"https://fd8-photos.leclercdrive.fr/image.ashx?id=2946976&use=l&cat=p&typeid=i","cat":325358},{"id":275244,"n":"Dentifrice Sensodyne  Sensibilité et gencives -75ml","p":4.88,"u":"65,07 €/L","img":"https://fd8-photos.leclercdrive.fr/image.ashx?id=2947180&use=l&cat=p&typeid=i","cat":284612},{"id":275245,"n":"Dentifrice Sensodyne Blancheur - 75ml","p":4.83,"u":"64,40 €/L","img":"https://fd8-photos.leclercdrive.fr/image.ashx?id=2947183&use=l&cat=p&typeid=i","cat":284612},{"id":275260,"n":"Déodorant spray Sanex Aloe vera Bio Sensitive - 200ml","p":5.24,"u":"26,20 €/L","img":"https://fd8-photos.leclercdrive.fr/image.ashx?id=2948537&use=l&cat=p&typeid=i","cat":284595},{"id":275352,"n":"Déodorant bille bio Sanex Bambou Fresh - 50ml","p":4.1,"u":"82,00 €/L","img":"https://fd8-photos.leclercdrive.fr/image.ashx?id=2949088&use=l&cat=p&typeid=i","cat":284595},{"id":275355,"n":"Dentifrice Email diamant Double blancheur - 75ml","p":3.49,"u":"46,53 €/L","img":"https://fd8-photos.leclercdrive.fr/image.ashx?id=2948902&use=l&cat=p&typeid=i","cat":284612},{"id":275381,"n":"Gel douche Dop Lait végétal Pyrénées - 480ml","p":3.13,"u":"6,52 €/L","img":"https://fd8-photos.leclercdrive.fr/image.ashx?id=2955348&use=l&cat=p&typeid=i","cat":284594},{"id":275382,"n":"Gel douche Dop Amande - 480ml","p":3.12,"u":"6,50 €/L","img":"https://fd8-photos.leclercdrive.fr/image.ashx?id=2955351&use=l&cat=p&typeid=i","cat":284594},{"id":275398,"n":"Saucisse Knacki Herta Sel réduit - x6 - 210g","p":2.19,"u":"10,43 €/KG","img":"https://fd8-photos.leclercdrive.fr/image.ashx?id=2948824&use=l&cat=p&typeid=i","cat":316012},{"id":275401,"n":"Knacki Gourmande Herta  100% pur porc x4 - 280g","p":2.9,"u":"10,36 €/KG","img":"https://fd8-photos.leclercdrive.fr/image.ashx?id=2948827&use=l&cat=p&typeid=i","cat":316012},{"id":275404,"n":"Shampooing Dop Hair Argan - 480ml","p":2.95,"u":"6,15 €/L","img":"https://fd8-photos.leclercdrive.fr/image.ashx?id=2955372&use=l&cat=p&typeid=i","cat":284606},{"id":275405,"n":"Shampooing Dop Hair Amande - 480ml","p":2.85,"u":"5,94 €/L","img":"https://fd8-photos.leclercdrive.fr/image.ashx?id=2955369&use=l&cat=p&typeid=i","cat":284606},{"id":275406,"n":"Pâte nettoyante Cillit Bang 470g","p":4.79,"u":"10,19 €/KG","img":"https://fd8-photos.leclercdrive.fr/image.ashx?id=2948986&use=l&cat=p&typeid=i","cat":325357},{"id":275407,"n":"Shampooing Dop Hair Karité - 480ml","p":2.85,"u":"5,94 €/L","img":"https://fd8-photos.leclercdrive.fr/image.ashx?id=2955378&use=l&cat=p&typeid=i","cat":284606},{"id":275408,"n":"Shampooing P'tit Dop Amande - 480ml","p":4.36,"u":"9,08 €/MT","img":"https://fd8-photos.leclercdrive.fr/image.ashx?id=2955381&use=l&cat=p&typeid=i","cat":284606},{"id":275409,"n":"Shampooing Dop Hair Antipelliculaire - 480ml","p":2.85,"u":"5,94 €/L","img":"https://fd8-photos.leclercdrive.fr/image.ashx?id=2955375&use=l&cat=p&typeid=i","cat":284606},{"id":275410,"n":"Shampooing Dop Vitamines - 480ml","p":3.19,"u":"6,65 €/L","img":"https://fd8-photos.leclercdrive.fr/image.ashx?id=2955384&use=l&cat=p&typeid=i","cat":284606},{"id":275412,"n":"Shampooing Dop Hair Oeufs - 480ml","p":2.85,"u":"5,94 €/L","img":"https://fd8-photos.leclercdrive.fr/image.ashx?id=2954773&use=l&cat=p&typeid=i","cat":284606},{"id":275413,"n":"Gel douche Dop Framboise - 480ml","p":3.19,"u":"6,65 €/L","img":"https://fd8-photos.leclercdrive.fr/image.ashx?id=2955354&use=l&cat=p&typeid=i","cat":284594},{"id":275415,"n":"Gel douche enfance Dop Barbe à papa - 310ml","p":2.39,"u":"7,71 €/L","img":"https://fd8-photos.leclercdrive.fr/image.ashx?id=2955357&use=l&cat=p&typeid=i","cat":284594},{"id":275418,"n":"Gel douche enfance Dop Bonbons - 310ml","p":2.47,"u":"7,97 €/L","img":"https://fd8-photos.leclercdrive.fr/image.ashx?id=2955360&use=l&cat=p&typeid=i","cat":284594},{"id":275419,"n":"Gel douche enfance Dop Caramel - 310ml","p":2.65,"u":"8,55 €/L","img":"https://fd8-photos.leclercdrive.fr/image.ashx?id=2955363&use=l&cat=p&typeid=i","cat":284594},{"id":275506,"n":"Lait Le Petit Marseillais Nutrition Amande Argan 250ml","p":4.14,"u":"16,56 €/L","img":"https://fd8-photos.leclercdrive.fr/image.ashx?id=2950330&use=l&cat=p&typeid=i","cat":325349},{"id":275507,"n":"Lait Le Petit Marseillais Nutrition Argan 400ml","p":5.08,"u":"12,70 €/L","img":"https://fd8-photos.leclercdrive.fr/image.ashx?id=2950333&use=l&cat=p&typeid=i","cat":325349},{"id":275508,"n":"Shampooing Le Petit Marseillais Blonde ensolleilé 300ml","p":2.55,"u":"8,50 €/L","img":"https://fd8-photos.leclercdrive.fr/image.ashx?id=2950336&use=l&cat=p&typeid=i","cat":284606},{"id":275509,"n":"Shampooing Dessange Couleur - 280ml","p":4.99,"u":"17,82 €/L","img":"https://fd8-photos.leclercdrive.fr/image.ashx?id=2955405&use=l&cat=p&typeid=i","cat":284606},{"id":275511,"n":"Gel douche enfance Dop Pomme d'amour - 310ml","p":2.51,"u":"8,10 €/L","img":"https://fd8-photos.leclercdrive.fr/image.ashx?id=2955366&use=l&cat=p&typeid=i","cat":284594},{"id":275513,"n":"Masque cheveux Le Petit Marseillais Nutrition 370ml","p":4.49,"u":"12,14 €/L","img":"https://fd8-photos.leclercdrive.fr/image.ashx?id=2977483&use=l&cat=p&typeid=i","cat":284608},{"id":275514,"n":"Shampooing nourrissant Timotei Huiles précieuses - 300ml","p":2.51,"u":"8,37 €/L","img":"https://fd8-photos.leclercdrive.fr/image.ashx?id=2950699&use=l&cat=p&typeid=i","cat":284606},{"id":275515,"n":"Crème douche L'Arbre vert Argan -Ecolabel - 260ml","p":2.17,"u":"8,35 €/L","img":"https://fd8-photos.leclercdrive.fr/image.ashx?id=2969163&use=l&cat=p&typeid=i","cat":284594},{"id":275517,"n":"Crème douche L'Arbre vert Amande - Ecolabel - 260ml","p":2.3,"u":"8,85 €/L","img":"https://fd8-photos.leclercdrive.fr/image.ashx?id=2969166&use=l&cat=p&typeid=i","cat":284594},{"id":275520,"n":"Shampooing Timotei Purifiant & détox - 300ml","p":2.52,"u":"8,40 €/L","img":"https://fd8-photos.leclercdrive.fr/image.ashx?id=2950705&use=l&cat=p&typeid=i","cat":284606},{"id":275522,"n":"Savon solide L'Arbrez vert Doux - Peaux sensibles 2x100g","p":1.95,"u":"9,75 €/KG","img":"https://fd8-photos.leclercdrive.fr/image.ashx?id=2950291&use=l&cat=p&typeid=i","cat":284597},{"id":275523,"n":"Shampooing Head & Shoulders Hydrate - 250ml","p":5.28,"u":"21,12 €/L","img":"https://fd8-photos.leclercdrive.fr/image.ashx?id=2950873&use=l&cat=p&typeid=i","cat":284606},{"id":275525,"n":"Shampooing Head & Shoulders Revitalise - 250ml","p":7.55,"u":"30,20 €/L","img":"https://fd8-photos.leclercdrive.fr/image.ashx?id=2950876&use=l&cat=p&typeid=i","cat":284606},{"id":275526,"n":"Lait de brushing Dessange Hydratant - 140ml","p":9.49,"u":"67,79 €/L","img":"https://fd8-photos.leclercdrive.fr/image.ashx?id=2955387&use=l&cat=p&typeid=i","cat":284608},{"id":275527,"n":"Eponge Spontex L'essentielle - x3","p":1.84,"img":"https://fd8-photos.leclercdrive.fr/image.ashx?id=2950255&use=l&cat=p&typeid=i","cat":284667},{"id":275528,"n":"Sérum Dessange Extrême 3 huiles - 110ml","p":9.49,"u":"86,27 €/L","img":"https://fd8-photos.leclercdrive.fr/image.ashx?id=2954624&use=l&cat=p&typeid=i","cat":284608},{"id":275529,"n":"Soin cheveux Dessange Nutri-richesse - 110ml","p":6.69,"u":"60,82 €/L","img":"https://fd8-photos.leclercdrive.fr/image.ashx?id=2955390&use=l&cat=p&typeid=i","cat":284608},{"id":275531,"n":"Masque Dessange Nutri-Extrême - 280ml","p":7.87,"u":"28,11 €/L","img":"https://fd8-photos.leclercdrive.fr/image.ashx?id=2955393&use=l&cat=p&typeid=i","cat":284608},{"id":275608,"n":"Dentifrice Sensodyne Sensibilité quotidienne 2x75ml","p":5.93,"u":"39,53 €/L","img":"https://fd8-photos.leclercdrive.fr/image.ashx?id=2949571&use=l&cat=p&typeid=i","cat":284612},{"id":275609,"n":"Dentifrice Sensodyne Haleine extra fresh - 2x75ml","p":5.93,"u":"39,53 €/L","img":"https://fd8-photos.leclercdrive.fr/image.ashx?id=2949574&use=l&cat=p&typeid=i","cat":284612},{"id":275615,"n":"Gel douche Ushuaïa Minéraux marins - 280ml","p":2.43,"u":"8,68 €/L","img":"https://fd8-photos.leclercdrive.fr/image.ashx?id=3008791&use=l&cat=p&typeid=i","cat":284594},{"id":275616,"n":"Gel douche délassante Ushuaïa Huile essentielle d'Ylang 280ml","p":2.43,"u":"8,68 €/L","img":"https://fd8-photos.leclercdrive.fr/image.ashx?id=2949544&use=l&cat=p&typeid=i","cat":284594},{"id":275617,"n":"Gel douche Ushuaïa Orchidée - 280ml","p":2.55,"u":"9,11 €/L","img":"https://fd8-photos.leclercdrive.fr/image.ashx?id=2949541&use=l&cat=p&typeid=i","cat":284594},{"id":275618,"n":"Gel douche hydratant Ushuaïa Grenade - 280ml","p":2.43,"u":"8,68 €/L","img":"https://fd8-photos.leclercdrive.fr/image.ashx?id=2949550&use=l&cat=p&typeid=i","cat":284594},{"id":275619,"n":"Crème de douche Ushuaïa Lait de coco - 280ml","p":2.98,"u":"10,64 €/L","img":"https://fd8-photos.leclercdrive.fr/image.ashx?id=2949553&use=l&cat=p&typeid=i","cat":284594},{"id":275620,"n":"Gel douche tonifiant Ushuaïa Extrait de cèdre - 280ml","p":2.4,"u":"8,57 €/L","img":"https://fd8-photos.leclercdrive.fr/image.ashx?id=2949556&use=l&cat=p&typeid=i","cat":284594},{"id":275659,"n":"Soin visage Garnier BHA+ Niacinamide SPF50+ - 40ml","p":9.1,"u":"227,50 €/L","img":"https://fd8-photos.leclercdrive.fr/image.ashx?id=3000797&use=l&cat=p&typeid=i","cat":325345},{"id":275661,"n":"Soin visage Garnier Aloe vera Hyaluronique 250ml","p":5.17,"u":"20,68 €/L","img":"https://fd8-photos.leclercdrive.fr/image.ashx?id=2954244&use=l&cat=p&typeid=i","cat":325345},{"id":275662,"n":"Soin hydratant Garnier Hyaluron Liquide quotidien - 120ml","p":11.4,"u":"95,00 €/L","img":"https://fd8-photos.leclercdrive.fr/image.ashx?id=2986654&use=l&cat=p&typeid=i","cat":325345},{"id":275663,"n":"Lotion exfoliante Garnier Salicylique - 120ml","p":10.89,"u":"90,75 €/L","img":"https://fd8-photos.leclercdrive.fr/image.ashx?id=2954253&use=l&cat=p&typeid=i","cat":325346},{"id":275665,"n":"Fluide Garnier hyaluronique Anti-uv quotidien SPF50+ 40ml","p":11.4,"u":"285,00 €/L","img":"https://fd8-photos.leclercdrive.fr/image.ashx?id=2954256&use=l&cat=p&typeid=i","cat":325345},{"id":275668,"n":"Dentifrice Sanogyl Multiprotection blancheur 75ml","p":3.47,"u":"46,27 €/L","img":"https://fd8-photos.leclercdrive.fr/image.ashx?id=2950207&use=l&cat=p&typeid=i","cat":284612},{"id":275669,"n":"Dentifrice Sanogyl Soin global - 75ml","p":2.76,"u":"36,80 €/L","img":"https://fd8-photos.leclercdrive.fr/image.ashx?id=2950201&use=l&cat=p&typeid=i","cat":284612},{"id":275671,"n":"Dentifrice Sanogyl Soin gencives - 75ml","p":2.74,"u":"36,53 €/L","img":"https://fd8-photos.leclercdrive.fr/image.ashx?id=2950195&use=l&cat=p&typeid=i","cat":284612},{"id":275673,"n":"Dentifrice Sanogyl Soin blancheur - 75ml","p":2.73,"u":"36,40 €/L","img":"https://fd8-photos.leclercdrive.fr/image.ashx?id=2950198&use=l&cat=p&typeid=i","cat":284612},{"id":275675,"n":"Spray désinfectant Clair Multi-surfaces - 500ml","p":1.53,"u":"3,06 €/L","img":"https://fd8-photos.leclercdrive.fr/image.ashx?id=2949251&use=l&cat=p&typeid=i","cat":325357},{"id":275680,"n":"Masque Dessange Nutri-richesse - 280ml","p":9.16,"u":"32,71 €/L","img":"https://fd8-photos.leclercdrive.fr/image.ashx?id=2961068&use=l&cat=p&typeid=i","cat":284608},{"id":275681,"n":"Après-shampooing Dessange Nutri- extrême - 225ml","p":3.59,"u":"15,96 €/L","img":"https://fd8-photos.leclercdrive.fr/image.ashx?id=2954627&use=l&cat=p&typeid=i","cat":284607},{"id":275682,"n":"Eau micellaire Garnier SkinActive - 400ml","p":5.39,"u":"13,48 €/L","img":"https://fd8-photos.leclercdrive.fr/image.ashx?id=2954262&use=l&cat=p&typeid=i","cat":284603},{"id":275683,"n":"Shampooing Dessange Âge sublime - 280ml","p":3.84,"u":"13,71 €/L","img":"https://fd8-photos.leclercdrive.fr/image.ashx?id=3011578&use=l&cat=p&typeid=i","cat":284606},{"id":275684,"n":"Shampooing Dessange Hydra brush - 280ml","p":4.99,"u":"17,82 €/L","img":"https://fd8-photos.leclercdrive.fr/image.ashx?id=2955402&use=l&cat=p&typeid=i","cat":284606},{"id":275685,"n":"Shampooing Dessange Nutri-riche - 280ml","p":3.84,"u":"13,71 €/L","img":"https://fd8-photos.leclercdrive.fr/image.ashx?id=2955408&use=l&cat=p&typeid=i","cat":284606},{"id":275686,"n":"Shampooing Dessange Nutri-extrême - 280ml","p":3.81,"u":"13,61 €/L","img":"https://fd8-photos.leclercdrive.fr/image.ashx?id=2955411&use=l&cat=p&typeid=i","cat":284606},{"id":275690,"n":"Dentifrice Sensodyne Eclat blancheur - 75ml","p":7.25,"u":"96,67 €/L","img":"https://fd8-photos.leclercdrive.fr/image.ashx?id=2997781&use=l&cat=p&typeid=i","cat":284612},{"id":275692,"n":"Dentifrice Sensodyne Nettoyage intense - 75ml","p":7.29,"u":"97,20 €/L","img":"https://fd8-photos.leclercdrive.fr/image.ashx?id=2998047&use=l&cat=p&typeid=i","cat":284612},{"id":275695,"n":"Dentifrice Sensodyne Rapide Action extra-fresh - 75ml","p":4.92,"u":"65,60 €/L","img":"https://fd8-photos.leclercdrive.fr/image.ashx?id=2950717&use=l&cat=p&typeid=i","cat":284612},{"id":275706,"n":"Dentifrice Sensodyne Multi-protection Blancheur 75ml","p":4.76,"u":"63,47 €/L","img":"https://fd8-photos.leclercdrive.fr/image.ashx?id=2950723&use=l&cat=p&typeid=i","cat":284612},{"id":275708,"n":"Dentifrice Sensodyne Sensibilité Gencives Email 75ml","p":4.88,"u":"65,07 €/L","img":"https://fd8-photos.leclercdrive.fr/image.ashx?id=2950720&use=l&cat=p&typeid=i","cat":284612},{"id":275816,"n":"Mini Caprice des Dieux Filet 6x50g","p":5.09,"u":"16,97 €/KG","img":"https://fd8-photos.leclercdrive.fr/image.ashx?id=2949916&use=l&cat=p&typeid=i","cat":314033},{"id":276027,"n":"Spray nettoyant Cillit Bang  Expert Javel Familial - 1L","p":4.03,"u":"4,03 €/L","img":"https://fd8-photos.leclercdrive.fr/image.ashx?id=2950384&use=l&cat=p&typeid=i","cat":325357},{"id":276028,"n":"Spray nettoyant Cillit Bang Expert crasse & calcaire - 1L","p":3.96,"u":"3,96 €/L","img":"https://fd8-photos.leclercdrive.fr/image.ashx?id=2950390&use=l&cat=p&typeid=i","cat":325357},{"id":276029,"n":"Spray nettoyant Cillit Bang  Expert Dégraissant Familial 1L","p":4.0,"u":"4,00 €/L","img":"https://fd8-photos.leclercdrive.fr/image.ashx?id=2950387&use=l&cat=p&typeid=i","cat":325357},{"id":276030,"n":"Spray nettoyant Cillit Bang  Expert Anti-moisissures - 1L","p":4.03,"u":"4,03 €/L","img":"https://fd8-photos.leclercdrive.fr/image.ashx?id=2950381&use=l&cat=p&typeid=i","cat":325357},{"id":276113,"n":"Mini bâtonnets Trium Vanille x6 - 234g","p":2.35,"u":"10,04 €/KG","img":"https://fd8-photos.leclercdrive.fr/image.ashx?id=2951137&use=l&cat=p&typeid=i","cat":284265},{"id":276126,"n":"Whisky Jack Daniel's Bonded 70cL","p":41.2,"u":"58,86 €/L","img":"https://fd8-photos.leclercdrive.fr/image.ashx?id=2952001&use=l&cat=p&typeid=i","cat":284547},{"id":276184,"n":"Ferrero Collection Arbre mixte  129g","p":7.57,"u":"58,68 €/KG","img":"https://fd8-photos.leclercdrive.fr/image.ashx?id=2952052&use=l&cat=p&typeid=i","cat":327595},{"id":276186,"n":"Ferrero Collection Assortiment cube lumières de fête - 185g","p":10.25,"u":"55,41 €/KG","img":"https://fd8-photos.leclercdrive.fr/image.ashx?id=2952121&use=l&cat=p&typeid=i","cat":327595},{"id":276187,"n":"Ferrero Collection Assortiment Merveilles d'hiver - 203g","p":11.65,"u":"57,39 €/KG","img":"https://fd8-photos.leclercdrive.fr/image.ashx?id=2952061&use=l&cat=p&typeid=i","cat":327595},{"id":276188,"n":"Ferrero Collection Assortiment Promenade en ville - 197g","p":16.41,"u":"83,30 €/KG","img":"https://fd8-photos.leclercdrive.fr/image.ashx?id=2952058&use=l&cat=p&typeid=i","cat":327595},{"id":276189,"n":"Chocolats Ferrero Prestige  256g","p":9.84,"u":"38,44 €/KG","img":"https://fd8-photos.leclercdrive.fr/image.ashx?id=2952112&use=l&cat=p&typeid=i","cat":327595},{"id":276190,"n":"Chocolats Ferrero Prestige  319g","p":11.49,"u":"36,02 €/KG","img":"https://fd8-photos.leclercdrive.fr/image.ashx?id=2961287&use=l&cat=p&typeid=i","cat":284499},{"id":276201,"n":"Kinder chocolat  150g","p":3.23,"u":"21,53 €/KG","img":"https://fd8-photos.leclercdrive.fr/image.ashx?id=2952079&use=l&cat=p&typeid=i","cat":327592},{"id":276206,"n":"Kinder mini eggs  Lait - 182g","p":5.55,"u":"30,49 €/KG","img":"https://fd8-photos.leclercdrive.fr/image.ashx?id=2953980&use=l&cat=p&typeid=i","cat":327592},{"id":276208,"n":"Kinder Balls  Eclats de Noisettes - 164g","p":5.43,"u":"33,11 €/KG","img":"https://fd8-photos.leclercdrive.fr/image.ashx?id=2952088&use=l&cat=p&typeid=i","cat":327592},{"id":276209,"n":"Kinder Balls  Eclats de Bsicuits cacao - 164g","p":6.74,"u":"41,10 €/KG","img":"https://fd8-photos.leclercdrive.fr/image.ashx?id=2952091&use=l&cat=p&typeid=i","cat":327592},{"id":276210,"n":"Kinder Schokobons  200g","p":3.84,"u":"19,20 €/KG","img":"https://fd8-photos.leclercdrive.fr/image.ashx?id=2952911&use=l&cat=p&typeid=i","cat":327592},{"id":276211,"n":"Kinder Schokobons  350g","p":6.19,"u":"17,69 €/KG","img":"https://fd8-photos.leclercdrive.fr/image.ashx?id=2952103&use=l&cat=p&typeid=i","cat":327592},{"id":276212,"n":"Kinder happy moments  Ballotin - 184g","p":6.02,"u":"32,72 €/KG","img":"https://fd8-photos.leclercdrive.fr/image.ashx?id=2952046&use=l&cat=p&typeid=i","cat":327592},{"id":276232,"n":"Mini Carambar  Red team - 350g","p":3.47,"u":"9,91 €/KG","img":"https://fd8-photos.leclercdrive.fr/image.ashx?id=2951872&use=l&cat=p&typeid=i","cat":304250},{"id":276258,"n":"Jambon Le Bon Paris Herta Sel réduit sans nitrite 8T - 280g","p":5.01,"u":"17,89 €/KG","img":"https://fd8-photos.leclercdrive.fr/image.ashx?id=2951764&use=l&cat=p&typeid=i","cat":316009},{"id":276269,"n":"Fromage cremeux Coeur de Lion 8 tranches 150g","p":2.54,"u":"16,93 €/KG","img":"https://fd8-photos.leclercdrive.fr/image.ashx?id=2952493&use=l&cat=p&typeid=i","cat":314028},{"id":276420,"n":"Calendrier de l'avent Duo Pat Patrouille - 200g","p":10.83,"u":"54,15 €/KG","img":"https://fd8-photos.leclercdrive.fr/image.ashx?id=2980569&use=l&cat=p&typeid=i","cat":327590},{"id":276432,"n":"Barre Toblerone  chocolat lait - 340g","p":8.43,"u":"24,79 €/KG","img":"https://fd8-photos.leclercdrive.fr/image.ashx?id=2958902&use=l&cat=p&typeid=i","cat":284499},{"id":276435,"n":"Papillotes Révillon Féériques Noir 70% et Lait - 300g","p":11.21,"u":"37,37 €/KG","img":"https://fd8-photos.leclercdrive.fr/image.ashx?id=2980689&use=l&cat=p&typeid=i","cat":327597},{"id":276437,"n":"Coffret chocolats Révillon Noir 70% - 232g","p":11.21,"u":"48,32 €/KG","img":"https://fd8-photos.leclercdrive.fr/image.ashx?id=2980701&use=l&cat=p&typeid=i","cat":327595},{"id":276438,"n":"Coffret chocolats Révillon Lait - 230g","p":11.14,"u":"48,43 €/KG","img":"https://fd8-photos.leclercdrive.fr/image.ashx?id=2980695&use=l&cat=p&typeid=i","cat":284499},{"id":276439,"n":"Coffret chocolats Révillon Noir Lait Blanc - 233g","p":11.04,"u":"47,38 €/KG","img":"https://fd8-photos.leclercdrive.fr/image.ashx?id=2980698&use=l&cat=p&typeid=i","cat":284499},{"id":276449,"n":"Lanvin Escargots Ballotin  Noir - 164g","p":8.01,"u":"48,84 €/KG","img":"https://fd8-photos.leclercdrive.fr/image.ashx?id=2987017&use=l&cat=p&typeid=i","cat":327595},{"id":276462,"n":"Nestlé dessert truffes Noir - 250g","p":7.85,"u":"31,40 €/KG","img":"https://fd8-photos.leclercdrive.fr/image.ashx?id=2953040&use=l&cat=p&typeid=i","cat":327600},{"id":276463,"n":"Nestlé dessert truffes Lait - 250g","p":9.12,"u":"36,48 €/KG","img":"https://fd8-photos.leclercdrive.fr/image.ashx?id=2953046&use=l&cat=p&typeid=i","cat":327600},{"id":276470,"n":"Rochers lait Jacquot 250g","p":5.53,"u":"22,12 €/KG","img":"https://fd8-photos.leclercdrive.fr/image.ashx?id=2980713&use=l&cat=p&typeid=i","cat":327600},{"id":276476,"n":"Panettone tradition Motta signature bruno barbieri - 1kg","p":16.52,"u":"16,52 €/KG","img":"https://fd8-photos.leclercdrive.fr/image.ashx?id=2981376&use=l&cat=p&typeid=i","cat":327607},{"id":276482,"n":"Panmoro Bauli 750g","p":14.99,"u":"19,99 €/KG","img":"https://fd8-photos.leclercdrive.fr/image.ashx?id=2952965&use=l&cat=p&typeid=i","cat":327607},{"id":276485,"n":"Chocolats Ferrero Rocher  525g","p":15.85,"u":"30,19 €/KG","img":"https://fd8-photos.leclercdrive.fr/image.ashx?id=2952962&use=l&cat=p&typeid=i","cat":327600},{"id":276486,"n":"Chocolats Ferrero Rocher  Golden star Lait - 115g","p":5.91,"u":"51,39 €/KG","img":"https://fd8-photos.leclercdrive.fr/image.ashx?id=2952956&use=l&cat=p&typeid=i","cat":327600},{"id":276487,"n":"Chocolats Ferrero Rocher  Golden star mix - 115g","p":5.37,"u":"46,70 €/KG","img":"https://fd8-photos.leclercdrive.fr/image.ashx?id=2964042&use=l&cat=p&typeid=i","cat":327600},{"id":276489,"n":"Paipillotes Révillon Dubai  Style - 300g","p":11.79,"u":"39,30 €/KG","img":"https://fd8-photos.leclercdrive.fr/image.ashx?id=2952230&use=l&cat=p&typeid=i","cat":327597},{"id":276550,"n":"Biscuit sésame GERBLE - 5x4 220g","p":1.52,"u":"6,91 €/KG","img":"https://fd8-photos.leclercdrive.fr/image.ashx?id=2953803&use=l&cat=p&typeid=i","cat":318651},{"id":276565,"n":"Dessert de fruits pomme  Douceur du Verger 4x100g","p":0.99,"u":"2,48 €/KG","img":"https://fd8-photos.leclercdrive.fr/image.ashx?id=2961707&use=l&cat=p&typeid=i","cat":284416},{"id":276582,"n":"Café froid Cappuccino Plantation 250ml","p":1.09,"u":"4,36 €/L","img":"https://fd8-photos.leclercdrive.fr/image.ashx?id=2952430&use=l&cat=p&typeid=i","cat":295246},{"id":276583,"n":"Café froid Latte Plantation 250ml","p":1.09,"u":"4,36 €/L","img":"https://fd8-photos.leclercdrive.fr/image.ashx?id=2952433&use=l&cat=p&typeid=i","cat":295246},{"id":276946,"n":"Badoit bulles de fruits  Pamplemousse - 6x33cl","p":4.5,"u":"2,27 €/L","img":"https://fd8-photos.leclercdrive.fr/image.ashx?id=2954208&use=l&cat=p&typeid=i","cat":284537},{"id":276947,"n":"Badoit bulles de fruits  Fruits rouges - 6x33cl","p":4.52,"u":"2,28 €/L","img":"https://fd8-photos.leclercdrive.fr/image.ashx?id=2954205&use=l&cat=p&typeid=i","cat":284537},{"id":276948,"n":"Badoit bulles de fruits  Citron et citron vert - 6x33cl","p":4.5,"u":"2,27 €/L","img":"https://fd8-photos.leclercdrive.fr/image.ashx?id=2954202&use=l&cat=p&typeid=i","cat":284537},{"id":277046,"n":"Tortillas Old El Paso de blé nature 6+2 offerts - 467g","p":2.53,"u":"5,42 €/KG","img":"https://fd8-photos.leclercdrive.fr/image.ashx?id=2964114&use=l&cat=p&typeid=i","cat":288993},{"id":277153,"n":"Skyr végétal Protéiné Alpro Nature - 400g","p":2.86,"u":"7,15 €/KG","img":"https://fd8-photos.leclercdrive.fr/image.ashx?id=2976092&use=l&cat=p&typeid=i","cat":316071},{"id":277363,"n":"AOC Languedoc Grés de Montpellier - Rouge - 75cl","p":10.56,"u":"14,08 €/L","img":"https://fd8-photos.leclercdrive.fr/image.ashx?id=2955459&use=l&cat=p&typeid=i","cat":289556},{"id":277381,"n":"\"Une orchidée pour la mémoire\" Phalaenopsis 2 branches","p":9.95,"u":"9,95 €/PRT","img":"https://fd8-photos.leclercdrive.fr/image.ashx?id=2959400&use=l&cat=p&typeid=i","cat":290902},{"id":277383,"n":"Mini packs Céréales P'tit Déli x8 - 250g","p":2.12,"u":"8,48 €/KG","img":"https://fd8-photos.leclercdrive.fr/image.ashx?id=2955276&use=l&cat=p&typeid=i","cat":309513},{"id":277474,"n":"Kéfir Yaourt Activia nature - 2x150g","p":2.27,"u":"7,57 €/KG","img":"https://fd8-photos.leclercdrive.fr/image.ashx?id=2972385&use=l&cat=p&typeid=i","cat":315000},{"id":277475,"n":"Activia Kéfir  Pêche Passion 2x150g","p":2.39,"u":"7,97 €/KG","img":"https://fd8-photos.leclercdrive.fr/image.ashx?id=2965894&use=l&cat=p&typeid=i","cat":315000},{"id":277478,"n":"Liégeois Pâtissier Danette  Paris Brest 4x90g","p":2.35,"u":"6,53 €/KG","img":"https://fd8-photos.leclercdrive.fr/image.ashx?id=2965930&use=l&cat=p&typeid=i","cat":285042},{"id":277479,"n":"Liégeois Pâtissier Danette Framboisier 4x90g","p":2.35,"u":"6,53 €/KG","img":"https://fd8-photos.leclercdrive.fr/image.ashx?id=2965924&use=l&cat=p&typeid=i","cat":285042},{"id":277480,"n":"Liégeois Pâtissier Danette Tiramisu 4x90g","p":2.34,"u":"6,50 €/KG","img":"https://fd8-photos.leclercdrive.fr/image.ashx?id=2965927&use=l&cat=p&typeid=i","cat":285042},{"id":277481,"n":"Crème dessert chocolat Danette mini - 4x70g","p":0.99,"u":"3,54 €/KG","img":"https://fd8-photos.leclercdrive.fr/image.ashx?id=2965936&use=l&cat=p&typeid=i","cat":285041},{"id":277482,"n":"Crème dessert vanille Danette mini - 4x70g","p":0.99,"u":"3,54 €/KG","img":"https://fd8-photos.leclercdrive.fr/image.ashx?id=2965939&use=l&cat=p&typeid=i","cat":285041},{"id":277483,"n":"Skyr nature Danone 0% MG - 450g","p":1.97,"u":"4,38 €/KG","img":"https://fd8-photos.leclercdrive.fr/image.ashx?id=2966279&use=l&cat=p&typeid=i","cat":284409},{"id":277484,"n":"Danone Skyr fraise 4x100g","p":2.15,"u":"5,38 €/KG","img":"https://fd8-photos.leclercdrive.fr/image.ashx?id=2965903&use=l&cat=p&typeid=i","cat":315000},{"id":277485,"n":"Danone Skyr fruits jaunes 4x100g","p":2.15,"u":"5,38 €/KG","img":"https://fd8-photos.leclercdrive.fr/image.ashx?id=2965906&use=l&cat=p&typeid=i","cat":315000},{"id":277488,"n":"Skyr mûre myrtille Danone 0% MG - 2x140g","p":2.49,"u":"8,89 €/KG","img":"https://fd8-photos.leclercdrive.fr/image.ashx?id=2966276&use=l&cat=p&typeid=i","cat":315000},{"id":277489,"n":"Skyr mangue passion Danone 0% MG - 2x140g","p":2.45,"u":"8,75 €/KG","img":"https://fd8-photos.leclercdrive.fr/image.ashx?id=2965909&use=l&cat=p&typeid=i","cat":315000},{"id":277490,"n":"Barre protéinée Hipro  Caramel 45g","p":1.94,"u":"43,11 €/KG","img":"https://fd8-photos.leclercdrive.fr/image.ashx?id=2966161&use=l&cat=p&typeid=i","cat":315000},{"id":277491,"n":"Barre protéinée Hipro Banane cacahuète 45g","p":1.94,"u":"43,11 €/KG","img":"https://fd8-photos.leclercdrive.fr/image.ashx?id=2966158&use=l&cat=p&typeid=i","cat":315000},{"id":277493,"n":"Yaourt protéiné Hipro nature 480g","p":2.92,"u":"6,08 €/KG","img":"https://fd8-photos.leclercdrive.fr/image.ashx?id=2965945&use=l&cat=p&typeid=i","cat":284409},{"id":277508,"n":"Bière blonde Summer Ninkasi 75cl","p":5.19,"u":"6,92 €/L","img":"https://fd8-photos.leclercdrive.fr/image.ashx?id=2956828&use=l&cat=p&typeid=i","cat":334872},{"id":277592,"n":"Shampooing Dessange Blond californien - 280ml","p":4.86,"u":"17,36 €/L","img":"https://fd8-photos.leclercdrive.fr/image.ashx?id=2957941&use=l&cat=p&typeid=i","cat":284606},{"id":277593,"n":"Shampooing bleu Dessange Blond californien - 280ml","p":4.99,"u":"17,82 €/L","img":"https://fd8-photos.leclercdrive.fr/image.ashx?id=2957938&use=l&cat=p&typeid=i","cat":284606},{"id":277594,"n":"Soin patine Dessange Blond californien - 140ml","p":9.47,"u":"67,64 €/L","img":"https://fd8-photos.leclercdrive.fr/image.ashx?id=2957932&use=l&cat=p&typeid=i","cat":284608},{"id":277595,"n":"Gel douche Ushuaïa Agrumes verts - 280ml","p":2.53,"u":"9,04 €/L","img":"https://fd8-photos.leclercdrive.fr/image.ashx?id=2974399&use=l&cat=p&typeid=i","cat":284594},{"id":277625,"n":"Gel douche Ushuaïa Fleur d'oranger - 280ml","p":4.58,"u":"16,36 €/L","img":"https://fd8-photos.leclercdrive.fr/image.ashx?id=2957926&use=l&cat=p&typeid=i","cat":284594},{"id":277626,"n":"Gel douche Ushuaïa Sakura - 280ml","p":2.53,"u":"9,04 €/L","img":"https://fd8-photos.leclercdrive.fr/image.ashx?id=2974405&use=l&cat=p&typeid=i","cat":284594},{"id":277627,"n":"Gel douche Ushuaïa Coco - 280ml","p":3.72,"u":"13,29 €/L","img":"https://fd8-photos.leclercdrive.fr/image.ashx?id=3000264&use=l&cat=p&typeid=i","cat":284594},{"id":277629,"n":"Shampooing Dop Hair Lait végétal - 480ml","p":2.91,"u":"6,06 €/L","img":"https://fd8-photos.leclercdrive.fr/image.ashx?id=2957929&use=l&cat=p&typeid=i","cat":284606},{"id":277630,"n":"Shampooing Dop hair Pomme - 480ml","p":3.2,"u":"6,67 €/L","img":"https://fd8-photos.leclercdrive.fr/image.ashx?id=2957908&use=l&cat=p&typeid=i","cat":284606},{"id":277631,"n":"Shampooing régulateur Dessange Douce argile - 280ml","p":3.84,"u":"13,71 €/L","img":"https://fd8-photos.leclercdrive.fr/image.ashx?id=2957935&use=l&cat=p&typeid=i","cat":284606},{"id":277632,"n":"Huile de douche Ushuaïa Monoï & fleur de tiaré - 280ml","p":2.18,"u":"7,79 €/L","img":"https://fd8-photos.leclercdrive.fr/image.ashx?id=2958146&use=l&cat=p&typeid=i","cat":284594},{"id":277633,"n":"Gel douche Ushuaïa Vanille - 280ml","p":3.42,"u":"12,21 €/L","img":"https://fd8-photos.leclercdrive.fr/image.ashx?id=2957914&use=l&cat=p&typeid=i","cat":284594},{"id":277634,"n":"Gelée de douche Ushuaïa Bahia café açaï - 280ml","p":2.53,"u":"9,04 €/L","img":"https://fd8-photos.leclercdrive.fr/image.ashx?id=2957917&use=l&cat=p&typeid=i","cat":284594},{"id":277635,"n":"Crème de douche Dop Vanille - 480ml","p":3.12,"u":"6,50 €/L","img":"https://fd8-photos.leclercdrive.fr/image.ashx?id=2957893&use=l&cat=p&typeid=i","cat":284594},{"id":277637,"n":"Douche crème enfance Dop Pancakes - 310ml","p":2.69,"u":"8,68 €/L","img":"https://fd8-photos.leclercdrive.fr/image.ashx?id=2957896&use=l&cat=p&typeid=i","cat":284594},{"id":277638,"n":"Douche crème enfance Dop Fraises - 310ml","p":2.47,"u":"7,97 €/L","img":"https://fd8-photos.leclercdrive.fr/image.ashx?id=2957899&use=l&cat=p&typeid=i","cat":284594},{"id":277639,"n":"Crème douche enfance Dop Cookie - 310ml","p":2.51,"u":"8,10 €/L","img":"https://fd8-photos.leclercdrive.fr/image.ashx?id=2957902&use=l&cat=p&typeid=i","cat":284594},{"id":277640,"n":"Douche crème enfance Dop Bonbon cola - 310ml","p":2.34,"u":"7,55 €/L","img":"https://fd8-photos.leclercdrive.fr/image.ashx?id=2957905&use=l&cat=p&typeid=i","cat":284594},{"id":277698,"n":"AOC Gewurztraminer Henri  Ehrhart L'Echappée Blanc - 75cl","p":9.45,"u":"12,60 €/L","img":"https://fd8-photos.leclercdrive.fr/image.ashx?id=2957068&use=l&cat=p&typeid=i","cat":289557},{"id":277707,"n":"AOP Domaine de La Morandière Vieilles vignes - Rouge - 75cl","p":8.69,"u":"11,59 €/L","img":"https://fd8-photos.leclercdrive.fr/image.ashx?id=2957119&use=l&cat=p&typeid=i","cat":289556},{"id":277709,"n":"AOP Clape Ambrine Blanc - 75cl","p":7.17,"u":"9,56 €/L","img":"https://fd8-photos.leclercdrive.fr/image.ashx?id=2957251&use=l&cat=p&typeid=i","cat":289557},{"id":277808,"n":"Compotes Materne coupelles pomme banane fraise - 24x100g","p":6.97,"u":"2,90 €/KG","img":"https://fd8-photos.leclercdrive.fr/image.ashx?id=2961855&use=l&cat=p&typeid=i","cat":284508},{"id":277834,"n":"Lessive Omo Absolu capsules Fleurs blanches - 371g","p":10.69,"u":"28,81 €/KG","img":"https://fd8-photos.leclercdrive.fr/image.ashx?id=2958212&use=l&cat=p&typeid=i","cat":284641},{"id":277835,"n":"Lessive Omo Absolu capsules  fleur d'oranger - 371g","p":10.69,"u":"28,81 €/KG","img":"https://fd8-photos.leclercdrive.fr/image.ashx?id=2958209&use=l&cat=p&typeid=i","cat":284641},{"id":278064,"n":"AOP Gaillac Domaine barreau \"Feuille\" - Rouge - 75cl","p":6.97,"u":"9,29 €/L","img":"https://fd8-photos.leclercdrive.fr/image.ashx?id=2968427&use=l&cat=p&typeid=i","cat":289556},{"id":278066,"n":"Foie de boeuf tranché L'Atelier Boucherie x2 - 320g","p":2.89,"u":"9,03 €/KG","img":"https://fd8-photos.leclercdrive.fr/image.ashx?id=2958386&use=l&cat=p&typeid=i","cat":284328},{"id":278068,"n":"AOP Saint-Nicolas-de-Bourgueil Joël Taluau - Rouge - 75cl","p":8.69,"u":"11,59 €/L","img":"https://fd8-photos.leclercdrive.fr/image.ashx?id=2958140&use=l&cat=p&typeid=i","cat":289556},{"id":278076,"n":"AOC Bordeaux Grand vin de Reignac - Rouge - 75cl","p":22.0,"u":"29,33 €/L","img":"https://fd8-photos.leclercdrive.fr/image.ashx?id=2958128&use=l&cat=p&typeid=i","cat":289556},{"id":278077,"n":"IGP Côtes Catalanes Les Vignes  Du Vent - Rosé - 75cl","p":5.98,"u":"7,97 €/L","img":"https://fd8-photos.leclercdrive.fr/image.ashx?id=2958095&use=l&cat=p&typeid=i","cat":289558},{"id":278078,"n":"AOP Fronsac Château de la Rivière - Rouge - 75cl","p":14.16,"u":"18,88 €/L","img":"https://fd8-photos.leclercdrive.fr/image.ashx?id=2958143&use=l&cat=p&typeid=i","cat":289556},{"id":278083,"n":"Os à moelle L'Atelier Boucherie x3 - 500g","p":3.89,"u":"7,78 €/KG","img":"https://fd8-photos.leclercdrive.fr/image.ashx?id=2972259&use=l&cat=p&typeid=i","cat":284328},{"id":278247,"n":"Sérum Kératine Dessange Morphose - 50ml","p":10.42,"u":"208,40 €/L","img":"https://fd8-photos.leclercdrive.fr/image.ashx?id=2988854&use=l&cat=p&typeid=i","cat":284608},{"id":278267,"n":"Red Bull winter 2025 250ml","p":1.29,"u":"5,16 €/L","img":"https://fd8-photos.leclercdrive.fr/image.ashx?id=2960117&use=l&cat=p&typeid=i","cat":284533},{"id":278307,"n":"Mini cônes Trium Vanille x8 - 344g","p":3.05,"u":"8,87 €/KG","img":"https://fd8-photos.leclercdrive.fr/image.ashx?id=2959001&use=l&cat=p&typeid=i","cat":284264},{"id":278366,"n":"Eau aromatisée O'Fresh Citron & Citron vert - 6x50cl","p":2.75,"u":"0,92 €/L","img":"https://fd8-photos.leclercdrive.fr/image.ashx?id=2959245&use=l&cat=p&typeid=i","cat":284537},{"id":278570,"n":"Lessive liquide Le Chat  L'expert Bicarbonate - 1,8L","p":10.39,"u":"5,77 €/L","img":"https://fd8-photos.leclercdrive.fr/image.ashx?id=2962290&use=l&cat=p&typeid=i","cat":284640},{"id":278573,"n":"Gel douche Ushuaïa Grenade - 490ml","p":3.87,"u":"7,90 €/L","img":"https://fd8-photos.leclercdrive.fr/image.ashx?id=3011566&use=l&cat=p&typeid=i","cat":284594},{"id":278575,"n":"Gel douche Ushuaïa Ylang - Relaxe - 490ml","p":3.87,"u":"7,90 €/L","img":"https://fd8-photos.leclercdrive.fr/image.ashx?id=3011560&use=l&cat=p&typeid=i","cat":284594},{"id":278577,"n":"Crème douche Ushuaïa Coco - 490ml","p":4.13,"u":"8,43 €/L","img":"https://fd8-photos.leclercdrive.fr/image.ashx?id=3011572&use=l&cat=p&typeid=i","cat":284594},{"id":278578,"n":"Gel douche Ushuaïa Minéraux marins - 490ml","p":3.87,"u":"7,90 €/L","img":"https://fd8-photos.leclercdrive.fr/image.ashx?id=3011563&use=l&cat=p&typeid=i","cat":284594},{"id":278579,"n":"Gel douche Ushuaïa Eucalyptus - 280ml","p":2.53,"u":"9,04 €/L","img":"https://fd8-photos.leclercdrive.fr/image.ashx?id=2974408&use=l&cat=p&typeid=i","cat":284594},{"id":278584,"n":"Gel douche Ecopack Ushuaïa Ylang - Relaxe - 500ml","p":3.6,"u":"7,20 €/L","img":"https://fd8-photos.leclercdrive.fr/image.ashx?id=3011575&use=l&cat=p&typeid=i","cat":284594},{"id":278586,"n":"Crème Le Petit Marseillais Lait végétal Multi-usage 360ml","p":6.36,"u":"17,67 €/L","img":"https://fd8-photos.leclercdrive.fr/image.ashx?id=2961026&use=l&cat=p&typeid=i","cat":325350},{"id":278598,"n":"Bière blonde Nos Régions Ont Du Talent - 7° - 75cl","p":2.16,"u":"2,88 €/L","img":"https://fd8-photos.leclercdrive.fr/image.ashx?id=2980474&use=l&cat=p&typeid=i","cat":334872},{"id":278599,"n":"Bière des Ardennes Ambrée - 7.5° - 75cl","p":2.55,"u":"3,40 €/L","img":"https://fd8-photos.leclercdrive.fr/image.ashx?id=2980477&use=l&cat=p&typeid=i","cat":334872},{"id":278680,"n":"Crème extra légère Bridélice Semi-épaisse 4%MG - 3x20cl","p":2.39,"u":"3,98 €/L","img":"https://fd8-photos.leclercdrive.fr/image.ashx?id=2996581&use=l&cat=p&typeid=i","cat":284381},{"id":278725,"n":"Saucisses knacki Herta Sel réduit x4 - 140g","p":1.78,"u":"12,71 €/KG","img":"https://fd8-photos.leclercdrive.fr/image.ashx?id=2965016&use=l&cat=p&typeid=i","cat":316012},{"id":278726,"n":"Saucisses charcutières Herta L'Originale x4 - 280g","p":3.54,"u":"12,64 €/KG","img":"https://fd8-photos.leclercdrive.fr/image.ashx?id=2965010&use=l&cat=p&typeid=i","cat":316012},{"id":278729,"n":"Croque-Monsieur Herta Maxi Mozzarella x2 - 310g","p":2.59,"u":"8,35 €/KG","img":"https://fd8-photos.leclercdrive.fr/image.ashx?id=2965013&use=l&cat=p&typeid=i","cat":333671},{"id":278981,"n":"Fromage Fol Epi  Riche en protéines 6tr - 130g","p":2.35,"u":"0,18 €/MT","img":"https://fd8-photos.leclercdrive.fr/image.ashx?id=2975152&use=l&cat=p&typeid=i","cat":314028},{"id":279003,"n":"Apéri'chaud Richesmonts 140g","p":2.37,"u":"16,93 €/KG","img":"https://fd8-photos.leclercdrive.fr/image.ashx?id=2990484&use=l&cat=p&typeid=i","cat":314027},{"id":279005,"n":"Bûche pur brebis Le Brebiou 130g","p":2.49,"u":"19,15 €/KG","img":"https://fd8-photos.leclercdrive.fr/image.ashx?id=2967043&use=l&cat=p&typeid=i","cat":314031},{"id":279009,"n":"Fromage à tartiner Tartare  Ail & fines herbes 90g","p":1.43,"u":"15,89 €/KG","img":"https://fd8-photos.leclercdrive.fr/image.ashx?id=2967130&use=l&cat=p&typeid=i","cat":314029},{"id":279027,"n":"Cheddar râpé British Heritage Extra mature 12 mois - 150g","p":3.19,"u":"21,27 €/KG","img":"https://fd8-photos.leclercdrive.fr/image.ashx?id=2968418&use=l&cat=p&typeid=i","cat":314035},{"id":279028,"n":"Sauce fromagère Saint-Agur 150g","p":2.67,"u":"17,80 €/KG","img":"https://fd8-photos.leclercdrive.fr/image.ashx?id=2968556&use=l&cat=p&typeid=i","cat":284382},{"id":279032,"n":"Gel douche Ushuaia Gingembre - 280ml","p":2.05,"u":"7,32 €/L","img":"https://fd8-photos.leclercdrive.fr/image.ashx?id=2968337&use=l&cat=p&typeid=i","cat":284594},{"id":279033,"n":"Crème Le Petit Marseillais Lait végétal - 360ml","p":5.86,"u":"16,28 €/L","img":"https://fd8-photos.leclercdrive.fr/image.ashx?id=2966442&use=l&cat=p&typeid=i","cat":325350},{"id":279035,"n":"Savon de Marseille Le Chat 1,7L","p":9.13,"u":"5,37 €/L","img":"https://fd8-photos.leclercdrive.fr/image.ashx?id=2966569&use=l&cat=p&typeid=i","cat":284640},{"id":279036,"n":"Gel douche Ecopack Ushuaïa Minéraux Marins - 500ml","p":3.6,"u":"7,20 €/L","img":"https://fd8-photos.leclercdrive.fr/image.ashx?id=3011581&use=l&cat=p&typeid=i","cat":284594},{"id":279037,"n":"Gel douche Ushuaïa Café vert - 280ml","p":2.04,"u":"7,29 €/L","img":"https://fd8-photos.leclercdrive.fr/image.ashx?id=2966584&use=l&cat=p&typeid=i","cat":284594},{"id":279039,"n":"Crème douche Le Petit Marseillais Huile d'argan 400ml","p":3.01,"u":"7,53 €/L","img":"https://fd8-photos.leclercdrive.fr/image.ashx?id=2966578&use=l&cat=p&typeid=i","cat":284594},{"id":279046,"n":"Lait coprs Le Petit Marseillais L'Original - 250ml","p":3.92,"u":"15,68 €/L","img":"https://fd8-photos.leclercdrive.fr/image.ashx?id=2966581&use=l&cat=p&typeid=i","cat":325349},{"id":279205,"n":"Barres glacées Trium Cacahuètes - 264g","p":2.89,"u":"10,95 €/KG","img":"https://fd8-photos.leclercdrive.fr/image.ashx?id=2966541&use=l&cat=p&typeid=i","cat":284264},{"id":279257,"n":"Macaroni tomate mozza Panzani - 400g","p":2.45,"u":"6,13 €/KG","img":"https://fd8-photos.leclercdrive.fr/image.ashx?id=2968211&use=l&cat=p&typeid=i","cat":284442},{"id":279403,"n":"Macaroni cheese Panzani - 400g","p":2.46,"u":"6,15 €/KG","img":"https://fd8-photos.leclercdrive.fr/image.ashx?id=2967762&use=l&cat=p&typeid=i","cat":284442},{"id":279412,"n":"Spaghetti carbonara Panzani - 400g","p":2.47,"u":"6,18 €/KG","img":"https://fd8-photos.leclercdrive.fr/image.ashx?id=2967759&use=l&cat=p&typeid=i","cat":284442},{"id":279597,"n":"Rouleau papier cadeau Esquisse Happy birthday Rose - 2mx0,7m","p":0.55,"img":"https://fd8-photos.leclercdrive.fr/image.ashx?id=2968643&use=l&cat=p&typeid=i","cat":335914},{"id":279599,"n":"Rouleau papier cadeau Esquisse Carreaux violet fuschia 2mx0,7m","p":0.55,"img":"https://fd8-photos.leclercdrive.fr/image.ashx?id=2968646&use=l&cat=p&typeid=i","cat":335914},{"id":279678,"n":"Biscuit  Mots Doux Vanille - 180g","p":1.89,"u":"10,50 €/KG","img":"https://fd8-photos.leclercdrive.fr/image.ashx?id=2970747&use=l&cat=p&typeid=i","cat":284488},{"id":279679,"n":"Epice ail Albert Menes 80g","p":4.2,"u":"52,50 €/KG","img":"https://fd8-photos.leclercdrive.fr/image.ashx?id=2970936&use=l&cat=p&typeid=i","cat":298297},{"id":279680,"n":"Spaghetti carbonara Panzani 800g","p":3.95,"u":"4,94 €/KG","img":"https://fd8-photos.leclercdrive.fr/image.ashx?id=2970957&use=l&cat=p&typeid=i","cat":284442},{"id":279682,"n":"Macaroni tomate Panzani 800g","p":3.95,"u":"4,94 €/KG","img":"https://fd8-photos.leclercdrive.fr/image.ashx?id=2970960&use=l&cat=p&typeid=i","cat":284442},{"id":279683,"n":"Barre de céréales Nesquick 8x25g","p":2.92,"u":"14,60 €/KG","img":"https://fd8-photos.leclercdrive.fr/image.ashx?id=2971350&use=l&cat=p&typeid=i","cat":300032},{"id":279691,"n":"Skyr végétal Protéiné Alpro Fraise - 400g","p":2.89,"u":"7,23 €/KG","img":"https://fd8-photos.leclercdrive.fr/image.ashx?id=2976089&use=l&cat=p&typeid=i","cat":313736},{"id":279892,"n":"Riz micro-ondable Suzi Wan Korean BBQ - 220g","p":1.75,"u":"7,95 €/KG","img":"https://fd8-photos.leclercdrive.fr/image.ashx?id=2974279&use=l&cat=p&typeid=i","cat":288992},{"id":279899,"n":"Huile de sésame Mei Asia 150ml","p":4.98,"u":"33,20 €/L","img":"https://fd8-photos.leclercdrive.fr/image.ashx?id=2971164&use=l&cat=p&typeid=i","cat":288992},{"id":279904,"n":"Chips de crevettes Mei Asia 50g","p":1.38,"u":"27,60 €/KG","img":"https://fd8-photos.leclercdrive.fr/image.ashx?id=2971176&use=l&cat=p&typeid=i","cat":284447},{"id":280014,"n":"Kit papiers cadeaux Vert - 5 rouleaux+2 bolducs","p":3.1,"img":"https://fd8-photos.leclercdrive.fr/image.ashx?id=2971512&use=l&cat=p&typeid=i","cat":335914},{"id":280025,"n":"Recharge gel lavant mains Le Petit Marseillais Olive 500ml","p":3.14,"u":"6,28 €/L","img":"https://fd8-photos.leclercdrive.fr/image.ashx?id=2985336&use=l&cat=p&typeid=i","cat":284597},{"id":280035,"n":"Nettoyant gel La Croix Multi-usage Citron - 750ml","p":2.07,"u":"2,76 €/L","img":"https://fd8-photos.leclercdrive.fr/image.ashx?id=2971455&use=l&cat=p&typeid=i","cat":325357},{"id":280056,"n":"Rouleau papier cadeau Esquisse Cadeaux Fond bleu - 2m x 0,7m","p":0.55,"img":"https://fd8-photos.leclercdrive.fr/image.ashx?id=2971515&use=l&cat=p&typeid=i","cat":335914},{"id":280061,"n":"Rouleau papier cadeau Esquisse Flocons Fond rouge - 2m x 0,7m","p":0.55,"img":"https://fd8-photos.leclercdrive.fr/image.ashx?id=2971518&use=l&cat=p&typeid=i","cat":335914},{"id":280062,"n":"Rouleau papier cadeau Esquisse Noël Fond vert - 2m x 0,7m","p":0.55,"img":"https://fd8-photos.leclercdrive.fr/image.ashx?id=2971521&use=l&cat=p&typeid=i","cat":335914},{"id":280089,"n":"Crème dessert Danette Saveur Snickers - 4x90g","p":2.49,"u":"6,92 €/KG","img":"https://fd8-photos.leclercdrive.fr/image.ashx?id=2971918&use=l&cat=p&typeid=i","cat":285041},{"id":280091,"n":"Crème dessert Danette Saveur Mars - 4x90g","p":1.87,"u":"5,19 €/KG","img":"https://fd8-photos.leclercdrive.fr/image.ashx?id=2971921&use=l&cat=p&typeid=i","cat":285041},{"id":280092,"n":"Crème dessert Danette Saveur Twix - 4x90g","p":1.86,"u":"5,17 €/KG","img":"https://fd8-photos.leclercdrive.fr/image.ashx?id=2971924&use=l&cat=p&typeid=i","cat":285041},{"id":280146,"n":"Chewing-gum Hollywood 2Fresh Menthe verte 3x22g","p":4.6,"u":"34,85 €/KG","img":"https://fd8-photos.leclercdrive.fr/image.ashx?id=3011968&use=l&cat=p&typeid=i","cat":304251},{"id":280147,"n":"Chewing-gum Hollywood 2fresh Menthe forte 3x22g","p":4.6,"u":"34,85 €/KG","img":"https://fd8-photos.leclercdrive.fr/image.ashx?id=3011971&use=l&cat=p&typeid=i","cat":304251},{"id":280164,"n":"Fois gras de canard entier Jean Larnaudie L'Emblématique 220g","p":31.9,"u":"145,00 €/KG","img":"https://fd8-photos.leclercdrive.fr/image.ashx?id=2971933&use=l&cat=p&typeid=i","cat":316008},{"id":280257,"n":"Chips tortilla Doritos Nature - 227g","p":2.64,"u":"9,71 €/KG","img":"https://fd8-photos.leclercdrive.fr/image.ashx?id=2972937&use=l&cat=p&typeid=i","cat":287899},{"id":280270,"n":"Dessert lacté Vanille Blédina dès 6 mois Mini Lactés - 6x55g","p":1.99,"u":"36,18 €/KG","img":"https://fd8-photos.leclercdrive.fr/image.ashx?id=2972862&use=l&cat=p&typeid=i","cat":312392},{"id":280276,"n":"Dessert lacté Fruits Blédina dès 6 mois Mini Lactés - 12x55g","p":3.84,"u":"5,82 €/KG","img":"https://fd8-photos.leclercdrive.fr/image.ashx?id=2972865&use=l&cat=p&typeid=i","cat":312392},{"id":280418,"n":"Dessert lacté Nature Blédina dès 6 mois - 4x95g","p":1.7,"u":"4,47 €/KG","img":"https://fd8-photos.leclercdrive.fr/image.ashx?id=2972868&use=l&cat=p&typeid=i","cat":312392},{"id":280419,"n":"Dessert lacté Fraise Blédina dès 6 mois - 4x95g","p":1.8,"u":"4,74 €/KG","img":"https://fd8-photos.leclercdrive.fr/image.ashx?id=2972871&use=l&cat=p&typeid=i","cat":312392},{"id":280420,"n":"Dessert lacté Blédina Vanille dès 6 mois - 4x95g","p":1.7,"u":"4,47 €/KG","img":"https://fd8-photos.leclercdrive.fr/image.ashx?id=2972874&use=l&cat=p&typeid=i","cat":312392},{"id":280425,"n":"Dessert lacté Blédina Mangue Pêche dès 6 mois - 4x95g","p":1.8,"u":"4,74 €/KG","img":"https://fd8-photos.leclercdrive.fr/image.ashx?id=2972877&use=l&cat=p&typeid=i","cat":312392},{"id":280474,"n":"Gnocchi à poêler Lustucru Extra moelleux 300g","p":1.7,"u":"5,67 €/KG","img":"https://fd8-photos.leclercdrive.fr/image.ashx?id=2973655&use=l&cat=p&typeid=i","cat":333682},{"id":280483,"n":"Gnocchi à poêler Lustucru Extra chorizo 280g","p":2.47,"u":"8,82 €/KG","img":"https://fd8-photos.leclercdrive.fr/image.ashx?id=2973646&use=l&cat=p&typeid=i","cat":333682},{"id":280487,"n":"Gnocchi à poêler Lustucru star 500g","p":2.98,"u":"5,96 €/KG","img":"https://fd8-photos.leclercdrive.fr/image.ashx?id=2973637&use=l&cat=p&typeid=i","cat":333682},{"id":280488,"n":"Girasoli Lustucru  Extra raclette 250g","p":2.9,"u":"11,60 €/KG","img":"https://fd8-photos.leclercdrive.fr/image.ashx?id=2973640&use=l&cat=p&typeid=i","cat":333682},{"id":280674,"n":"Dessert Nestlé Lait eclats d'amandes - 170g","p":3.31,"u":"19,47 €/KG","img":"https://fd8-photos.leclercdrive.fr/image.ashx?id=2974453&use=l&cat=p&typeid=i","cat":284497},{"id":280717,"n":"Chocolat Lindt Excellence Fusion sel Noir 85% & Lait-100g","p":3.49,"u":"34,90 €/KG","img":"https://fd8-photos.leclercdrive.fr/image.ashx?id=2975810&use=l&cat=p&typeid=i","cat":284956},{"id":280746,"n":"Chocolat Lindt Excellence  Fusion Noir 70% & Lait - 100g","p":3.49,"u":"34,90 €/KG","img":"https://fd8-photos.leclercdrive.fr/image.ashx?id=2975819&use=l&cat=p&typeid=i","cat":284958},{"id":280750,"n":"Chocolat Lindt Excellence Fusion Noir 70% & Blanc - 100g","p":3.49,"u":"34,90 €/KG","img":"https://fd8-photos.leclercdrive.fr/image.ashx?id=2975822&use=l&cat=p&typeid=i","cat":284956},{"id":280778,"n":"Ketchup tomato Heinz cornichon - 250g","p":1.89,"u":"7,56 €/KG","img":"https://fd8-photos.leclercdrive.fr/image.ashx?id=2976176&use=l&cat=p&typeid=i","cat":284455},{"id":280782,"n":"Sauce sweet chili Heinz 260g","p":2.0,"u":"7,69 €/KG","img":"https://fd8-photos.leclercdrive.fr/image.ashx?id=2976101&use=l&cat=p&typeid=i","cat":318431},{"id":280783,"n":"Sauce korean barbecue Heinz 265g","p":2.06,"u":"7,77 €/KG","img":"https://fd8-photos.leclercdrive.fr/image.ashx?id=2976137&use=l&cat=p&typeid=i","cat":318431},{"id":280784,"n":"Mayonnaise  Heinz Srirachamix - 400g","p":3.47,"u":"8,68 €/KG","img":"https://fd8-photos.leclercdrive.fr/image.ashx?id=2976140&use=l&cat=p&typeid=i","cat":318431},{"id":280908,"n":"Pizza DR. Oetker Suprema 5 fromages - 424g","p":4.99,"u":"11,77 €/KG","img":"https://fd8-photos.leclercdrive.fr/image.ashx?id=2993095&use=l&cat=p&typeid=i","cat":284256},{"id":280909,"n":"Pizza DR. Oetker Suprema Salami à la romaine - 425g","p":4.99,"u":"11,74 €/KG","img":"https://fd8-photos.leclercdrive.fr/image.ashx?id=2993092&use=l&cat=p&typeid=i","cat":284256},{"id":280924,"n":"Dentifrice Signal White Now 3en1 White boost charbon 2x75ml","p":6.82,"u":"45,47 €/L","img":"https://fd8-photos.leclercdrive.fr/image.ashx?id=2975677&use=l&cat=p&typeid=i","cat":284612},{"id":280925,"n":"Dentifrice Signal White Now 3en1 - Incontournable 2x75ml","p":8.9,"u":"59,33 €/L","img":"https://fd8-photos.leclercdrive.fr/image.ashx?id=2975680&use=l&cat=p&typeid=i","cat":284612},{"id":280929,"n":"Brassé végétal Andros Framboise lait de coco 6x100g","p":2.42,"u":"4,03 €/KG","img":"https://fd8-photos.leclercdrive.fr/image.ashx?id=2975662&use=l&cat=p&typeid=i","cat":316071},{"id":281128,"n":"Lessive X-tra Total 40 lavages","p":6.37,"u":"3,54 €/L","img":"https://fd8-photos.leclercdrive.fr/image.ashx?id=2976788&use=l&cat=p&typeid=i","cat":284640},{"id":281258,"n":"Bonbons Haribo Les P'tits Chamalows - 150g","p":1.61,"u":"10,73 €/KG","img":"https://fd8-photos.leclercdrive.fr/image.ashx?id=2986200&use=l&cat=p&typeid=i","cat":304250},{"id":281322,"n":"Ratatouille à la Provençale 520g","p":5.9,"u":"11,35 €/KG","img":"https://fd8-photos.leclercdrive.fr/image.ashx?id=2981046&use=l&cat=p&typeid=i","cat":312612},{"id":281323,"n":"Riste d'Aubergines 520g","p":5.9,"u":"11,35 €/KG","img":"https://fd8-photos.leclercdrive.fr/image.ashx?id=2989177&use=l&cat=p&typeid=i","cat":312612},{"id":281353,"n":"Tablette chocolat noir corsé Nestlé Dessert 3x200g","p":8.69,"u":"14,48 €/KG","img":"https://fd8-photos.leclercdrive.fr/image.ashx?id=2978907&use=l&cat=p&typeid=i","cat":284956},{"id":281371,"n":"Lessive liquide Xtra Total 2x63 lavages - 5.670L","p":17.25,"u":"3,04 €/L","img":"https://fd8-photos.leclercdrive.fr/image.ashx?id=2978691&use=l&cat=p&typeid=i","cat":284640},{"id":281376,"n":"Sauce Tradizioni d'Italia Tomate passata di pomodoro 690g","p":1.59,"u":"2,30 €/KG","img":"https://fd8-photos.leclercdrive.fr/image.ashx?id=2977828&use=l&cat=p&typeid=i","cat":287599},{"id":281377,"n":"Ketchup Heinz  zéro sel ajouté - 230g","p":1.9,"u":"8,26 €/KG","img":"https://fd8-photos.leclercdrive.fr/image.ashx?id=2978904&use=l&cat=p&typeid=i","cat":284455},{"id":281383,"n":"Terrine poulet dinde Purina One Chat stérilisé - 4x85g","p":3.22,"u":"9,47 €/KG","img":"https://fd8-photos.leclercdrive.fr/image.ashx?id=2978931&use=l&cat=p&typeid=i","cat":285286},{"id":281397,"n":"Soupe de poissons à la Bretonne Nos Régions ont du Talent 950g","p":2.97,"u":"3,13 €/KG","img":"https://fd8-photos.leclercdrive.fr/image.ashx?id=2977918&use=l&cat=p&typeid=i","cat":285192},{"id":281398,"n":"Soupe de poissons à la Bretonne Nos Régions ont du Talent 490g","p":2.1,"u":"4,29 €/KG","img":"https://fd8-photos.leclercdrive.fr/image.ashx?id=2982359&use=l&cat=p&typeid=i","cat":285192},{"id":281412,"n":"Pep's recette Manhattan Burger Box - 380g","p":5.59,"u":"14,71 €/KG","img":"https://fd8-photos.leclercdrive.fr/image.ashx?id=2979397&use=l&cat=p&typeid=i","cat":333685},{"id":281420,"n":"Pep's recette Mexico Tacos Box 380g","p":5.74,"u":"15,11 €/KG","img":"https://fd8-photos.leclercdrive.fr/image.ashx?id=2979400&use=l&cat=p&typeid=i","cat":333685},{"id":281422,"n":"Pep's recette Roma Pizza Box 380g","p":5.74,"u":"15,11 €/KG","img":"https://fd8-photos.leclercdrive.fr/image.ashx?id=2979403&use=l&cat=p&typeid=i","cat":333685},{"id":281475,"n":"Boisson énergisante Monster Ultra Fantasy sans sucre - 50cl","p":1.68,"u":"3,36 €/L","img":"https://fd8-photos.leclercdrive.fr/image.ashx?id=2986822&use=l&cat=p&typeid=i","cat":284533},{"id":281522,"n":"Boisson végétale Alpro Barista Coco 750ml","p":1.94,"u":"2,59 €/L","img":"https://fd8-photos.leclercdrive.fr/image.ashx?id=2979430&use=l&cat=p&typeid=i","cat":316067},{"id":281524,"n":"Boisson végétale Alpro Avoine 500ml","p":1.1,"u":"2,20 €/L","img":"https://fd8-photos.leclercdrive.fr/image.ashx?id=2986855&use=l&cat=p&typeid=i","cat":316067},{"id":281566,"n":"Aubergines à la Parmesane 520g","p":6.56,"u":"12,62 €/KG","img":"https://fd8-photos.leclercdrive.fr/image.ashx?id=2981043&use=l&cat=p&typeid=i","cat":312612},{"id":282010,"n":"Kinder Surprise  x4 - 80g","p":5.15,"u":"64,38 €/KG","img":"https://fd8-photos.leclercdrive.fr/image.ashx?id=2981373&use=l&cat=p&typeid=i","cat":327592},{"id":282011,"n":"Chocolat Kinder Géant 300g","p":6.87,"u":"22,90 €/KG","img":"https://fd8-photos.leclercdrive.fr/image.ashx?id=2981367&use=l&cat=p&typeid=i","cat":327592},{"id":282269,"n":"Rouleau papier cadeau Esquisse Etoile fond gris - 10mx0,7m","p":2.15,"img":"https://fd8-photos.leclercdrive.fr/image.ashx?id=2982922&use=l&cat=p&typeid=i","cat":335914},{"id":282270,"n":"Rouleau papier cadeau Esquisse Rayures - 10mx0,7m","p":2.15,"img":"https://fd8-photos.leclercdrive.fr/image.ashx?id=2982925&use=l&cat=p&typeid=i","cat":335914},{"id":282271,"n":"Rouleau papier cadeau Esquisse Feuillage - 10mx0,7m","p":2.15,"img":"https://fd8-photos.leclercdrive.fr/image.ashx?id=2982928&use=l&cat=p&typeid=i","cat":335914},{"id":282279,"n":"Papier cadeau Disney Vaiana - 5mx70cm","p":1.8,"img":"https://fd8-photos.leclercdrive.fr/image.ashx?id=2982943&use=l&cat=p&typeid=i","cat":335914},{"id":282280,"n":"Papier cadeau Disney Bambi Roi Lion 5mx70cm","p":1.8,"img":"https://fd8-photos.leclercdrive.fr/image.ashx?id=2982946&use=l&cat=p&typeid=i","cat":335914},{"id":282364,"n":"Ariel grandiose pods couleurs  éclatantes 21lav - 0,762kg","p":12.41,"u":"16,29 €/KG","img":"https://fd8-photos.leclercdrive.fr/image.ashx?id=2985642&use=l&cat=p&typeid=i","cat":284641},{"id":282366,"n":"Lessive liquide X-tra Total Fraicheur Alpine 40lav - 1,8L","p":8.49,"u":"4,72 €/L","img":"https://fd8-photos.leclercdrive.fr/image.ashx?id=2984200&use=l&cat=p&typeid=i","cat":284640},{"id":282381,"n":"Serviettes hygièniques Vania Maxi Nuit - x10","p":2.23,"u":"0,22 €/P","img":"https://fd8-photos.leclercdrive.fr/image.ashx?id=2985339&use=l&cat=p&typeid=i","cat":284624},{"id":282711,"n":"Lessive poudre Persil Bouquet de Provence 3.19kg","p":12.87,"u":"4,03 €/KG","img":"https://fd8-photos.leclercdrive.fr/image.ashx?id=2985666&use=l&cat=p&typeid=i","cat":284642},{"id":282718,"n":"Lessive liquide Tout en 1 Skip Extra détachant - 1.554L x37","p":12.66,"u":"8,15 €/L","img":"https://fd8-photos.leclercdrive.fr/image.ashx?id=2985672&use=l&cat=p&typeid=i","cat":284640},{"id":282721,"n":"Lessive liquide Persil Bouquet de Provence 1.092L x26","p":5.27,"u":"4,83 €/L","img":"https://fd8-photos.leclercdrive.fr/image.ashx?id=2985675&use=l&cat=p&typeid=i","cat":284640},{"id":282733,"n":"Lessive liquide Skip Cycle Court Cristal blancheur - 1.48L","p":10.29,"u":"6,95 €/L","img":"https://fd8-photos.leclercdrive.fr/image.ashx?id=2985678&use=l&cat=p&typeid=i","cat":284640},{"id":282905,"n":"Papier cadeau Maena Merry Christmas - 2x0.7M","p":1.25,"img":"https://fd8-photos.leclercdrive.fr/image.ashx?id=2988975&use=l&cat=p&typeid=i","cat":335914},{"id":282907,"n":"Papier cadeau Maena Ho Ho Ho ! Fond rouge 2x0.7M","p":1.25,"img":"https://fd8-photos.leclercdrive.fr/image.ashx?id=2988978&use=l&cat=p&typeid=i","cat":335914},{"id":282919,"n":"Papier cadeau Maena Houx - 2x0.7m","p":1.25,"img":"https://fd8-photos.leclercdrive.fr/image.ashx?id=2988996&use=l&cat=p&typeid=i","cat":335914},{"id":282946,"n":"Lessive Xt-tra Total Marseille Aloe vera - 1.8L x40","p":8.49,"u":"4,72 €/L","img":"https://fd8-photos.leclercdrive.fr/image.ashx?id=2985030&use=l&cat=p&typeid=i","cat":284640},{"id":283524,"n":"Poivrons tricolores Panier du Primeur x3","p":2.49,"u":"0,83 €/P","img":"https://fd8-photos.leclercdrive.fr/image.ashx?id=2987653&use=l&cat=p&typeid=i","cat":284352},{"id":283534,"n":"Les tranches Fleury Michon Lentilles Corail x6 - 180g","p":2.8,"u":"15,56 €/KG","img":"https://fd8-photos.leclercdrive.fr/image.ashx?id=2988454&use=l&cat=p&typeid=i","cat":316036},{"id":283535,"n":"Les tranches Fleury Michon Haricots rouges x4 - 120g","p":2.0,"u":"16,67 €/KG","img":"https://fd8-photos.leclercdrive.fr/image.ashx?id=3000075&use=l&cat=p&typeid=i","cat":316036},{"id":283536,"n":"Macaroni poulet Fleury Michon sauce moutarde - 280g","p":2.49,"u":"8,89 €/KG","img":"https://fd8-photos.leclercdrive.fr/image.ashx?id=2988451&use=l&cat=p&typeid=i","cat":333665},{"id":283537,"n":"Dahl de lentilles Fleury Michon Sauce coco et riz - 300g","p":2.67,"u":"8,90 €/KG","img":"https://fd8-photos.leclercdrive.fr/image.ashx?id=2988448&use=l&cat=p&typeid=i","cat":333665},{"id":283554,"n":"Thon en morceaux Eco+ 280g","p":2.09,"u":"7,46 €/KG","img":"https://fd8-photos.leclercdrive.fr/image.ashx?id=2987656&use=l&cat=p&typeid=i","cat":303867},{"id":283693,"n":"Pochette cadeau Esquisse Happy birthday - 26x13x32 cm","p":0.75,"img":"https://fd8-photos.leclercdrive.fr/image.ashx?id=2989014&use=l&cat=p&typeid=i","cat":335914},{"id":283695,"n":"Sac cadeau Noël Esquisse Blanc - 32x14x40cm","p":0.95,"img":"https://fd8-photos.leclercdrive.fr/image.ashx?id=2989017&use=l&cat=p&typeid=i","cat":335914},{"id":283831,"n":"Oranges Eco+ 1.5kg","p":1.99,"u":"1,33 €/KG","img":"https://fd8-photos.leclercdrive.fr/image.ashx?id=2987650&use=l&cat=p&typeid=i","cat":284356},{"id":284137,"n":"Gel douche Tahiti  Vanille & amande - 3x250ml","p":5.76,"u":"7,68 €/L","img":"https://fd8-photos.leclercdrive.fr/image.ashx?id=2993170&use=l&cat=p&typeid=i","cat":284594},{"id":284140,"n":"Gel douche Tahiti Coco et jasmin - 3x250ml","p":5.76,"u":"7,68 €/L","img":"https://fd8-photos.leclercdrive.fr/image.ashx?id=2993167&use=l&cat=p&typeid=i","cat":284594},{"id":284149,"n":"AOP vin rouge Antoine Barrier Beaujolais nouveau - 75cl","p":3.84,"u":"5,12 €/L","img":"https://fd8-photos.leclercdrive.fr/image.ashx?id=2993313&use=l&cat=p&typeid=i","cat":289556},{"id":284152,"n":"AOP vin rouge Antoine Barrier  Beaujolais Village nouveau 75cl","p":4.49,"u":"5,99 €/L","img":"https://fd8-photos.leclercdrive.fr/image.ashx?id=2992624&use=l&cat=p&typeid=i","cat":289556},{"id":284296,"n":"Masque Le Petit Marseillais  4 en 1 Hydratation -370ml","p":5.1,"u":"13,78 €/L","img":"https://fd8-photos.leclercdrive.fr/image.ashx?id=2992140&use=l&cat=p&typeid=i","cat":284608},{"id":284476,"n":"Lait peau déshydratée Le Petit Marseillais Noix de coco -250ml","p":3.13,"u":"12,52 €/L","img":"https://fd8-photos.leclercdrive.fr/image.ashx?id=2992954&use=l&cat=p&typeid=i","cat":325349},{"id":284636,"n":"AOP Pouilly Fuissée Rouge Nos Vignerons Ont Du Talent - 75cl","p":19.95,"u":"26,60 €/L","img":"https://fd8-photos.leclercdrive.fr/image.ashx?id=2993597&use=l&cat=p&typeid=i","cat":289556},{"id":284884,"n":"AOP Champagne Montaudon Brut Tradition avec cone 75cl","p":19.9,"u":"26,53 €/L","img":"https://fd8-photos.leclercdrive.fr/image.ashx?id=2999580&use=l&cat=p&typeid=i","cat":284542},{"id":285020,"n":"Bûche signature Eskiss Vanille pistache 480g","p":5.59,"u":"11,65 €/KG","img":"https://fd8-photos.leclercdrive.fr/image.ashx?id=2994912&use=l&cat=p&typeid=i","cat":284266},{"id":285313,"n":"Chataignes entières d'Ardèche Nos Régions ont du Talent 200g","p":4.5,"u":"22,50 €/KG","img":"https://fd8-photos.leclercdrive.fr/image.ashx?id=2995911&use=l&cat=p&typeid=i","cat":284356},{"id":285382,"n":"Pochette cadeau Esquisse Happy Birthday - 118x10x23cm","p":0.55,"img":"https://fd8-photos.leclercdrive.fr/image.ashx?id=2996146&use=l&cat=p&typeid=i","cat":335914},{"id":285685,"n":"Eponge grattante Mamison Multi-usages - x9","p":2.6,"img":"https://fd8-photos.leclercdrive.fr/image.ashx?id=2997745&use=l&cat=p&typeid=i","cat":284667},{"id":285723,"n":"Soin sans rincer Elseve  Cheveux longs - 2x200ml","p":12.49,"u":"31,23 €/L","img":"https://fd8-photos.leclercdrive.fr/image.ashx?id=2997814&use=l&cat=p&typeid=i","cat":284608},{"id":285735,"n":"Masque Elseve Hyaluronic  2x310ml","p":12.49,"u":"20,15 €/L","img":"https://fd8-photos.leclercdrive.fr/image.ashx?id=2997817&use=l&cat=p&typeid=i","cat":284608},{"id":285737,"n":"Shampooing Elseve Color Vive Restage - 2x500ml","p":14.64,"u":"14,64 €/L","img":"https://fd8-photos.leclercdrive.fr/image.ashx?id=2997823&use=l&cat=p&typeid=i","cat":284606},{"id":286200,"n":"Pack Nettoyant ménager et  Recharge Cif 870ml","p":8.14,"u":"9,36 €/L","img":"https://fd8-photos.leclercdrive.fr/image.ashx?id=2999601&use=l&cat=p&typeid=i","cat":325357},{"id":286205,"n":"Pack nettoyant ménager et  Recharge Cif 870ml","p":8.38,"u":"9,63 €/L","img":"https://fd8-photos.leclercdrive.fr/image.ashx?id=2999604&use=l&cat=p&typeid=i","cat":325357},{"id":286220,"n":"Pack nettoyant ménager et Recharge Cif 870ml","p":8.32,"u":"9,56 €/L","img":"https://fd8-photos.leclercdrive.fr/image.ashx?id=2999607&use=l&cat=p&typeid=i","cat":325357},{"id":286221,"n":"Dentifrice Colgate Max White Expert Original 2x75ml","p":9.4,"u":"62,67 €/L","img":"https://fd8-photos.leclercdrive.fr/image.ashx?id=2999598&use=l&cat=p&typeid=i","cat":284612},{"id":286245,"n":"Bûche glacée Pilpa Vanille caramel spéculoos 534g","p":5.27,"u":"9,87 €/KG","img":"https://fd8-photos.leclercdrive.fr/image.ashx?id=3000039&use=l&cat=p&typeid=i","cat":284266},{"id":286365,"n":"Cocktail créoles Madrange 340g","p":3.69,"u":"10,85 €/KG","img":"https://fd8-photos.leclercdrive.fr/image.ashx?id=2999967&use=l&cat=p&typeid=i","cat":316012},{"id":286501,"n":"Magret de canard en tournedos Foie gras du Sud ouest - 270g","p":12.5,"u":"46,30 €/KG","img":"https://fd8-photos.leclercdrive.fr/image.ashx?id=2999808&use=l&cat=p&typeid=i","cat":319780},{"id":286871,"n":"Soda Coca-Cola 4x1.75L","p":9.54,"u":"1,36 €/L","img":"https://fd8-photos.leclercdrive.fr/image.ashx?id=3014865&use=l&cat=p&typeid=i","cat":284530},{"id":286890,"n":"Mini quiches Côté Table x15 - 270g","p":5.5,"u":"20,37 €/KG","img":"https://fd8-photos.leclercdrive.fr/image.ashx?id=3001903&use=l&cat=p&typeid=i","cat":319774},{"id":286898,"n":"Mini boudins blancs Madrange 340g","p":3.79,"u":"11,15 €/KG","img":"https://fd8-photos.leclercdrive.fr/image.ashx?id=3003194&use=l&cat=p&typeid=i","cat":316012},{"id":287029,"n":"Crème dessert Danette Saveur Poire Belle Hélène 4x90g","p":2.32,"u":"6,44 €/KG","img":"https://fd8-photos.leclercdrive.fr/image.ashx?id=3004783&use=l&cat=p&typeid=i","cat":285041},{"id":287031,"n":"Yaourt Activia Fibre  Pomme 4x115g","p":2.59,"u":"5,63 €/KG","img":"https://fd8-photos.leclercdrive.fr/image.ashx?id=3004801&use=l&cat=p&typeid=i","cat":315000},{"id":287041,"n":"Skyr Danone onctueux Fraise - 450g","p":2.15,"u":"4,78 €/KG","img":"https://fd8-photos.leclercdrive.fr/image.ashx?id=3004795&use=l&cat=p&typeid=i","cat":315000},{"id":287042,"n":"Skyr Danone onctueux Vanille - 450g","p":2.15,"u":"4,78 €/KG","img":"https://fd8-photos.leclercdrive.fr/image.ashx?id=3004798&use=l&cat=p&typeid=i","cat":315000},{"id":287043,"n":"Crème dessert protéinée Hipro Saveur pistache - 180g","p":1.6,"u":"8,89 €/KG","img":"https://fd8-photos.leclercdrive.fr/image.ashx?id=3004792&use=l&cat=p&typeid=i","cat":285041},{"id":287258,"n":"Chocolat Poulain 450g","p":3.45,"u":"7,67 €/KG","img":"https://fd8-photos.leclercdrive.fr/image.ashx?id=3005137&use=l&cat=p&typeid=i","cat":293235},{"id":287262,"n":"Chocolat en poudre Poulain 800g","p":5.69,"u":"7,11 €/KG","img":"https://fd8-photos.leclercdrive.fr/image.ashx?id=3005140&use=l&cat=p&typeid=i","cat":293235},{"id":287263,"n":"Chocolat en poudre Poulain 450g","p":3.07,"u":"6,82 €/KG","img":"https://fd8-photos.leclercdrive.fr/image.ashx?id=3005143&use=l&cat=p&typeid=i","cat":293235},{"id":287310,"n":"Paprika fumé Sainte Lucie 48g","p":2.24,"u":"46,67 €/KG","img":"https://fd8-photos.leclercdrive.fr/image.ashx?id=3004843&use=l&cat=p&typeid=i","cat":298297},{"id":287316,"n":"Paprika Albert Menes Doux - 75g","p":3.75,"u":"50,00 €/KG","img":"https://fd8-photos.leclercdrive.fr/image.ashx?id=3004864&use=l&cat=p&typeid=i","cat":284457},{"id":287340,"n":"Café en grain Segafredo 1kg","p":16.29,"u":"16,29 €/KG","img":"https://fd8-photos.leclercdrive.fr/image.ashx?id=3005362&use=l&cat=p&typeid=i","cat":293237},{"id":287482,"n":"Soda Coca-Cola Zéro 4x1,75L","p":6.93,"u":"0,99 €/L","img":"https://fd8-photos.leclercdrive.fr/image.ashx?id=3009668&use=l&cat=p&typeid=i","cat":284530},{"id":287535,"n":"Soufflés Curly Extra Cheese  90g","p":1.11,"u":"12,33 €/KG","img":"https://fd8-photos.leclercdrive.fr/image.ashx?id=3005570&use=l&cat=p&typeid=i","cat":284449},{"id":287560,"n":"Déodorant Axe Supreme Dark Temptation 2x200ml","p":6.97,"pp":4.88,"u":"12,20 €/L","img":"https://fd8-photos.leclercdrive.fr/image.ashx?id=3006205&use=l&cat=p&typeid=i","cat":284618},{"id":287806,"n":"Boudin blanc Bahier Nature 3x125g","p":3.84,"u":"10,24 €/KG","img":"https://fd8-photos.leclercdrive.fr/image.ashx?id=3008197&use=l&cat=p&typeid=i","cat":316012},{"id":287847,"n":"Café L'Or Ouganda kenya en grains - 500g","p":12.13,"u":"24,26 €/KG","img":"https://fd8-photos.leclercdrive.fr/image.ashx?id=3009272&use=l&cat=p&typeid=i","cat":293237},{"id":287850,"n":"Café en grains L'Or Bresil colombie - 500g","p":12.13,"u":"24,26 €/KG","img":"https://fd8-photos.leclercdrive.fr/image.ashx?id=3009269&use=l&cat=p&typeid=i","cat":293237},{"id":288463,"n":"Cheddar Kraft 150g","p":2.85,"u":"19,00 €/KG","img":"https://fd8-photos.leclercdrive.fr/image.ashx?id=3010245&use=l&cat=p&typeid=i","cat":314028},{"id":288907,"n":"Saumon d'Ecosse Mowi x12 - 310g","p":14.9,"u":"48,06 €/KG","img":"https://fd8-photos.leclercdrive.fr/image.ashx?id=3011344&use=l&cat=p&typeid=i","cat":316029},{"id":288909,"n":"Saumon fumé Mowi Norvège - x12 - 360g","p":14.9,"u":"41,39 €/KG","img":"https://fd8-photos.leclercdrive.fr/image.ashx?id=3011341&use=l&cat=p&typeid=i","cat":285188}]}